4462 6434
665 383 784 442 435

665 515 815 570 hanc
847 515 1051 570 habuit
1079 514 1351 570 ancillam
1384 514 1612 570 Rachel.
1650 515 1729 570 De
1768 520 1957 570 vetere
1990 514 2209 586 quippe
2241 513 2317 567 vi-

664 608 726 659 ta
756 604 1090 659 carnalibus
1108 604 1378 659 sensibus
1395 604 1592 658 dedita
1608 620 1895 675 corporea
1916 604 2311 659 concitantur1

668 693 978 765 imagines,
1012 694 1184 748 etiam
1217 710 1350 748 cum
1374 692 1594 764 aliquid
1620 693 1688 747 de
1715 692 2004 764 spirituali
2028 690 2321 747 etincom-

668 780 938 837 mutabili
972 782 1309 837 substantia
1338 781 1657 837 divinitatis
1688 782 1947 835 auditur.

742 870 973 925 CAPUT
1006 872 1119 925 LV.
1155 902 1222 910 —
1247 870 1503 942 Suscipit
1535 875 1590 925 et
1624 870 1725 925 Lia
1758 871 1828 925 de
1868 868 2078 924 ancilla
2108 886 2215 924 sua
2253 868 2325 922 ﬂ-

670 952 807 1024 lios,
841 975 1038 1015 amore
1070 960 1349 1016 habendae
1388 959 1805 1014 numerosioris
1836 958 2014 1030 prolis
2064 973 2329 1011 accensa.

683 1050 1019 1105 Invenimus
1039 1048 1514 1120 autemZelpham
1530 1049 1577 1118 ej
1591 1067 1656 1103 us
1670 1047 1942 1103 ancillam
1961 1044 2334 1118 interpretari

674 1135 750 1193 Os
781 1137 975 1192 hians.
1012 1138 1386 1209 Quapropter
1417 1138 1473 1191 in
1509 1137 1975 1208 praedicationem
2012 1135 2333 1190 {ideievan-

676 1225 870 1298 gelicae
901 1242 1149 1297 quorum
1180 1243 1241 1280 os
1262 1226 1385 1281 hiat
1423 1230 1479 1280 et
1510 1242 1608 1280 cor
1629 1242 1741 1279 non
1766 1224 1909 1294 hiat,
1937 1241 2068 1279 cum
2095 1224 2153 1278 in
2176 1224 2335 1279 Scri-

680 1315 871 1386 pturis
911 1315 1351 1385 adverterimus,
1392 1315 1511 1369 haec
1545 1313 1889 1385 intelligitur
1937 1313 2151 1369 ancilla
2204 1312 2334 1366 [κίχε.

680 1403 969 1474 Scriptum
993 1407 1076 1458 est
1096 1404 1250 1458 enim
1283 1404 1352 1457 de
1379 1402 1737 1473 quibusdam
1766 1403 2043 1473 :Populus
2064 1404 2157 1457 hic
2174 1402 2339 1455 labiis

686 1508 774 1547 me
803 1492 1071 1553 honorat;
1102 1508 1194 1547 cor
1223 1501 1410 1549 autem
1441 1508 1628 1547 eorum
1682 1491 1842 1561 longe
1880 1495 1955 1547 est
1985 1509 2018 1545 a
2048 1508 2135 1545 me
2183 1492 2337 1555 (lsai.

685 1597 838 1650 xxxx,
866 1582 974 1647 13).
1009 1580 1078 1635 Et
1107 1580 1326 1636 talibus
1365 1580 1683 1651 Apostolus
1730 1580 1905 1635 dicit:
1943 1581 2052 1649 Qui
2068 1580 2339 1651 praedicas

684 1685 794 1725 non
825 1669 1133 1739 furandum
1154 1670 1405 1738 furoris,-
1435 1671 1530 1740 qui
1559 1669 1699 1723 dicis
1727 1684 1839 1724 non
1886 1668 2338 1735 adulterandum,

687 1757 971 1813 adulteras
1004 1759 1174 1829 (Rom.
1223 1776 1281 1823 ιι,
1312 1760 1403 1827 21,
1434 1760 1546 1825 22).
1582 1758 1999 1813 Verumtamen
2046 1763 2109 1812 ut
2161 1758 2338 1812 etiam

688 1864 791 1918 per
820 1848 970 1902 hanc
1005 1848 1454 1903 conditionalem
1475 1849 1496 1881 ²
1536 1847 1719 1902 libera
1751 1846 1851 1901 illa
1876 1865 2019 1901 uxor
2046 1847 2222 1903 Jacob
2254 1846 2341 1901 la-

689 1937 904 1992 borans
935 1936 1087 1991 ﬁlios
1110 1937 1370 1992 haeredes
1394 1936 1554 2007 regni
1581 1935 1885 2006 suscipiat,
1913 1936 2038 1990 ideo
2062 1934 2343 1991 Dominus

690 2026 870 2081 dicit:
904 2027 1045 2095 Qum
1074 2025 1263 2079 dicunt
1290 2027 1491 2095 facile;
1521 2042 1641 2097 qum
1672 2028 1857 2079 autem
1883 2027 2121 2095 faciunt,
2165 2026 2345 2093 facere

687 2114 859 2168 nolite
889 2113 1097 2185 (Matth.
1129 2130 1287 2179 XXIII,
1320 2114 1394 2184 3).
1430 2113 1590 2169 Unde
1616 2114 1673 2169 in
1735 2112 1931 2169 labore
1974 2113 2340 2167 vinculorum

689 2202 806 2257 vita
836 2202 1173 2274 apostolica,
1205 2203 1347 2267 Sive,
1383 2203 1593 2275 inquit,
1626 2205 1924 2272 occasione,
1953 2205 2066 2257 sive
2114 2204 2345 2257 veritate

694 2291 949 2348 Christus
977 2293 1360 2356 annuntietur,
1392 2296 1443 2346 et
1476 2294 1535 2346 in
1566 2292 1663 2346 hoc
1691 2291 1917 2362 gaudeo,
1948 2293 2043 2346 sed
2069 2295 2122 2345 et
2141 2290 2344 2361 gaude-

700 2383 770 2439 bo
801 2382 1070 2452 (Philipp.
1104 2398 1143 2451 ι,
1180 2382 1266 2452 18)
1289 2407 1302 2437 :
1327 2387 1606 2452 tanquam
1638 2386 1695 2437 et
1725 2380 1937 2436 ancilla
1967 2381 2225 2453 pariente
2276 2380 2346 2433 de

699 2470 860 2544 prole
892 2470 1286 2526 numerosiora
1319 2470 1528 2525 laetata.

770 2560 1001 2616 CAPUT
1033 2560 1172 2615 LIV.
1205 2592 1276 2600 —
1306 2561 1405 2615 Est
1435 2577 1567 2615 vero
1598 2559 1833 2630 quidam
1891 2558 2005 2613 Liaa
2070 2558 2220 2613 fetus
2278 2574 2347 2612 ex

694 2650 972 2706 beneficio
993 2648 1203 2704 Rachel
1228 2649 1442 2715 editus,
1470 2666 1603 2703 cum
1628 2649 1818 2702 virum
1842 2664 2014 2702 suum
2035 2664 2233 2702 secum
2252 2647 2347 2701 de-

694 2740 817 2795 bita
840 2744 1005 2794 nocte
1025 2738 1381 2803 cubiturum,
1404 2739 1653 2808 acceptis
1670 2755 1703 2792 a
1723 2737 1841 2791 ﬁlio
1860 2737 1967 2791 Line
1992 2736 2345 2806 mandrago-

691 2828 829 2883 ricis
860 2827 1053 2893 malis,
1086 2844 1219 2882 cum
1253 2843 1450 2882 sorore
1483 2827 1699 2882 cubare
1730 2826 2017 2898 permittit
2036 2825 2077 2878 ³.
2113 2825 2193 2879 De
2237 2823 2346 2878 hoc

688 2923 887 2972 autem
910 2916 1067 2988 pomi
1094 2932 1301 2987 genere
1334 2915 1560 2987 Opinari
1595 2916 1879 2986 quosdam
1900 2914 2039 2979 scio,
2064 2914 2217 2986 quod
2250 2928 2346 2967 ac-

687 3011 918 3078 ceptum
942 3006 1001 3059 in
1023 3021 1217 3060 escam
1242 3004 1544 3059 sterilibus
1568 3004 1800 3060 feminis
1816 3004 2226 3058 fecunditatem
2243 3018 2345 3073 pa-

686 3095 764 3150 rit
783 3110 871 3161 ;ac
889 3111 993 3165 par
1008 3093 1117 3149 hoc
1130 3098 1341 3165 putant
1363 3094 1518 3147 omni
1546 3094 1719 3149 modo
1736 3093 2020 3148 institisse
2038 3090 2349 3157 Rachel,ut

685 3183 796 3239 hoc
826 3200 860 3238 a
890 3182 1009 3237 tilio
1042 3183 1255 3238 sororis
1314 3182 1607 3254 acciperet
1668 3181 1992 3254 cupiditate
2046 3180 2343 3253 pariendi:

686 3273 837 3345 quod
861 3288 965 3344 ego
1001 3289 1115 3327 non
1161 3272 1495 3339 arbitrarer,
1528 3288 1635 3327 nec
1662 3271 1710 3326 si
1734 3276 1875 3326 tunc
1926 3270 2344 3342 concepisset‘.

686 3362 853 3420 Nunc
875 3378 1008 3417 vero
1031 3379 1163 3417 cum
1190 3367 1320 3434 post
1343 3361 1453 3416 Liae
1480 3362 1625 3416 duos
1652 3360 1801 3415 alios
1825 3359 1895 3414 ab
1923 3359 2023 3415 illa
2043 3364 2211 3414 nocte
2224 3376 2351 3431 par-

687 3457 808 3522 tus,
831 3452 1116 3507 Dominus
1138 3468 1264 3506 eam
1297 3450 1455 3520 prole
1481 3450 1804 3516 donaverit,
1830 3448 1976 3503 nihil
2027 3453 2116 3503 est
2146 3464 2251 3503 cur
2279 3449 2349 3503 de

690 3541 1081 3612 mandragora
1113 3540 1227 3596 tale
1253 3540 1471 3610 aliquid
1500 3540 1891 3612 suspicemur,
1913 3540 2084 3609 quale
2104 3538 2163 3592 in
2188 3536 2350 3592 nulla

690 3630 909 3685 femina
938 3630 1159 3702 experti
1188 3646 1418 3685 sumus.
1456 3628 1656 3684 Dicam
1688 3644 1825 3701 ergo
1857 3628 1997 3699 quid
2053 3628 2303 3682 sentiam
2332 3643 2345 3680 :

692 3718 885 3773 dicent
915 3718 1050 3773 hinc
1082 3718 1228 3773 forte
1261 3718 1505 3773 meliora
1535 3718 1843 3773 doctiores.
1877 3716 2020 3771 Cum
2037 3715 2191 3770 enim
2226 3714 2347 3769 haec

693 3806 849 3861 mala
879 3807 1005 3878 ipse
1034 3806 1331 3878 vidissem,
1365 3812 1421 3861 et
1451 3810 1687 3878 propter
1724 3806 1902 3860 istum
1934 3804 2130 3876 ipsum
2177 3820 2347 3859 sacrae

692 3894 959 3950 lectionis
992 3894 1185 3951 locum
1220 3896 1271 3949 id
1308 3894 1451 3949 mihi
1496 3893 1775 3965 obtigisse
1819 3893 2149 3965 gratularer
2199 3892 2351 3963 (rara

690 3983 847 4041 enim
894 3999 985 4038 res
1018 3988 1145 4052 est),
1180 3988 1447 4038 naturam
1480 4000 1683 4038 eorum
1720 3982 2047 4054 diligenter,
2068 3986 2346 4053 quantum

690 4072 874 4143 potui,
930 4078 1334 4144 perscrutatus
1367 4089 1496 4127 sum
1546 4091 1559 4128 :
1596 4090 1710 4127 non
1743 4072 1940 4143 aliqua
1969 4089 2002 4126 a
2050 4072 2347 4126 communi

693 4179 871 4218 sensu
893 4163 1206 4218 remotiore
1228 4163 1628 4234 scientia,quaa
1642 4163 1809 4217 docet
1821 4161 2067 4217 virtutes
2082 4161 2345 4215 radicum

696 4254 754 4306 et
771 4256 1087 4323 potestates
1104 4253 1415 4307 herbarum
1428 4253 1546 4319 ;sed
1572 4256 1859 4324 quantum
1879 4250 2021 4305 mihi
2034 4255 2091 4305 et
2109 4250 2350 4306 cuilibet

696 4339 921 4394 homini
952 4341 1327 4396 renuntiabat
1355 4342 1538 4405 visus,
1568 4345 1625 4395 et
1667 4340 1939 4405 olfactus,
2001 4343 2059 4395 et
2114 4346 2344 4411 gustus.

701 4427 944 4484 Proinde
966 4447 1086 4485 rem
1111 4430 1363 4501 comperi
1381 4430 1684 4501 pulchram
1708 4434 1765 4484 et
1797 4428 2350 4496 suaveolentem,sa-

700 4533 839 4589 pore
862 4522 1055 4573 autem
1087 4519 1375 4590 insipido:
1410 4525 1466 4574 et
1493 4518 1622 4574 ideo
1653 4536 1757 4574 cur
1787 4535 1916 4574 eam
1951 4517 2165 4573 mulier
2194 4522 2347 4574 tant-

702 4621 875 4677 opere
906 4608 1319 4679 concupiverit,
1354 4608 1622 4679 ignorare
1648 4623 1740 4662 me
1796 4607 1998 4674 fateor,
2042 4606 2152 4662 nisi
2204 4607 2349 4663 forte

704 4699 941 4766 propter
959 4697 1117 4766 pomi
1140 4697 1460 4763 raritatem,
1482 4701 1537 4751 et
1558 4696 1779 4766 odorisj
1791 4694 2210 4752 ucunditatem.
2234 4696 2351 4753 Cur

701 4799 836 4839 vero
858 4784 1041 4855 ipsam
1068 4802 1187 4841 rem
1211 4790 1435 4858 gestam
1455 4789 1660 4840 sancta
1692 4786 1988 4856 Scriptura
2025 4790 2214 4841 tacere
2245 4802 2347 4841 n0-

700 4873 1028 4945 luerit,quae
1053 4892 1165 4931 non
1186 4874 1383 4946 utique
1401 4873 1538 4929 talia
1560 4874 1848 4930 desideria
1867 4873 2347 4931 muliercularum

700 4964 868 5018 nobis
903 4981 1005 5035 pro
1038 4981 1250 5037 magno
1281 4964 1581 5019 insinuare
1612 4968 1860 5030 curaret,
1898 4962 2009 5018 nisi
2041 4963 2261 5035 aliquid
2288 4965 2346 5019 in

696 5052 782 5108 eis
812 5070 1093 5125 magnum
1128 5070 1386 5124 quaerere
1426 5058 1837 5123 commoneret,
1898 5050 2044 5107 nihil
2094 5052 2347 5124 amplius

697 5141 983 5211 conjicere
1012 5141 1195 5210 valeo,
1229 5158 1409 5213 quam
1441 5142 1595 5213 quod
1623 5158 1691 5197 ex
1722 5139 1819 5195 illo
1851 5142 2146 5196 communi
2169 5158 2347 5198 sensu

698 5229 843 5285 mihi
866 5231 1219 5303 suggeritur,
1245 5236 1309 5285 ut
1330 5229 1427 5286 illo
1448 5230 1886 5303 mandragorico
1910 5246 2081 5302 pomo
2113 5230 2349 5302 ﬁgurari

759 5419 784 5497 ξ
813 5426 1009 5497 ρωηειι
1034 5438 1199 5497 prope
1230 5430 1345 5473 Mss.
1376 5425 1596 5497 habent,
1628 5426 1939 5497 cogitantur.

764 5489 785 5523 ³
814 5487 959 5542 Lov..
988 5487 1348 5537 conditionem.
1376 5491 1456 5539 At.
1520 5490 1636 5539 Am.
1688 5487 1779 5538 Er.
1837 5493 1891 5538 et
1949 5488 2117 5538 nostri
2161 5502 2350 5538 omnes

706 5549 853 5613 Mss,
884 5551 1281 5599 conditionalem
1302 5567 1321 5601 :
1351 5551 1599 5613 intellige,
1631 5552 1870 5602 ancillam
1896 5552 1965 5599 Os
1997 5551 2253 5600 hiantem.

770 5615 790 5648 3
816 5612 941 5677 Amr
962 5614 1055 5677 ,Er.
1084 5619 1134 5661 et
1163 5615 1327 5663 nostri
1360 5614 1500 5673 Mss.,
1526 5612 1759 5663 cubitare
1785 5615 2056 5677 permittit.

741 5677 797 5746 If
819 5675 937 5723 Sola
958 5676 1259 5746 Erasmiana
1290 5678 1470 5735 aditio.
1501 5678 1640 5741 quod
1684 5675 1797 5741 ego‘
1822 5690 2020 5740 quoque
2039 5675 2346 5733 arbitrarer,

706 5739 751 5790 si
779 5739 898 5787 tunc
926 5740 1242 5803 concepisset.

1426 382 1743 443 CONTRA
1787 381 2161 443 FAUS'I‘UM
2212 380 2739 454 MANICHJEUM,
2788 382 2853 440 S.
2893 379 3317 443 AUGUSTINI

3972 380 4090 438 436

2427 512 2751 585 intelligam
2785 514 3001 568 famam
3035 513 3249 568 bonam
3274 530 3286 567 :
3318 529 3433 567 non
3455 528 3581 567 eam
3607 528 3734 583 quae
3759 512 4083 577 confertur,

2431 618 2563 657 cum
2596 602 2839 657 laudant
2869 602 3166 658 hominem
3192 602 3523 674 paucijusti
3552 606 3730 673 atque
3755 601 4088 672 sapientes;

2433 691 2532 745 sed
2561 690 2715 745 illam
2742 690 3101 763 popularem,
3128 708 3245 763 qua
3270 692 3445 745 etiam
3472 692 3658 760 major
3675 694 3733 745 et
3759 689 3974 745 clarior
3995 707 4096 745 no-

2436 780 2563 834 titia
2585 786 2992 851 comparatur;
3026 798 3139 835 non
3175 781 3302 852 ipsa
3323 797 3424 851 per
3463 795 3589 835 sese
3611 779 3964 850 expetenda,
3991 780 4090 835 sed

2437 869 2746 925 intentioni
2780 871 3089 937 bonorum,
3112 886 3225 941 qua
3248 870 3443 941 generi
3470 869 3729 923 humano
3751 867 4095 933 consulunt,

2449 958 2894 1029 pernecessaria.
2936 959 3092 1013 Unde
3122 958 3265 1013 dicit
3295 958 3629 1029 Apostolus,
3664 958 3891 1029 Oportet
3929 960 4097 1012 etiam

2442 1048 2818 1102 testimonium
2843 1048 3042 1103 habere
3061 1049 3259 1103 bonum
3280 1049 3349 1103 ab
3366 1050 3447 1103 eis
3464 1050 3558 1118 qui
3572 1050 3711 1118 foris
3727 1056 3857 1102 sunt
3872 1047 3917 1118 (Ι
3946 1049 4097 1103 Tim.

2444 1152 2528 1201 ιιι,
2555 1138 2612 1203 7)
2638 1154 2650 1191 :
2678 1136 2775 1206 qui
2802 1136 2934 1191 licet
2956 1153 3161 1208 parum
3185 1136 3436 1208 sapiant,
3462 1138 3929 1191 reddunttamen
3973 1136 4099 1207 ple-

2446 1241 2695 1296 rumque
2724 1224 2907 1280 labori
2939 1242 3161 1293 eorum,
3196 1242 3297 1297 per
3326 1242 3469 1296 quos
3500 1224 3610 1280 sibi
3654 1224 4007 1290 consulitur,
4046 1228 4103 1279 et

2446 1312 2813 1384 splendorem
2844 1315 3053 1384 laudis,
3086 1319 3141 1369 et
3170 1316 3403 1369 odorem
3436 1315 3598 1369 bonas
3630 1313 3951 1386 opinionis.
3986 1313 4098 1368 Nec

2447 1404 2516 1457 ad
2534 1403 2703 1458 istam
2728 1404 2969 1474 gloriam
2994 1403 3333 1476 popularem
3351 1403 4095 1477 primiperveniunteorum

2446 1491 2543 1562 qui
2567 1498 2704 1547 sunt
2727 1494 2781 1547 in
2808 1492 3202 1562 Ecclesia,nisi
3225 1494 3583 1564 quicumque
3605 1494 3661 1547 in
3685 1493 3992 1547 actionum
4010 1508 4100 1563 pe-

2448 1580 2649 1636 riculis
2667 1587 2719 1637 et
2736 1581 2932 1637 labore
2955 1586 3597 1653 versantur.Propterea
3621 1580 3732 1636 Liae
3758 1580 3922 1636 ﬁlius
3946 1580 4103 1635 mala

2450 1672 2892 1742 mandragorica
2914 1671 3156 1739 invenit,
3187 1672 3383 1727 exiens
3405 1672 3461 1725 in
3493 1688 3721 1742 agrum,
3748 1670 3805 1724 id
3852 1674 3965 1738 est,
4000 1670 4102 1726 ho-

2450 1764 2612 1814 neste
2633 1760 2944 1815 ambulans
2973 1762 3043 1815 ad
3066 1778 3164 1818 eos
3195 1761 3292 1831 qui
3319 1760 3459 1815 foris
3477 1765 3649 1815 sunt:
3676 1760 3947 1815 doctrina
3973 1776 4105 1814 vero

2450 1846 2549 1903 illa
2572 1849 2891 1921 sapientiae,
2926 1866 3051 1921 quas
3086 1866 3117 1903 a
3145 1848 3299 1920 vulgi
3336 1849 3578 1920 strepitu
3604 1848 4029 1915 remotissima,
4050 1849 4106 1901 in

2450 1939 2935 2010 contemplatione
2952 1938 3212 1994 veritatis
3235 1939 3390 1993 dulci
3410 1938 3790 1993 delectatione
3803 1937 4112 2009 deﬁgitur,

2451 2026 2951 2099 hanchpularem
2978 2027 3223 2099 gloriam
3248 2027 3853 2098 quantulamcumque
3876 2043 3995 2081 non
4026 2044 4115 2080 as-

2452 2122 2812 2187 sequeretur,
2842 2116 2953 2170 nisi
2980 2134 3081 2188 per
3102 2133 3199 2171 eos
3232 2118 3330 2187 qui
3355 2116 3412 2171 in
3437 2116 3646 2170 mediis
3670 2113 3859 2170 turbis
3879 2115 4112 2187 agendo

2452 2221 2517 2260 ac
2548 2206 2847 2259 suadendo
2878 2204 3111 2277 populis
3143 2209 3421 2276 praesunt,
3459 2221 3572 2259 non
3606 2208 3669 2258 ut
3701 2202 3968 2275 prasint,
4003 2204 4109 2259 sed

2454 2299 2518 2350 ut
2544 2296 2803 2365 prosint:
2838 2294 2975 2365 quia
3005 2294 3145 2347 dum
3167 2292 3262 2347 isti
3283 2292 3505 2347 actuosi
3530 2296 3585 2347 et
3607 2291 3893 2364 negotiosi
3916 2292 4114 2348 homi-

2452 2400 2576 2451 nes,
2604 2400 2705 2456 per
2725 2401 2872 2455 quos
2896 2382 3290 2438 multitudinis
3312 2381 3755 2437 administratur
3777 2380 4026 2447 utilitas,
4052 2387 4111 2436 et

2453 2489 2701 2544 quorum
2726 2472 3043 2527 auctoritas
3069 2470 3299 2543 populis
3324 2471 3501 2526 chara
3549 2475 3657 2536 est,
3688 2470 4103 2525 testimonium

2454 2562 2760 2634 perhibent
2787 2561 2958 2617 etiam
2992 2561 3120 2615 vitae
3144 2566 3377 2633 propter
3396 2560 3656 2615 studium
3681 2559 4104 2631 conquirenda:

2454 2656 2511 2708 et
2523 2660 2744 2707 contem
2754 2650 2978 2722 pianda:
2992 2650 3250 2705 veritatis
3277 2650 3536 2721 otiosae,q
3550 2650 3759 2703 uodam
3785 2648 3961 2703 modo
3976 2664 4103 2702 ma-

2456 2740 2511 2796 la
2537 2740 2976 2813 mandragorica
3000 2757 3099 2811 per
3124 2739 3276 2794 Liam
3299 2739 3642 2811 perveniunt
3663 2738 3732 2792 ad
3750 2737 3988 2793 Rachel.
4015 2738 4103 2791 Ad

2452 2830 2643 2902 ipsam
2666 2846 2797 2884 vero
2841 2829 3002 2883 Liam
3035 2845 3138 2900 per
3168 2828 3350 2882 tilium
3387 2827 3864 2899 primogenitum,
3899 2827 3958 2882 id
3992 2833 4105 2892 est,

2454 2937 2555 2991 per
2568 2920 2845 2974 honorem
2870 2918 3237 2972 fecunditatis
3258 2918 3405 2987 ejus,
3427 2916 3485 2971 in
3508 2934 3626 2988 qua
3646 2922 3735 2971 est
3760 2918 3956 2971 omnis
3981 2917 4105 2971 fru-

2455 3016 2584 3065 ctus
2606 3008 2905 3063 laboriosa:
2929 3012 3102 3077 atque
3125 3007 3275 3062 inter
3296 3006 3516 3061 incerta
3537 3006 3930 3061 tentationum
3951 3006 4108 3079 peri-

2455 3098 2711 3154 clitantis
2725 3096 3174 3167 actioniszquam
3193 3094 3453 3167 plerique
3467 3094 3864 3166 bonoingenio
3880 3095 4107 3166 praediti

2456 3188 2769 3258 studioque
2782 3182 3392 3256 ﬂagrantes,quamvis
3415 3183 3603 3238 idonei
3628 3182 3899 3255 regendis
3922 3199 4107 3255 popu-

2455 3277 2529 3332 lis
2550 3292 2676 3331 esse
2698 3273 3145 3346 possint,tamen
3168 3273 3352 3327 vitant
3373 3271 3990 3344 propterturbulentas
4014 3288 4108 3328 oc-

2457 3364 2814 3439 cupationes,
2848 3368 2905 3418 et
2934 3363 2990 3416 in
3023 3362 3295 3417 doctrina}
3326 3362 3511 3417 otium
3544 3366 3664 3416 toto
3693 3365 3948 3432 pectore,
3983 3366 4109 3417 tan-

2458 3471 2633 3527 quam
2666 3452 2977 3524 speciosae‘
3014 3450 3227 3506 Rachel
3260 3451 3524 3504 feruntur
3551 3449 3911 3521 amplexum.

2528 3542 2759 3598 CAPUT
2783 3541 2946 3596 LVII.
2969 3572 3037 3580 —
3060 3540 3169 3595 Sed
3195 3540 3332 3611 quia
3356 3540 3572 3594 bonum
3588 3543 3677 3594 est
3702 3544 3765 3593 ut
3786 3538 3965 3593 etiam
3983 3538 4105 3593 haec

2456 3632 2682 3688 vitalati
2695 3648 2763 3686 us
2779 3631 3149 3685 innotescens
3162 3626 3501 3700 popularem
3517 3627 3761 3700 gloriam
3784 3632 4102 3694 mereatur,

2459 3722 2743 3793 injustum
2772 3724 2862 3774 est
2889 3722 3082 3773 autem
3114 3721 3179 3772 ut
3207 3733 3334 3771 eam
3366 3721 3776 3788 consequatur,
3800 3716 3850 3772 si
3874 3722 4105 3773 amato-

2458 3827 2579 3865 rem
2595 3825 2769 3863 suum
2785 3806 3269 3862 administrandis
3290 3805 3698 3861 ecclesiasticis
3712 3805 3871 3861 curis
3896 3811 4102 3878 aptum

2457 3904 2514 3953 et
2544 3898 2819 3952 idoneum
2853 3896 2911 3950 in
2943 3895 3059 3951 otio
3090 3895 3329 3965 detinet,
3364 3911 3469 3950 noc
3500 3895 3912 3967 gubernationi
3944 3911 4104 3950 com-

2461 3987 2658 4042 munis
2715 3985 2984 4041 utilitatis
3042 3984 3335 4056 impertit;
3398 3989 3702 4056 propterea
3760 3984 3858 4038 Lia
3919 3985 4105 4040 sorori

2459 4094 2576 4133 suae
2599 4076 2758 4140 dicit,
2782 4077 2993 4129 Parum
3013 4083 3090 4129 est
3110 4074 3213 4128 tibi
3232 4075 3373 4144 quod
3402 4075 3581 4127 virum
3612 4090 3793 4128 meum
3822 4077 4103 4145 accepisti,

2460 4169 2681 4238 insuper
2710 4174 2760 4221 et
2788 4164 3213 4232 mandragorica
3244 4164 3352 4232 ﬁlii
3376 4164 3485 4217 mei
3528 4178 3605 4217 vis
3662 4164 3945 4233 accipere?
4004 4162 4110 4217 Per

2459 4272 2643 4310 unum
2674 4255 2864 4309 virum
2896 4252 3233 4326 significans
3260 4269 3356 4307 eos
3387 4268 3589 4308 omnes
3634 4251 3735 4323 qui
3792 4268 3929 4307 cum
3989 4253 4109 4306 sint

2458 4344 2665 4417 agendi
2696 4343 2909 4397 virtute
2940 4341 3185 4407 habiles,
3217 4346 3275 4396 et
3303 4340 3463 4412 digni
3489 4340 3701 4412 quibus
3721 4340 3985 4413 regimen
4003 4342 4106 4395 Ec-

2458 4434 2649 4490 clesiae
2678 4432 3080 4488 committatur
3110 4432 3179 4485 ad
3213 4430 3675 4502 dispensandum
3706 4429 3791 4484 illi
3825 4430 3964 4485 fidei
4015 4447 4107 4485 sa-

2458 4527 2843 4589 cramentum,
2879 4520 3105 4576 accensi
3128 4520 3148 4554 ²
3180 4520 3373 4575 studio
3405 4519 3681 4574 doctrinas
3712 4523 3889 4590 atque
3938 4519 4106 4574 inda-

2457 4612 2661 4684 gandae
2692 4616 2749 4665 et
2780 4607 3237 4680 contemplandas
3268 4607 3586 4679 sapientiai,
3621 4624 3682 4662 se
3715 4607 3785 4662 ab
3826 4608 4105 4663 omnibus

2457 4701 2751 4757 actionum
2776 4698 3057 4754 molestiis
3085 4714 3399 4762 removere,
3419 4701 3594 4769 atque
3616 4696 3673 4750 in
3696 4695 3811 4752 otio
3839 4696 4107 4752 discendi

2457 4808 2522 4846 ac
2553 4790 2795 4845 docendi
2828 4787 3073 4843 condere
3104 4786 3324 4842 volunt.
3380 4786 3461 4840 Ita
3517 4801 3652 4857 ergo
3712 4785 3935 4840 dictum
3996 4791 4105 4853 est,

2461 4885 2665 4936 Parum
2695 4887 2772 4933 est
2802 4877 2906 4931 tibi
2929 4876 3067 4947 quod
3096 4876 3354 4946 accepisti
3380 4876 3567 4929 virum
3586 4876 4027 4946 meum,insuper
4055 4880 4107 4930 et

2453 4968 2873 5038 mandragorica
2902 4966 3011 5036 ﬁlii
3038 4966 3148 5020 mei
3174 4966 3255 5019 vis
3284 4967 3568 5035 accipere?
3598 4980 3663 5019 ac
3702 4963 3752 5018 si
3795 4962 4105 5033 diceretur,

2458 5058 2667 5113 Parum
2700 5060 2788 5110 est
2818 5055 2970 5125 quod
3006 5053 3270 5108 homines
3302 5053 3371 5106 ad
3394 5051 3652 5107 laborem
3680 5068 3875 5107 rerum
3899 5068 4107 5124 geren-

2457 5147 2665 5201 darum
2699 5143 3058 5199 necessarios
3084 5143 3142 5197 in
3175 5142 3288 5197 otio
3321 5140 3541 5197 detinet
3572 5143 3685 5196 vita
3717 5140 4107 5209 studiorum3,

2457 5235 2699 5305 insuper
2727 5237 2783 5288 et
2812 5231 3151 5303 popularem
3180 5229 3425 5303 gloriam
3458 5228 3748 5301 requirit?

2526 5321 2757 5380 CAPUT
2789 5321 2979 5378 LVIII.
3011 5319 3251 5376 Proinde
3282 5324 3346 5375 ut
3388 5334 3515 5375 eam
3564 5319 3725 5390 jusle
3780 5325 4104 5392 comparet,

2525 5550 2538 5581 ¹
2568 5546 2720 5611 Apud
2744 5548 2907 5611 Lugd.
2942 5544 3099 5611 veni
3123 5547 3365 5611 tanquam
3393 5542 3444 5591 in
3472 5542 3721 5611 speciose.
3752 5543 3820 5592 Μ.

2517 5612 2538 5644 ³
2570 5604 2720 5673 Apud
2751 5604 2847 5657 Er:
2868 5607 3030 5673 Lugd.
3056 5604 3368 5673 Ven._Lov.,
3417 5604 3931 5673 adldispensandum
3980 5604 4107 5669 ﬁdei

2455 5669 2829 5724 sacramentum
2849 5685 2867 5717 :
2897 5669 2978 5717 illi
3006 5670 3217 5725 accensi,
3240 5673 3341 5717 etc.
3472 5669 3541 5717 Μ.

2522 5738 2542 5771 ³
2569 5736 2785 5799 Aliquot
2814 5735 2956 5793 Mss.,
2988 5733 3092 5780 vita
3120 5732 3481 5782 studiosorum.
