4462 6486
170 462 276 521 445

164 594 415 665 jusserat
444 599 509 651 ut
538 596 755 654 ferrum
807 598 1077 671 discipuli
1110 601 1237 671 ejus
1286 601 1518 666 ferrent,
1552 602 1651 657 sed
1688 617 1802 656 non

161 684 414 755 jusserat
435 689 499 738 ut
522 686 775 741 ferirent.
797 688 941 753 Quid
961 706 1092 759 ergo
1112 689 1521 759 incongruum,
1539 690 1586 743 si
1602 689 1803 743 Petrus

169 778 291 844 post
320 772 427 828 hoc
458 779 759 845 peccatum
786 777 974 831 factus
1000 781 1088 832 est
1120 783 1321 849 pastor
1355 778 1635 844 Ecclesiae,
1655 779 1807 833 sicut

166 862 383 934 Moyses
417 869 545 934 post
566 881 910 936 percussum
932 868 1264 939 [Egyptium
1288 868 1474 923 factus
1501 873 1589 923 est
1620 872 1806 922 rector

166 950 316 1007 illius
342 952 697 1026 Syuagogas?
732 954 980 1026 Uterque
1004 957 1159 1011 enim
1199 974 1311 1012 non
1338 956 1663 1012 detestabili
1700 957 1808 1010 im-

167 1042 459 1109 manitate,
477 1044 574 1098 sed
596 1044 943 1099 emendabili
974 1044 1341 1100 animositate
1366 1046 1613 1114 justitiae
1636 1064 1805 1119 regu-

164 1129 273 1185 lam
296 1132 579 1186 excessit:
606 1137 852 1205 uterque
875 1134 1006 1188 odio
1028 1133 1423 1205 improbitatis
1446 1134 1672 1200 alienae,
1705 1138 1806 1191 sed

165 1217 257 1274 ille
285 1220 559 1292 fraterno,
589 1221 697 1277 iste
723 1222 1040 1288 dominico,
1068 1222 1203 1277 licet
1234 1223 1424 1277 adhuc
1455 1224 1693 1291 carnali,
1720 1230 1803 1280 ta-

168 1324 293 1362 men
334 1325 532 1364 amore
571 1310 849 1383 peccavit.
885 1311 1285 1366 Resecandum
1325 1313 1428 1367 hoc
1472 1313 1679 1367 vitium
1717 1316 1805 1369 vel

167 1397 609 1467 eradicandum;
638 1400 737 1455 sed
751 1403 945 1455 tamen
964 1405 1084 1455 tam
1105 1417 1381 1472 magnum
1398 1407 1806 1474 cor,tanquam

168 1492 313 1542 terra
343 1488 629 1559 frugibus,
661 1489 742 1545 ita
771 1490 1025 1546 ferendis
1055 1491 1368 1546 virtutibus
1399 1491 1806 1547 excolendum.

235 1576 461 1632 CAPUT
492 1578 677 1633 LXXI.
718 1610 787 1620 —
834 1579 979 1645 Quid
1030 1595 1164 1652 ergo
1208 1582 1334 1650 jam
1385 1581 1455 1636 de
1509 1580 1811 1652 expoliatis

167 1665 443 1739 Egyptiis
474 1667 723 1723 Faustus
769 1668 986 1739 objicit,
1020 1669 1284 1724 nesciens
1316 1669 1454 1740 quid
1486 1670 1762 1742 loquatur
1784 1670 1811 1725 ?

167 1755 319 1821 Quod
354 1754 617 1811 faciendo
648 1756 874 1828 Moyses
904 1774 1091 1829 usque
1123 1758 1265 1813 adeo
1298 1775 1410 1813 non
1444 1759 1723 1829 peccavit,
1746 1764 1811 1815 ut

165 1861 273 1899 non
298 1843 556 1900 faciendo
580 1850 860 1917 peccaret.
881 1847 1032 1902 Deus
1056 1848 1209 1903 enim
1225 1848 1486 1918 jusserat
1508 1849 1700 1918 (Exod.
1725 1867 1812 1917 ιιι,

160 1932 245 2001 2i,
275 1933 383 2000 22;
421 1950 497 1999 ιιι,
528 1934 582 1999 2,
616 1939 669 1989 et
696 1949 795 2003 x11,
827 1937 917 2007 35,
952 1937 1069 2007 36),
1104 1937 1200 2008 qui
1252 1938 1455 2008 utique
1501 1939 1660 1992 novit
1699 1956 1812 1994 non

161 2020 342 2076 solum
377 2023 698 2078 secundum
733 2025 1127 2091 facta,verum
1152 2026 1324 2081 etiam
1358 2027 1680 2081 secundum
1717 2043 1815 2081 cor

162 2109 430 2176 hominis,
462 2112 601 2181 quid
651 2114 1081 2184 unusquisque,
1113 2114 1200 2169 vel
1234 2131 1336 2186 per
1367 2131 1540 2187 quem
1593 2100 1813 2187 perpeti

161 2199 377 2254 debeat.
403 2199 663 2255 Carnalis
676 2201 873 2273 itaque
888 2203 1079 2258 adhuc
1103 2202 1203 2258 ille
1215 2204 1468 2275 p0pulus
1496 2209 1704 2271 erat,et
1718 2221 1805 2260 re-

171 2304 296 2343 rum
312 2292 675 2345 terrenarum
692 2291 1007 2363 cupiditate
1023 2298 1342 2364 occupatus
1368 2309 1381 2348 :
1406 2294 1653 2366 Egyptii
1682 2309 1814 2348 vero

169 2376 431 2450 sacrilegi
464 2383 521 2434 et
555 2379 781 2451 iniqui;
818 2397 952 2435 nam
1004 2387 1061 2436 et
1091 2399 1232 2437 auro
1281 2382 1401 2452 illo,
1434 2383 1543 2438 hoc
1572 2388 1679 2448 est,
1719 2384 1814 2439 Dei

168 2472 429 2522 creatura
448 2468 597 2524 male
612 2474 839 2525 utentes
854 2470 925 2524 ad
941 2470 1226 2527 Creatoris
1248 2472 1521 2543 injuriam
1535 2472 1678 2537 ,suis
1692 2472 1815 2528 ido-

167 2553 236 2610 lis
264 2555 673 2628 serviebant,et
691 2558 955 2614 homines
982 2560 1318 2633 peregrinos
1337 2560 1531 2617 labore
1555 2562 1815 2633 gratuito

166 2633 380 2714 injuste
398 2663 467 2701 ac
484 2646 856 2703 vehementer
875 2648 1219 2705 afﬂixerant.
1238 2650 1407 2723 Digni
1421 2667 1557 2722 ergo
1580 2656 1744 2706 erant
1761 2656 1820 2707 et

169 2732 258 2789 isti
288 2733 506 2805 quibus
537 2735 1131 2806 taliajuberentur,et
1161 2738 1244 2793 illi
1264 2739 1363 2809 qui
1384 2739 1523 2794 talia
1552 2744 1820 2811 pateren-

166 2824 339 2877 tur:et
353 2824 500 2879 forte
522 2826 738 2880 secund
750 2844 780 2879 u
792 2842 847 2879 m
864 2844 1002 2881 suas
1018 2827 1348 2883 voluntates
1361 2834 1416 2883 et
1435 2829 1817 2900 cogitationes

167 2911 379 2967 Hebraei
404 2913 597 2983 magis
615 2915 883 2985 permissi
910 2921 1051 2969 sunt
1069 2916 1252 2971 facere
1274 2916 1405 2984 ista,
1430 2918 1777 2987 quamjussi
1800 2930 1813 2981 ;

164 2999 260 3053 sed
278 3000 361 3054 eis
374 3000 531 3055 Deus
553 3002 995 3072 permissionem
1022 3021 1189 3059 suam
1210 3021 1309 3076 per
1334 3005 1619 3060 famulum
1639 3021 1815 3062 suum

162 3086 388 3160 Moysen
422 3089 786 3145 innotescere
817 3092 1017 3157 voluit,
1044 3096 1274 3164 quando
1306 3096 1607 3150 mandavit
1637 3100 1700 3150 ut
1722 3096 1813 3149 di-

162 3182 326 3231 ceret.
357 3178 501 3231 Fieri
522 3183 716 3233 autem
744 3184 930 3251 potest
954 3187 1015 3235 ut
1041 3183 1161 3235 sint
1181 3182 1306 3236 alia).
1328 3199 1518 3237 causa:
1542 3184 1817 3239 occultis-

163 3265 337 3332 simae,
373 3282 478 3320 cur
508 3266 616 3321 hoc
648 3266 729 3321 illi
762 3268 973 3340 populo
1004 3270 1283 3325 divinitus
1317 3271 1533 3325 dictqu
1563 3271 1679 3329 sit:
1710 3272 1810 3327 sed

163 3352 648 3425 divinisimperiis
671 3356 993 3412 cedendum
1026 3358 1504 3430 obtemperando,
1532 3377 1646 3416 non
1671 3362 1814 3417 resi-

162 3442 424 3498 stendum
448 3446 541 3498 est
571 3444 945 3515 disputando.
968 3447 1280 3518 Apostolus
1302 3449 1447 3503 dixit
1471 3466 1483 3504 :
1514 3450 1642 3517 Quis
1661 3467 1810 3506 enim

161 3535 405 3600 cognovit
426 3549 647 3588 sensum
668 3535 891 3590 Domini
902 3539 1031 3591 ναμε
1051 3539 1174 3607 quis
1188 3536 1545 3593 consiliarius
1569 3540 1683 3610 ejus
1697 3543 1808 3611 fuit

163 3620 327 3690 (Rom.
357 3638 437 3687 xx,
470 3622 564 3694 34)
585 3622 613 3678 ‘I
651 3622 781 3678 Sive
811 3640 946 3696 ergo
978 3625 1093 3680 ista
1117 3626 1193 3680 sit
1223 3643 1419 3696 causa,
1456 3645 1632 3699 quam
1664 3630 1803 3697 dixi,

164 3709 276 3764 sive
307 3710 418 3766 alia
452 3710 729 3782 quaslibet
760 3713 817 3767 in
864 3719 1085 3768 secreta
1112 3719 1169 3769 et
1200 3716 1398 3770 abdita
1426 3716 1806 3787 dispositione

162 3796 255 3853 Dei
285 3798 480 3868 lateat,
515 3816 619 3854 cur
634 3800 741 3856 hoc
772 3807 1117 3875 perMoysen
1140 3802 1223 3857 illi
1251 3804 1464 3875 populo
1496 3805 1807 3877 dixerit,ut

162 3886 229 3941 ab
258 3887 540 3960 Egyptiis
569 3888 681 3943 sibi
712 3892 1138 3946 commodanda
1167 3898 1430 3963 peterent
1459 3911 1582 3965 quae
1614 3895 1802 3950 aufer-

162 3981 310 4043 rent;
330 3976 440 4032 hoc
456 3981 654 4033 tamen
674 3979 976 4046 confirmo,
1009 3996 1112 4036 nec
1138 3982 1353 4036 frustra
1375 3998 1479 4037 nec
1502 3983 1700 4055 inique
1716 3984 1801 4039 di—

159 4071 310 4120 ctum
342 4083 492 4133 esse,
534 4084 636 4123 nec
669 4067 906 4123 licuisse
952 4069 1185 4141 Moysen
1224 4071 1393 4125 aliter
1441 4088 1618 4142 quam
1654 4078 1803 4128 Deus

160 4154 377 4209 dixerat
406 4156 617 4223 facere,
649 4161 713 4210 ut
754 4173 929 4226 penes
968 4157 1281 4213 Dominum
1315 4166 1470 4213 esset
1491 4161 1800 4216 consilium

151 4241 412 4315 jubendi,
450 4261 652 4316 pmnes
694 4245 982 4301 famulum
1023 4252 1217 4303 autem
1256 4249 1601 4319 obsequium
1636 4267 1802 4321 pera-

158 4333 343 4403 gandi.

224 4420 449 4479 CAPUT
479 4423 701 4479 LXXII.
733 4455 801 4465 —-
830 4426 936 4480 Sed
972 4425 1146 4491 Deus,
1176 4426 1391 4497 inquit,
1422 4444 1593 4483 verus
1626 4433 1681 4484 et
1699 4429 1800 4485 bo—

157 4525 262 4566 nus
279 4511 438 4567 nullo
454 4513 628 4568 modo
642 4511 781 4568 talia
801 4514 1046 4584 iussisse
1066 4515 1391 4571 credendus
1414 4521 1650 4573 est.Imo
1672 4534 1799 4575 vero

154 4598 289 4653 talia
316 4606 472 4656 recte
504 4618 621 4655 non
645 4602 835 4672 jubet,
871 4603 983 4657 nisi
1013 4603 1166 4658 Deus
1190 4619 1362 4659 verus
1382 4610 1438 4659 et
1471 4605 1679 4675 bonus,
1700 4608 1799 4677 qui

155 4690 209 4742 et
227 4690 387 4744 solus
406 4691 567 4746 novit
589 4691 729 4762 quid
752 4692 1300 4762 cuiquejubendum
1322 4694 1419 4759 sit,
1441 4698 1497 4749 et
1517 4693 1678 4750 solus
1700 4713 1798 4752 ne-

156 4776 366 4833 minem
383 4780 709 4851 quidquam
724 4779 1335 4853 incongruumperpeti
1350 4783 1797 4841 sinit.Ca3terum

154 4862 541 4940 istaimperita
563 4874 619 4923 et
632 4868 779 4925 falsa
791 4869 1021 4925 bonitas
1042 4871 1232 4926 cordis
1254 4871 1495 4926 humani
1511 4874 1799 4928 contradi-

152 4958 276 5010 cat‘
309 4961 367 5010 et
394 4957 652 5021 Christo,
674 4974 744 5014 ne
763 4963 875 5012 Deo
908 4959 1059 5013 bono
1077 4960 1322 5030 jubente
1349 4960 1511 5032 impii
1540 4961 1676 5015 mali
1702 4961 1801 5017 ali-

153 5044 285 5114 quid
316 5046 637 5116 patiantur,
662 5063 797 5102 eum
831 5047 1096 5102 dicturus
1120 5052 1209 5104 est
1232 5050 1467 5121 Angelis
1499 5066 1511 5103 :
1548 5051 1799 5121 Colligite

149 5134 385 5199 primum
396 5137 943 5206 zizania,et(allzgate
954 5138 1245 5207 fasciculos
1260 5139 1329 5193 ad
1349 5156 1465 5193 com
1474 5139 1594 5195 bur;
1604 5140 1795 5195 udum.

152 5219 251 5283 Qui
283 5227 478 5279 tamen
514 5224 624 5279 hoc
651 5226 845 5295 ipsum
868 5225 1258 5297 inopportune
1279 5228 1299 5261 ²
1329 5228 1513 5283 facere
1539 5230 1799 5285 volentes

151 5326 340 5368 servos
373 5313 696 5385 prohibuit,
730 5314 928 5370 dicens
963 5332 975 5370 :
1008 5317 1085 5371 Ne
1110 5318 1277 5387 forte,
1303 5333 1428 5371 cum
1456 5318 1621 5373 vultis
1641 5319 1797 5373 colli-

150 5416 269 5469 gere
300 5404 546 5470 zizania,
585 5402 874 5459 eradicetis
905 5406 1145 5460 simulet
1165 5406 1408 5459 triticum
1434 5406 1646 5477 (Matth.
1670 5424 1795 5479 xm,

151 5487 235 5561 30,
263 5492 377 5562 29).
414 5492 499 5548 Ita
530 5490 692 5548 solus
736 5492 889 5549 Deus
918 5510 1089 5550 verus
1137 5497 1194 5549 et
1222 5494 1408 5550 bonus
1440 5497 1601 5551 novit
1631 5496 1794 5569 quid,

153 5580 399 5647 quando,
430 5578 673 5651 quibus,
696 5596 797 5651 per
818 5597 966 5651 quos
982 5581 1106 5636 ﬁeri
1140 5580 1360 5653 aliquid
1382 5581 1466 5637 vel
1486 5583 1689 5653 jubeat
1706 5584 1795 5641 vel

154 5665 462 5735 permittat.
500 5671 733 5723 Poterat
751 5669 924 5724 etiam
948 5669 1061 5724 ista
1090 5669 1367 5740 humana,
1400 5687 1515 5726 non
1544 5673 1793 5741 bonitas,

215 5769 230 5804 ¹
258 5771 379 5823 Sola
403 5774 572 5825 editio
601 5774 745 5834 Lov.,
774 5774 1097 5825 contradicit.

211 5835 232 5869 ¹
259 5835 413 5899 Editi,
439 5838 753 5901 importune.
781 5838 1146 5891 Emendantur
1173 5854 1242 5892 ex
1270 5841 1664 5905 manuscriptis.

1279 469 1510 529 LIBER
1555 466 1974 529 VlGESIMUS
2020 470 2455 535 SECUNDUS.

3439 475 3557 535 446

1912 602 2010 656 sed
2037 601 2205 673 plane
2227 604 2449 659 vanitas
2473 606 2488 639 ¹
2515 605 2701 660 eidem
2731 605 2967 661 Domino
2987 607 3401 671 contradicere,
3421 623 3553 662 cum

1909 689 2197 746 desiderio
2229 695 2398 748 noxio
2430 696 2720 749 daemones
2742 694 2799 748 in
2833 713 3034 766 porcos
3064 696 3146 749 ire
3177 695 3431 751 volentes
3455 713 3557 766 pe-

1910 782 2217 851 tentesque
2250 782 2514 852 permisit
2535 783 2633 853 (Id.
2653 800 2770 852 vni,
2789 785 2877 851 31,
2897 786 2986 851 32)
3022 801 3032 838 ;
3069 785 3389 855 praesertim
3415 786 3553 854 quia

1910 867 2207 924 Manichzei
2233 888 2346 925 non
2370 872 2558 926 solum
2582 888 2804 943 porcos,
2836 888 3033 926 verum
3052 874 3227 926 etiam
3251 873 3476 928 minuta
3498 876 3553 926 et

1911 957 2136 1027 abjecta
2165 960 2464 1027 animalia,
2482 960 2788 1015 hominum
2808 961 3034 1016 animas
3068 962 3277 1016 habere
3297 962 3551 1016 credide-

1912 1051 2066 1100 runt.
2093 1047 2215 1110 Qua
2236 1049 2489 1103 vanitate
2508 1048 2835 1120 improbata
2852 1055 2907 1103 et
2927 1051 3171 1119 abjeeta,
3190 1050 3330 1104 illud
3357 1056 3552 1105 tamen

1912 1136 2482 1203 constat,Dominum
2496 1143 2759 1193 nostrum
2781 1139 2983 1193 Jesum
3009 1138 3301 1193 Christum
3320 1138 3416 1192 Dei
3434 1138 3557 1192 uni-

1912 1240 2046 1279 cum
2096 1225 2328 1293 Filium,
2362 1243 2427 1283 ac
2461 1244 2562 1298 per
2592 1227 2698 1283 hoc
2749 1232 2927 1282 Deum
2972 1244 3175 1282 verum
3228 1233 3285 1281 et
3314 1228 3554 1292 bonum,

1914 1317 2157 1368 mortem
2193 1331 2466 1385 pecorum
2499 1316 2821 1371 alienorum
2845 1317 2886 1387 2,
2921 1315 3236 1388 perniciem
3261 1315 3553 1387 qualium-

1913 1418 2164 1474 cumque
2193 1404 2601 1471 animantium,
2634 1410 2689 1460 et
2720 1422 2890 1476 grave
2921 1406 3203 1460 damnum
3227 1404 3556 1471 hominum,

1914 1492 2201 1547 desiderio
2215 1494 2543 1549 dmmonum
2559 1495 2936 1551 concessisse.
2954 1496 3093 1560 Quis
3117 1499 3308 1549 autem
3324 1495 3558 1548 demen-

1912 1580 2182 1636 tissimus
2202 1582 2573 1654 dixeritquod
2590 1601 2685 1639 eos
2702 1584 2771 1639 ab
2788 1584 3121 1639 hominibus
3138 1600 3251 1637 non
3272 1582 3558 1654 potuisset

1916 1668 2239 1740 excludere,
2271 1672 2499 1726 etiamsi
2532 1689 2730 1728 eorum
2765 1673 2947 1727 noxiae
2981 1671 3263 1727 voluntati
3297 1688 3400 1726 nec
3424 1688 3556 1742 por-

1917 1773 2117 1813 corum
2140 1758 2377 1813 exitium
2394 1764 2665 1830 prmstare
2678 1760 3163 1815 voluisset?Porro
3178 1759 3224 1814 si
3239 1758 3553 1830 spirituum

1918 1846 2324 1901 damnatorum
2339 1852 2394 1902 et
2407 1848 2524 1920 igni
2540 1852 2880 1919 aeternojam
2897 1849 3343 1913 destinatorum,
3358 1863 3558 1917 quam-

1916 1934 2004 1989 vis
2034 1952 2183 1989 sseva
2211 1940 2266 1990 et
2296 1937 2497 2008 iniqua
2528 1938 2837 2008 cupiditas,
2866 1955 2897 1991 a
2918 1938 3183 1992 Cretitore
3204 1942 3379 2007 atque
3401 1935 3555 1989 ordi-

1918 2028 2118 2077 natore
2138 2025 2399 2079 omnium
2424 2027 3018 2092 naturarum,occulto
3038 2024 3405 2097 quidem,sed
3425 2023 3556 2077 ubi-

1917 2129 2029 2184 que
2050 2113 2252 2182 3justo
2284 2115 2699 2184 moderamine,
2731 2116 2787 2169 in
2822 2116 2875 2169 id
2908 2132 3020 2186 quo
3067 2131 3128 2169 se
3159 2112 3555 2179 inclinaverat,

1918 2200 2171 2255 relaxata
2201 2206 2323 2268 est;
2350 2203 2489 2273 quid
2522 2204 2843 2258 absurdum
2868 2209 2974 2268 est,
2998 2203 3046 2257 si
3067 2202 3312 2275 Egyptii
3342 2202 3412 2256 ab
3446 2202 3557 2255 Ile-

1918 2291 2106 2357 brzeis,
2131 2290 2400 2345 homines
2423 2292 2622 2362 inique
2643 2292 3009 2347 dominantes
3032 2293 3103 2347 ab
3125 2291 3463 2347 hominibus
3484 2290 3556 2344 Ιί-⁸

1917 2378 2096 2444 beris,
2122 2396 2369 2451 quorum
2400 2381 2573 2435 etiam
2598 2382 2881 2436 mercedis
2904 2398 3004 2452 pro
3027 2398 3227 2436 eorum
3250 2385 3368 2435 tam
3396 2378 3558 2434 duris

1918 2472 1975 2521 et
1996 2468 2232 2538 injustis
2255 2468 2554 2524 laboribus
2585 2470 2815 2525 fuerant
2834 2470 3143 2537 debitores,
3169 2470 3343 2524 rebus
3374 2474 3557 2523 terre-

1920 2556 2252 2626 nis,quibus
2274 2558 2447 2613 etiam
2472 2558 2584 2612 ritu
2599 2558 2880 2630 sacrilego
2902 2558 2960 2612 in
2978 2558 3253 2628 injuriam
3272 2557 3557 2613 Creatoris

1919 2647 2253 2713 utebantur,
2274 2647 2485 2718 privari
2506 2653 2842 2702 meruerunt
2864 2647 2891 2700 ?
2922 2648 3078 2711 Quod
3101 2652 3295 2701 tamen
3329 2646 3376 2701 si
3404 2648 3555 2718 Moy-

1920 2749 2014 2789 ses
2046 2752 2153 2790 sua
2184 2737 2700 2807 spontejussisset,
2718 2742 2818 2790 aut
2848 2737 2954 2791 hoc
2978 2736 3195 2790 Hebraei
3220 2752 3326 2790 sua
3354 2740 3557 2806 sponte

1920 2823 2211 2894 fecissent,
2245 2826 2498 2896 profecto
2521 2831 2856 2896 peccassent
2888 2842 2900 2879 :
2936 2842 3273 2896 quanquam
3310 2824 3415 2894 illi,
3441 2841 3555 2881 non

1919 2914 2151 2983 quidem
2185 2914 2293 2968 hoc
2327 2913 2609 2980 faciendo,
2645 2915 2797 2985 quod
2828 2914 2914 2969 vel
2940 2915 3202 2984 jusserat
3230 2913 3315 2968 vel
3353 2914 3559 2984 permi-

1919 3016 2072 3057 serat
2102 3010 2271 3073 Deus,
2305 3004 2403 3059 sed
2437 3008 2628 3058 tamen
2674 3004 2812 3058 talia
2838 3004 3082 3059 fortasse
3112 3002 3394 3072 cupiendo
3427 3017 3556 3073 pec-

1917 3098 2209 3147 caverunt.
2242 3092 2399 3155 Quod
2439 3097 2631 3147 autem
2664 3093 2771 3147 hoc
2806 3094 2990 3147 facere
3031 3091 3227 3146 divina
3256 3091 3557 3163 dispensa-

1916 3178 2073 3233 tione
2092 3180 2361 3251 permissi
2382 3186 2541 3247 sunt,
2569 3180 3132 3251 illiusjudiciojusto
3155 3180 3417 3251 bonoque
3435 3196 3557 3252 per-

1916 3268 2081 3323 missi
2108 3271 2371 3341 sunt,qui
2400 3271 2554 3325 novit
2576 3277 2631 3324 et
2653 3271 2838 3342 pmnis
2861 3269 2943 3324 vel
2960 3287 3219 3325 coercere
3237 3269 3553 3340 improbos,

1912 3357 2001 3414 vel
2032 3359 2261 3413 erudire
2282 3360 2605 3430 subjectos;
2629 3364 2685 3414 et
2709 3364 2992 3431 praecepta
3014 3358 3292 3413 validiora
3311 3359 3449 3413 dare
3470 3375 3556 3412 sa-

1912 3446 2198 3514 nioribus,
2214 3452 2267 3502 et
2285 3450 2572 3517 quosdam
2592 3448 2968 3503 medicinales
2982 3448 3201 3519 gradus
3224 3446 3556 3501 inﬁrmiori-

1912 3535 2020 3591 bus
2048 3537 2336 3592 ordinare.
2372 3536 2597 3608 Moyses
2636 3554 2768 3592 vero
2802 3554 2905 3613 nec
2936 3536 3272 3608 cupiditatis
3303 3552 3551 3607 arguen-

1910 3625 2021 3679 dus
2053 3628 2141 3680 est
2180 3625 2235 3677 in
2269 3624 2387 3680 illis
2416 3628 2591 3680 rebus
2623 3626 2992 3688 desideratis,
3039 3642 3143 3679 nec
3174 3623 3551 3679 contumacia:

1909 3713 1966 3767 in
2002 3713 2212 3767 divinis
2244 3713 2504 3784 imperiis
2535 3714 3006 3785 quibuscumque
3035 3713 3404 3784 contemptis.

1979 3801 2212 3858 CAPUT
2244 3802 2479 3857 LXXIII.
2517 3834 2581 3841 —
2613 3803 2883 3867 Quadam
2933 3804 3086 3858 enim
3122 3804 3290 3866 facta,
3323 3801 3415 3856 lex
3451 3800 3553 3857 illa

1908 3895 2262 3961 aaternaquas
2276 3891 2536 3945 ordinem
2556 3891 2876 3947 naturalem
2892 3891 3549 3963 conservarijubet,per-

1906 3978 2127 4033 turbari
2151 3978 2423 4045 vetat,ita
2445 3980 2636 4034 medio
2667 3980 2917 4050 quodam
2939 3979 3062 4034 loco
3087 3980 3280 4051 posuit
3306 3979 3552 4033 homini-

1907 4065 2107 4135 bus,ut
2121 4066 2176 4121 in
2193 4067 2275 4122 eis
2299 4069 2653 4139 usurpandis
2668 4070 2873 4123 merito
2896 4069 3353 4140 reprehendatur
3370 4069 3549 4122 auda-

1904 4156 2013 4221 cia,
2034 4156 2089 4210 in
2115 4158 2499 4228 exsequendis
2531 4162 2724 4211 autem
2749 4157 3077 4213 obedientia
3099 4158 3236 4227 jure
3258 4156 3545 4212 laudetur.

1904 4243 2155 4299 Tantum
2187 4244 2429 4300 interest
2448 4246 2505 4299 in
2537 4246 2739 4301 ordine
2761 4245 3032 4315 naturali,
3054 4247 3191 4316 quid
3226 4262 3258 4299 a
3278 4262 3388 4314 quo
3411 4262 3548 4315 aga-

1903 4337 2081 4399 tur,et
2094 4335 2203 4388 sub
2217 4350 2330 4404 quo
2346 4335 2594 4405 quisque
2609 4335 3061 4406 agat.Abraham
3076 4335 3121 4389 si
3138 4334 3321 4389 filium
3341 4339 3546 4406 sponte

1903 4421 2254 4493 immolaret,
2282 4424 2443 4493 quid,
2465 4423 2578 4478 nisi
2609 4423 2905 4478 horribilis
2927 4429 2983 4478 et
3014 4425 3294 4479 insanus?
3315 4429 3426 4479 Deo
3450 4441 3545 4479 au-

1900 4514 2017 4566 tem
2040 4512 2305 4582 jubente,
2351 4512 2512 4584 quid,
2548 4513 2657 4568 nisi
2691 4513 2880 4569 fidelis
2910 4518 2966 4569 et
3004 4514 3243 4568 devotus
3275 4514 3544 4585 apparuit

1902 4601 2053 4669 (Gen.
2079 4618 2212 4667 xxu,
2231 4603 2314 4671 10)
2330 4602 2358 4655 ?
2378 4602 2535 4665 Quod
2566 4620 2749 4673 usque
2771 4603 2913 4657 adeo
2936 4603 3063 4673 ipsa
3082 4603 3290 4658 varitas
3309 4603 3539 4671 clamat,

1903 4692 1967 4743 ut
1982 4690 2109 4760 ejus
2126 4706 2258 4745 voce
2277 4691 2589 4745 deterritus
2612 4693 2877 4761 Faustus,
2906 4708 3039 4745 cum
3058 4691 3116 4747 in
3142 4692 3333 4763 ipsum
3360 4692 3539 4746 Abra-

1900 4776 2037 4832 ham
2061 4779 2198 4849 quid
2224 4780 3120 4852 diceret,unguibusetdentibus
3134 4797 3421 4852 quaerens,
3447 4796 3540 4835 us-

1902 4882 2011 4937 que
2032 4868 2099 4921 ad
2128 4868 2555 4924 calumniosum
2576 4870 2945 4924 mendacium
2968 4869 3309 4941 perveniret,
3325 4869 3433 4923 hoc
3453 4873 3539 4933 tae

1902 4970 2031 5009 men
2055 4957 2478 5027 reprehendere
2501 4976 2613 5014 non
2638 4960 2909 5014 auderet:
2938 4959 3048 5014 nisi
3070 4960 3211 5014 forte
3234 4975 3346 5013 non
3371 4958 3421 5013 ei
3444 4974 3539 5012 ve-

1902 5044 2054 5100 niret
2075 5046 2131 5099 in
2161 5050 2412 5102 mentem
2435 5049 2694 5103 ‘factum
2719 5048 2798 5102 ita
2828 5047 3041 5113 nobile,
3066 5054 3129 5102 ut
3156 5064 3269 5102 non
3301 5046 3541 5113 lectum,

1900 5149 2006 5189 nec
2027 5136 2334 5205 quesitum
2360 5138 2555 5194 animo
2589 5143 2935 5203 occurreret,
2960 5144 3025 5192 ut
3054 5137 3301 5206 denique
3324 5141 3406 5190 tot
3431 5136 3538 5190 lin-

1900 5223 2033 5293 guis
2062 5229 2385 5291 cantatum,
2410 5230 2495 5281 tot
2523 5227 2666 5282 locis
2697 5228 2936 5297 pictum,
2971 5233 3027 5281 et
3060 5242 3227 5281 aures
3256 5230 3312 5279 et
3341 5224 3540 5281 oculos

1900 5310 2999 5385 dissimulantisferiret.Quapropter,si
3023 5315 3079 5368 in
3094 5314 3406 5369 occidendo
3422 5314 3540 5369 filio

1898 5410 2254 5471 spontaneus
2286 5410 2480 5460 motus
2511 5402 2903 5471 exsecrabilis,
2936 5402 3049 5458 Deo
3079 5408 3272 5459 autem
3298 5404 3539 5475 jubente

1960 5657 1978 5690 ί
2012 5654 2223 5716 Septem
2254 5654 2397 5709 Mss.,
2424 5651 2743 5714 improbitas.

1962 5719 1983 5752 ²
2007 5719 2119 5767 Am.
2160 5718 2327 5780 Eget
2345 5716 2542 5780 aliquot
2572 5716 2713 5780 Mss,
2744 5718 2906 5765 morte
2922 5730 3162 5780 pecorum
3192 5717 3491 5769 alienarum.

1959 5780 1981 5850 ξ
2010 5780 2191 5850 Plures
2211 5778 2364 5850 Mss"
2391 5777 2483 5826 sed
2507 5778 2701 5850 utique.

1959 5844 1981 5881 ὀ
2009 5841 2229 5905 Aliquot
2252 5842 2397 5901 Mem,
2426 5854 2532 5892 non
2558 5841 2607 5892 ei
2635 5842 2829 5893 venerit
2857 5842 2914 5895 in
2941 5849 3180 5895 mentem.
