4462 6452
626 376 744 437 447

628 510 1034 567 obsecundans
1056 510 1395 580 famulatus,
1417 528 1530 567 non
1556 511 1747 567 solum
1775 512 2276 584 inculpabilis,ve-

634 617 767 654 rum
790 602 961 656 etiam
989 601 1301 656 laudabilis
1324 600 1653 669 invenitur;
1690 602 1830 672 quid
1854 602 2110 674 Moysen,
2130 603 2276 657 Fau-

636 693 740 758 ste,
775 689 1170 761 reprehendis,
1205 691 1360 761 quod
1406 691 1742 761 exspoliarit
1771 692 2061 763 Egyptios
2086 692 2110 745 ?
2140 692 2199 746 Si
2226 697 2279 745 te

635 779 825 834 irritat
841 781 993 834 velut
1019 780 1277 835 humana
1305 780 1567 835 facientis
1590 780 2153 853 improbitas,divina
2174 784 2279 835 ter-

634 869 1031 937 reatjubsntis
1052 870 1478 926 auctoritas.An
1502 870 1639 925 talia
1653 870 1773 925 fieri
1797 870 2081 926 volentem
2101 870 2277 924 etiam

633 958 829 1028 ipsum
860 959 1043 1014 Deum
1064 959 1390 1031 vituperare
1411 965 1645 1029 paratus
1668 976 1727 1013 es
1750 960 1776 1013 ?
1802 960 1934 1014 Redi
1953 975 2086 1029 ergo
2108 968 2273 1023 retro,

631 1056 854 1103 satanas
877 1063 899 1110 ,'
930 1065 1100 1118 neque
1131 1049 1278 1103 enim
1306 1051 1456 1119 sapis
1474 1066 1594 1119 qua?
1616 1050 1707 1103 Dei
1721 1052 1865 1115 sunt,
1893 1049 1983 1102 sed
2007 1064 2124 1119 quae
2148 1052 2276 1102 sunt

632 1138 919 1191 hominum
952 1138 1159 1205 (Matth.
1206 1155 1321 1206 xvx,
1352 1139 1462 1207 23).
1496 1140 1680 1209 Atque
1712 1138 1935 1192 utinam
1985 1138 2093 1191 hoc
2124 1136 2275 1192 sicut

632 1225 838 1281 Petrus
872 1226 1072 1281 audire
1108 1227 1321 1299 dignus
1350 1227 1585 1287 fuisses,
1608 1236 1778 1297 atque
1808 1227 1862 1280 id
1899 1227 2050 1297 quod
2077 1226 2133 1280 in
2159 1226 2273 1280 Deo

628 1331 804 1370 sensu
856 1315 1089 1370 inﬁrmo
1152 1316 1547 1386 reprehendis,
1602 1322 1802 1387 postea
1848 1316 2270 1387 praedicasses;

630 1406 1126 1475 quemadmodum
1158 1404 1253 1459 ille
1283 1405 1533 1476 glorioso
1583 1404 1866 1476 praeconio
1897 1410 2098 1475 postea
2129 1420 2275 1474 gen-

630 1492 788 1549 tibus
841 1494 1248 1559 annuntiabat,
1282 1495 1434 1566 quod
1483 1495 1533 1549 ei
1566 1494 1773 1565 primo,
1808 1510 1941 1548 cum
1996 1492 2273 1549 Dominus

629 1581 797 1637 vellet
828 1582 970 1649 lieri,
1001 1582 1362 1654 displicebat.

701 1671 924 1727 CAPUT
947 1671 1170 1727 LXXIV.
1197 1704 1261 1713 —
1284 1672 1895 1743 Quamobrem,sijam
1920 1673 2156 1727 tandem
2184 1670 2271 1727 in-

626 1760 836 1833 telligit
850 1762 1337 1817 humanaduritia
1350 1768 1522 1833 atque
1547 1762 1607 1817 in
1630 1764 1800 1817 rebus
1812 1763 1983 1818 rectis
2006 1761 2272 1817 voluntas

626 1867 803 1921 prava
832 1856 1007 1920 atque
1046 1868 1334 1922 perversa,
1371 1851 1683 1923 plurimum
1733 1851 2033 1915 interesse,
2071 1856 2272 1905 utrum

627 1939 850 2010 aliquid
866 1942 943 1994 hu
955 1958 1126 1995 mana
1138 1958 1205 1995 cu
1217 1940 1456 2012 piditate
1472 1940 1554 1996 vel
1571 1940 1892 1995 temeritate
1907 1940 2270 2007 admittatur,

630 2046 702 2084 an
736 2028 836 2083 Dei
888 2033 1161 2100 pareatur
1209 2030 1472 2101 imperio,
1508 2031 1602 2099 qui
1636 2030 1792 2085 novit
1823 2030 1983 2101 quid,
2018 2030 2269 2101 quando,

631 2118 847 2189 quibus
881 2120 1175 2189 permittat
1204 2120 1541 2190 autjubeal,
1571 2120 1708 2190 quid
1732 2120 1941 2190 cuique
1966 2120 2150 2174 facere
2174 2136 2272 2189 pa-

629 2208 792 2279 tique
815 2208 1147 2275 conveniat;
1172 2224 1273 2263 nec
1301 2208 1450 2264 bella
1471 2226 1573 2280 per
1594 2208 1827 2280 Moysen
1850 2213 2013 2280 gesta
2033 2208 2275 2263 miretur

632 2301 735 2351 aut
766 2297 1013 2365 horreat,
1048 2298 1183 2368 quia
1211 2304 1265 2353 et
1295 2298 1351 2352 in
1383 2298 1500 2353 illis
1533 2298 1728 2353 divina
1750 2302 1982 2353 secutus
2004 2296 2270 2369 imperia,

632 2403 748 2442 non
782 2387 1043 2453 saeviens,
1073 2388 1173 2443 sed
1207 2388 1482 2443 obediens
1517 2388 1661 2443 fuit:
1687 2404 1789 2442 nec
1814 2393 1984 2457 Deus,
2008 2404 2142 2443 cum
2168 2387 2272 2456 ju-

629 2476 803 2531 bebat
834 2476 965 2541 ista,
997 2476 1267 2532 saeviebat
1300 2495 1311 2532 :
1346 2478 1445 2532 sed
1470 2478 1647 2549 digna
1676 2478 1870 2549 dignis
1892 2477 2269 2544 retribuebat,

625 2566 949 2637 dignosque
981 2567 1296 2634 terrebat'.
1323 2567 1471 2633 Quid
1502 2568 1657 2622 enim
1681 2569 1955 2638 culpatur
1985 2568 2043 2621 in
2078 2565 2273 2621 bello?

627 2656 708 2710 An
733 2654 871 2726 quia
897 2654 1227 2710 moriuntur
1248 2658 1599 2728 quandoque
1621 2657 1913 2723 morituri,
1942 2661 2005 2710 ut
2027 2657 2272 2711 domen-

629 2750 726 2800 tur
746 2745 766 2778 ²
799 2744 857 2799 in
887 2762 1026 2816 pace
1055 2745 1310 2801 victuri?
1341 2746 1456 2801 Hoc
1479 2745 1899 2817 reprehendere
1929 2745 2271 2800 timidorum

627 2838 734 2900 est,
761 2852 873 2890 non
899 2835 1322 2907 religiosorum.
1348 2836 1600 2891 Nocendi
1625 2835 1935 2906 cupiditas,
1954 2832 2270 2889 ulciscendi

628 2923 963 2991 crudelitas,
1008 2926 1333 2996 impacatus
1370 2931 1544 2997 atque
1575 2924 1964 2996 implacabilis
2014 2924 2269 2988 animus,

628 3014 826 3068 feritas
850 3013 1379 3082 rebellandi,libido
1401 3015 1826 3081 dominandi,et
1841 3014 1888 3069 si
1903 3030 2020 3083 qua
2034 3011 2268 3079 similia,

628 3100 752 3157 haec
773 3108 914 3157 sunt
936 3120 1061 3173 quae
1086 3105 1141 3156 in
1162 3102 1330 3158 bellis
1347 3105 1479 3173 jure
1501 3104 1839 3175 culpantur;
1860 3120 1986 3174 qua:
2014 3102 2270 3172 plerum-

624 3207 737 3263 que
763 3196 827 3246 ut
846 3192 1019 3247 etiam
1035 3193 1169 3263 jure
1184 3192 1807 3263 puniantur,adversus
1830 3191 2163 3248 violentiam
2184 3206 2271 3245 re-

628 3281 1108 3347 sistentium,sive
1130 3282 1392 3350 Deo,sive
1418 3282 1613 3354 aliquo
1637 3283 1893 3354 legitimo
1917 3282 2272 3352 imperioju-

627 3367 820 3433 bente,
842 3370 1093 3438 gerenda
1121 3369 1249 3440 ipsa
1271 3369 1423 3425 bella
1443 3371 1846 3442 suscipiuntur
1870 3390 1903 3425 a
1924 3371 2112 3437 bonis,
2138 3388 2270 3427 cum

630 3456 689 3513 in
721 3473 786 3512 eo
820 3474 1012 3513 rerum
1064 3457 1455 3514 humanarum
1495 3460 1697 3517 ordine
1746 3461 2140 3530 inveniuntur,
2174 3460 2271 3516 ubi

633 3563 730 3602 eos
758 3547 842 3602 vel
875 3548 1085 3619 jubere
1116 3548 1229 3604 tale
1278 3549 1522 3621 aliquid,
1556 3550 1640 3605 vel
1674 3551 1731 3605 in
1770 3551 1987 3607 talibus
2040 3551 2274 3607 obedire

624 3637 786 3707 juste
816 3638 957 3692 ordo
988 3637 1111 3708 ipse
1143 3639 1507 3710 constringit.
1531 3639 1801 3711 Alioquin
1832 3640 2106 3709 Joannes,
2140 3657 2273 3696 cum

631 3726 702 3781 ad
735 3742 868 3781 eum
916 3727 1248 3798 baptizandi
1300 3728 1514 3784 milites
1560 3729 1845 3796 venirent,
1894 3732 2175 3795 dicentes,
2212 3735 2276 3786 Et

627 3831 728 3870 nos
759 3816 889 3887 quid
916 3818 1191 3886 faciemus
1210 3820 1236 3870 .9
1266 3819 1640 3889 responderet
1667 3820 1772 3887 eis,
1804 3823 1981 3874 Arma
2018 3820 2272 3889 abjicite,

630 3903 898 3959 militiam
933 3906 1103 3959 istam
1155 3906 1437 3975 deserite;
1489 3909 1784 3963 neminem
1816 3914 2116 3979 percutite,
2150 3908 2277 3963 vul-

632 3999 850 4063 nerate,
885 3995 1228 4066 prosternite
1249 3996 1290 4050 3.
1317 3998 1420 4051 Sed
1448 3997 1585 4068 quia
1609 3998 1830 4052 sciebat
1850 4014 1968 4064 eos,
2003 4014 2134 4052 cum
2158 3997 2276 4053 haec

635 4082 942 4139 militando
974 4085 1243 4156 facerent,
1278 4103 1390 4141 non
1437 4103 1566 4143 esse
1594 4086 1940 4155 homicidas,
1973 4088 2073 4143 sed
2108 4086 2277 4141 mini-

640 4177 791 4229 stros
821 4172 1001 4245 legis;
1036 4180 1091 4229 et
1122 4192 1235 4230 non
1269 4174 1482 4231 ultores
1506 4176 1854 4247 injuriarum
1889 4192 2152 4244 suarum,
2177 4176 2277 4231 sed

638 4261 844 4318 salutis
874 4263 1116 4335 publica:
1139 4265 1469 4320 defensores
1503 4282 1514 4321 :
1550 4266 1849 4337 respondit
1869 4266 1973 4332 eis,
2000 4264 2279 4320 Neminem

634 4354 1033 4420 concusseritis,
1065 4356 1213 4409 nulli
1241 4356 1578 4410 calumniam
1607 4357 1872 4424 feceritis,
1918 4357 2155 4425 su/ﬁczat
2184 4371 2279 4411 vo-

637 4443 717 4497 bis
745 4444 1077 4513 stipendium
1124 4454 1364 4499 vestrum
1394 4447 1542 4516 (Luc.
1581 4462 1661 4509 III,
1704 4444 1811 4516 14).
1846 4445 1955 4500 Sed
1989 4444 2127 4515 quia
2160 4445 2279 4499 Ma-

634 4531 840 4588 nicheei
871 4536 1153 4588 Joannem
1188 4538 1385 4604 aperte
1408 4532 1815 4604 blasphemare
1833 4537 2279 4599 consueverunt,

635 4621 832 4693 ipsum
867 4623 1179 4677 Dominum
1209 4624 1412 4678 Jesum
1437 4623 1731 4678 Christum
1766 4623 2009 4677 audiant
2040 4622 2149 4677 hoc
2177 4623 2280 4679 sti-

638 4712 917 4782 pendium
938 4713 1244 4782 jubentem
1279 4713 1435 4767 reddi
1469 4711 1699 4777 Caesari,
1724 4713 1877 4782 quod
1909 4712 2164 4768 Joannes
2194 4711 2280 4766 di-

641 4802 719 4857 cit
749 4802 956 4857 debere
1006 4802 1275 4856 sufiicere
1325 4801 1518 4856 militi.
1552 4801 1792 4871 Reddite,
1826 4801 2039 4872 inquit,
2075 4802 2285 4857 Caesari

642 4908 761 4962 quae
794 4892 1027 4949 Caesaris
1057 4897 1205 4960 sunt,
1238 4902 1289 4948 et
1320 4893 1425 4947 Deo
1455 4906 1579 4962 quae
1622 4892 1722 4947 Dei
1748 4894 1874 4946 sunt
1904 4891 2108 4962 (Matth.
2140 4907 2280 4958 xxn,

637 4983 749 5050 21).
784 4984 853 5038 Et
883 4984 953 5038 ad
987 4983 1095 5037 hoc
1126 4982 1279 5037 enim
1315 4981 1535 5037 tributa
1566 4985 1933 5053 praestantur,
1959 4985 2022 5034 ut
2050 4985 2284 5051 propter

636 5070 786 5127 bella
818 5072 1143 5127 necessario
1176 5072 1346 5126 militi
1394 5070 1746 5142 stipendium
1782 5070 2126 5141 praebeatur.
2160 5070 2281 5125 Me-

634 5162 744 5215 rito
781 5168 837 5215 et
868 5161 1026 5216 illius
1054 5160 1422 5215 Centurionis
1469 5160 1733 5225 dicentis,
1764 5161 1821 5214 Ft
1850 5174 1944 5229 ego
1977 5160 2131 5214 homo
2160 5175 2283 5213 sum

632 5250 730 5305 sub
761 5255 1020 5321 potestati)
1068 5254 1417 5314 constitutus,
1452 5249 1652 5303 habens
1689 5249 1788 5302 sub
1831 5264 1918 5301 me
1961 5247 2166 5301 milites
2187 5265 2210 5311 ,'
2232 5251 2282 5303 et

637 5340 755 5394 dico
790 5340 934 5407 huic,
979 5340 1132 5405 Vade,
1164 5348 1216 5394 et
1256 5339 1441 5401 vadit;
1471 5347 1526 5392 et
1575 5338 1697 5403 alii,
1738 5338 1887 5403 Veni,
1916 5345 1967 5392 et
2007 5339 2198 5399 venit;
2229 5340 2283 5393 et

635 5444 787 5483 servo
822 5444 957 5497 meo,
1002 5430 1123 5494 Fac,
1174 5427 1291 5494 hoc,
1340 5437 1389 5482 et
1419 5427 1555 5499 facit
1576 5444 1596 5487 ;
1646 5427 1818 5481 fidem
1870 5425 2128 5481 laudavit
2174 5426 2278 5497 (Id.

706 5546 718 5577 ί
754 5544 978 5600 Quidum
1013 5546 1153 5600 Mss,
1184 5542 1519 5606 indignosque
1547 5542 1786 5591 terrebat.

705 5607 725 5640 ³
751 5608 866 5655 Am.
900 5608 980 5654 Er.
1016 5612 1067 5654 et
1096 5608 1296 5670 aliquot
1326 5609 1465 5665 Mss,
1497 5611 1551 5654 ut
1581 5606 1923 5653 dominentur.

700 5670 721 5703 ³
750 5670 912 5729 Lugd.
945 5675 996 5717 et
1024 5671 1154 5718 Ven.
1184 5666 1432 5724 'verbum,
1461 5670 1736 5726 neminem,
1774 5675 1854 5717 ter
1883 5670 2149 5728 repetunt,
2180 5666 2283 5716 hoc

634 5731 813 5847 modto,
844 5733 1101 5848 nimineﬁ
1123 5735 1389 5798 percutite,
1419 5734 1671 5786 neminem
1714 5731 1995 5791 vulnerata,
2025 5731 2280 5782 neminem

634 5808 750 5848 pros
774 5808 884 5847 erm
912 5809 954 5847 ε.
1108 5832 1120 5846 .

628 5808 954 5859 prosternite.
1052 5808 1120 5848 Μ.

1387 376 1699 439 CONTRA
1742 379 2113 442 FAUSTUM
2160 379 2684 454 MANICH/EUM,
2729 379 2793 440 s.
2838 350 3293 444 AUGUSTINI.

3925 380 4045 442 448

2389 531 2514 580 vm,
2550 515 2605 584 9,
2637 514 2748 585 lO),
2782 532 2895 571 non
2929 515 3087 570 illius
3114 513 3333 569 militiis
3364 512 3753 569 desertionem
3784 512 4041 581 impera-

2387 602 2489 658 vit.
2525 604 2632 659 Sed
2682 606 2750 660 de
2787 605 2966 675 justis
3018 604 3253 676 quidem
3304 604 3655 675 injustisque
3685 602 3855 659 bellis
3882 619 4041 658 nunc

2388 691 2689 763 disputare
2720 693 2958 765 longum
2988 696 3097 761 est,
3128 698 3186 749 et
3208 710 3321 750 non
3355 694 3770 749 necessarium.

2458 780 2684 838 CAPUT
2705 782 2904 838 LXXV.
2930 815 2993 824 —
3016 783 3260 838 Interest
3281 783 3434 837 enim
3455 783 3671 853 quibus
3691 781 3887 838 causis
3910 781 4039 852 qui-

2385 869 2613 941 busque
2628 872 2967 927 auctoribus
2981 872 3247 928 homines
3261 873 3513 944 gerenda
3527 871 3676 927 bella
3687 872 4037 944 suscipiant:

2386 960 2526 1014 ordo
2545 965 2738 1016 tamen
2765 960 2861 1016 ille
2885 962 3169 1017 naturalis
3194 961 3525 1017 mortalium
3550 961 3676 1032 paci
3702 978 4038 1018 accommo-

2385 1048 2557 1103 datus
2589 1049 2695 1105 hoc
2728 1051 2933 1122 poscit,
2970 1056 3033 1105 ut
3062 1050 3423 1122 suscipiendi
3448 1050 3579 1105 belli
3615 1050 3936 1106 auctoritas
3956 1056 4039 1106 at-

2386 1154 2497 1209 que
2526 1139 2833 1194 consilium
2860 1157 3037 1211 penes
3065 1140 3391 1211 Principem
3416 1140 3530 1209 sit;
3558 1140 3913 1210 exsequendi
3938 1157 4041 1196 au-

2385 1230 2498 1282 tem
2519 1228 2691 1297 jussa
2722 1227 2926 1284 bellica
2958 1228 3350 1284 ministerium
3387 1229 3602 1285 milites
3624 1229 3876 1285 debeant
3907 1228 4037 1300 paci

2383 1316 2674 1387 salutique
2695 1317 3009 1374 communi.
3047 1318 3267 1373 Bellum
3304 1322 3493 1374 autem
3520 1320 3671 1390 quod
3707 1319 4034 1391 gerendum

2382 1405 2500 1461 Deo
2552 1412 2786 1463 auctore
2816 1408 3156 1479 suscipitur,
3192 1412 3345 1463 recte
3375 1406 3617 1478 suscipi,
3653 1407 3922 1463 dubitare
3944 1408 4036 1462 fas

2382 1510 2498 1550 non
2525 1499 2633 1563 est,
2667 1496 2755 1551 vel
2781 1497 2851 1552 ad
2884 1497 3239 1563 terrendam,
3270 1496 3357 1551 vel
3391 1497 3461 1552 ad
3512 1497 3911 1559 obterendam,
3946 1494 4036 1550 vel

2382 1583 2453 1638 ad
2488 1584 2919 1656 subjugandam
2939 1585 3275 1642 mortalium
3299 1586 3634 1657 superbiam
3662 1602 3676 1641 :
3701 1586 3939 1657 quando
3964 1602 4037 1640 ne

2380 1672 2523 1727 illud
2556 1674 2791 1744 quidem
2822 1676 2975 1745 quod
3009 1675 3268 1741 humana
3300 1675 3613 1747 cupiditate
3636 1676 3879 1747 geritur,
3914 1691 4033 1730 non

2380 1762 2571 1817 solum
2594 1764 3019 1835 incorruptibili
3040 1764 3280 1832 Deo,sed
3306 1782 3409 1820 nec
3433 1764 3652 1820 sanctis
3676 1766 3804 1836 ejus
3826 1764 4037 1822 obesse

2378 1850 2598 1922 aliquid
2614 1858 2841 1923 potest;
2869 1853 3084 1923 quibus
3108 1853 3299 1924 potius
3318 1854 3386 1907 ad
3409 1854 3786 1909 exercendam
3811 1854 4036 1925 patien-

2380 1940 2543 2007 tiam,
2582 1946 2639 1995 et
2682 1942 2751 1996 ad
2799 1941 3227 1997 humiliandam
3279 1943 3560 2010 animam,
3612 1942 4031 2013 ferendamque

2382 2035 2682 2101 paternam
2702 2030 3071 2103 disciplinam
3097 2032 3272 2087 etiam
3298 2033 3572 2104 prodesse
3590 2032 3897 2088 invenitur.
3915 2032 4031 2086 Ne-

2382 2136 2493 2191 que
2524 2120 2680 2175 enim
2700 2120 2875 2175 habet
2896 2121 2954 2175 in
2988 2136 3087 2177 eos
3113 2121 3422 2193 quisquam
3455 2121 3634 2176 ullam
3659 2126 4033 2193 potestatem,

2382 2208 2493 2264 nisi
2526 2210 2616 2264 cui
2650 2210 2784 2264 data
2810 2210 2981 2265 fuerit
3011 2210 3279 2281 desuper.
3309 2210 3432 2266 Non
3464 2216 3553 2266 est
3581 2210 3737 2265 enim
3769 2216 4035 2282 potestas

2381 2297 2492 2353 nisi
2529 2316 2561 2353 a
2590 2298 2705 2353 Deo
2732 2300 2904 2369 (Rom.
2929 2314 3054 2370 xm,
3083 2300 3158 2369 1),
3190 2299 3309 2355 sive
3333 2299 3596 2370 jubente,
3629 2300 3750 2355 sive
3779 2298 4036 2355 sinente.

2379 2390 2517 2441 Cum
2546 2404 2681 2458 ergo
2704 2388 3022 2458 virjustus,
3048 2387 3096 2444 si
3121 2389 3265 2444 forte
3296 2389 3406 2444 sub
3432 2404 3565 2461 rege
3587 2387 3820 2443 homine
3852 2388 4036 2443 etiam

2380 2476 2662 2549 sacrilego
2688 2476 2916 2543 militet,
2941 2482 3093 2532 recte
3116 2478 3303 2549 poscit
3326 2478 3424 2533 illo
3444 2478 3692 2548 jubente
3714 2476 3927 2532 bellare
3950 2476 4038 2533 ci—

2379 2566 2513 2621 vicae
2545 2569 2703 2637 pacis
2726 2566 2987 2621 ordinem
3012 2583 3286 2633 servans;
3312 2567 3405 2622 cui
3439 2567 3591 2638 quod
3608 2566 3857 2638 jubstur
3880 2568 3923 2631 ί,
3945 2565 4041 2623 vel

2380 2670 2494 2709 non
2520 2671 2649 2710 esse
2671 2654 2973 2709 contraDei
2992 2661 3343 2727 praeceptum
3359 2660 3581 2711 certum
3609 2653 3809 2725 est,vel
3830 2659 4035 2710 utrum

2380 2744 2713 2810 sit,certum
2740 2761 2851 2798 non
2874 2748 2982 2811 est,
3000 2745 3081 2800 ita
3103 2752 3168 2799 ut
3190 2746 3435 2801 fortasse
3455 2762 3617 2800 reum
3645 2760 3838 2817 regem
3858 2744 4038 2800 faciat

2380 2833 2660 2903 iniquitas
2691 2832 3038 2905 imperandi,
3064 2834 3431 2890 innocentem
3454 2840 3646 2890 autem
3674 2834 3919 2889 militem
3943 2851 4037 2890 os-

2378 2922 2577 2977 tendat
2599 2922 2738 2976 ordo
2757 2922 3041 2977 serviendi
3069 2940 3080 2977 :
3108 2928 3325 2994 quanto
3349 2923 3537 2993 magis
3561 2922 3617 2977 in
3643 2922 4038 2978 administra-

2379 3010 2534 3066 tione
2566 3009 2849 3066 bellorum
2886 3011 3361 3067 innocentissimo
3403 3012 3751 3077 diversatur,
3786 3012 3886 3083 qui
3923 3017 4034 3068 Deo

2370 3100 2616 3172 jubente
2663 3100 2982 3172 belligerat,
3018 3118 3192 3171 quem
3226 3100 3378 3157 male
3426 3101 3644 3172 aliquid
3672 3100 3882 3172 jubere
3916 3117 4034 3156 non

2379 3206 2571 3261 posse,
2602 3207 2773 3246 nemo
2803 3191 2901 3261 qui
2934 3190 2984 3245 si
3016 3190 3191 3245 servit
3220 3191 3468 3262 ignorat.

2450 3279 2682 3335 CAPUT
2706 3279 2948 3334 LXXVI.
2972 3312 3035 3321 --
3059 3280 3115 3334 Si
3143 3284 3337 3335 autem
3361 3283 3663 3351 propterea
3686 3284 3897 3353 putant
3916 3297 4034 3336 non

2378 3371 2639 3442 potuisse
2661 3374 2842 3425 Deum
2871 3369 3086 3425 bellum
3103 3370 3423 3442 gerendum
3432 3370 3661 3441 jubere,
3677 3370 3813 3439 quia
3834 3369 4033 3425 Domi-

2380 3476 2491 3515 nus
2523 3463 2725 3531 postea
2765 3460 2937 3515 Jesus
2990 3459 3276 3526 Christus,
3308 3460 3435 3531 Ego,
3470 3458 3679 3531 inquit,
3710 3460 3830 3516 dico
3860 3460 4036 3527 vobis,

2378 3565 2489 3603 non
2520 3549 2772 3604 resistere
2799 3550 3063 3604 adversus
3094 3549 3303 3603 malum
3324 3565 3344 3611 ;
3372 3549 3463 3603 sed
3492 3550 3542 3603 si
3570 3548 3693 3620 quis
3725 3558 3777 3603 te
3803 3565 4037 3619 pereas-

2382 3638 2516 3694 serit
2540 3640 2599 3693 in
2616 3639 2912 3693 maxillam
2933 3643 3088 3693 luam
3100 3638 3561 3709 de.1:tram,praebe
3578 3637 3674 3693 illi
3691 3640 4037 3694 etsinistram

2383 3727 2589 3799 (Matth.
2614 3744 2667 3792 v,
2694 3728 2822 3795 39);
2856 3726 3185 3799 intelligant
3228 3727 3375 3783 hanc
3408 3727 3884 3799 praeparationem
3921 3744 4035 3783 non

2382 3833 2509 3873 esse
2535 3817 2591 3871 in
2622 3833 2883 3887 corpore,
2918 3817 3017 3871 sed
3044 3818 3100 3872 in
3126 3817 3334 3873 corde:
3365 3817 3445 3872 ibi
3476 3822 3564 3872 est
3583 3817 3741 3871 enim
3766 3825 4035 3873 sanctum

2382 3905 2571 3961 cubile
2602 3906 2860 3971 virtutis,
2895 3922 3021 3976 quas
3055 3906 3113 3960 in
3146 3905 3263 3961 illis
3311 3922 3542 3977 quoque
3572 3906 3829 3977 antiquis
3853 3906 4036 3977 justis

2384 3994 2603 4051 nostris
2624 3993 2888 4065 patribus
2913 3995 3217 4050 habitavit:
3240 3996 3338 4050 sed
3363 4012 3489 4051 eam
3515 4011 3708 4050 rerum
3722 3995 4035 4067 dispensa-

2383 4084 2600 4139 tionem
2634 4099 2701 4139 ac
2722 4083 3191 4139 distributionem
3218 4088 3547 4156 temporum
3573 4084 3713 4139 ordo
3738 4084 4035 4156 poscebat,

2385 4178 2451 4228 ut
2482 4174 2645 4245 prius
2675 4177 2983 4244 appareret
3006 4174 3181 4228 etiam
3210 4173 3340 4245 ipsa
3369 4173 3521 4228 bona
3549 4178 3799 4238 terrena,
3824 4172 3880 4227 in
3905 4173 4036 4244 qui-

2386 4263 2496 4318 bus
2526 4267 2583 4317 et
2614 4269 2873 4317 humana
2898 4279 3084 4333 regna
3114 4267 3169 4317 et
3200 4279 3267 4317 ex
3289 4262 3555 4318 hostibus
3584 4262 3835 4317 victoriae
3860 4262 4041 4334 depu-

2386 4356 2852 4423 tantur,propter
2870 4369 2999 4423 quas
3017 4351 3267 4407 maxime
3279 4352 3479 4407 civitas
3493 4351 3806 4423 impiorum
3826 4351 4041 4407 diffusa

2388 4458 2489 4512 per
2519 4443 2807 4497 mundum
2836 4441 3165 4513 supplicare
3197 4440 3371 4496 idolis
3396 4446 3453 4496 et
3474 4440 3837 4496 daemonibus
3869 4440 4038 4508 solet,

2388 4548 2499 4587 non
2528 4531 2639 4587 nisi
2655 4532 2724 4586 ad
2739 4531 2916 4585 unius
2931 4531 3030 4586 Dei
3049 4530 3163 4585 veri
3180 4534 3523 4601 potestatem
3539 4535 3631 4601 atq
3644 4547 3713 4585 ue
3729 4530 4039 4587 arbitrium

2389 4619 2865 4691 pertinere.Unde
2883 4619 3131 4675 etVetus
3143 4620 3585 4675 Testamentum
3603 4624 3891 4675 secretum
3908 4636 4039 4691 reg-

2390 4710 2447 4765 ni
2466 4710 2747 4766 ccelorum
2768 4714 3029 4780 tempore
3049 4713 3379 4781 opportuno
3394 4708 3768 4781 aperiendum
3789 4709 4039 4779 promis-

2389 4799 2653 4855 sionibus
2665 4798 2911 4854 terrenis
2928 4799 3501 4869 operuit,etquodam
3516 4797 3687 4853 modo
3701 4799 4040 4854 umbrosius

2388 4888 2672 4960 opacavit.
2726 4887 2833 4943 Ubi
2883 4892 3079 4943 autem
3110 4887 3265 4943 venit
3310 4886 3608 4958 plenitudo
3638 4887 3942 4959 temporis,
3978 4892 4040 4944 ut

2388 4978 2610 5035 Novum
2623 4978 3063 5033 Testamentum
3085 4976 3616 5048 revelarstur,quod
3637 4976 3840 5049 figuris
3863 4976 4041 5033 Vete-

2389 5067 2471 5124 ris
2486 5065 3070 5134 velabatur,evidenti
3085 5066 3491 5122 testiﬁcatione
3496 5067 3622 5136 jam
3634 5065 4040 5122 demonstran-

2389 5159 2529 5213 dum
2564 5160 2707 5225 erat,
2740 5171 2868 5211 esse
2899 5155 3075 5211 aliam
3101 5155 3281 5211 vitam
3310 5171 3413 5227 pro
3443 5171 3561 5225 qua
3583 5154 3753 5209 debet
3784 5153 3907 5209 haec
3931 5155 4042 5209 vita

2387 5246 2703 5311 contemni,
2730 5249 2785 5300 et
2807 5244 2965 5300 aliud
2989 5262 3233 5317 regnum
3264 5261 3366 5316 pro
3389 5260 3505 5315 quo
3528 5247 3755 5315 oportet
3775 5244 4040 5300 omnium

2388 5326 2753 5393 terrenarum
2794 5349 3106 5406 regnorum
3148 5333 3568 5389 adversitatum
3614 5333 4041 5404 patientissime

2388 5423 2611 5482 stineri.
2629 5422 2875 5479 Proinde
2892 5440 2994 5496 per
3011 5439 3257 5494 quorum
3277 5422 3696 5487 confessiones,
3714 5421 4036 5491 passiones,

2387 5516 2445 5569 et
2475 5516 2691 5567 mortes
2722 5510 2832 5567 hoc
2864 5516 2978 5565 Deo
3025 5509 3243 5581 placuit
3292 5510 3580 5579 attestari,
3622 5514 3907 5582 martyres
3939 5527 4037 5580 ap-

2388 5600 2698 5673 pellantur,
2723 5600 2819 5670 qui
2850 5600 3028 5655 latine
3053 5603 3233 5655 testes
3253 5599 3709 5673 interpretantur
3739 5615 3751 5655 :
3785 5614 4035 5669 quorum

2388 5708 2668 5747 numerus
2690 5694 2891 5746 tantus
2920 5688 3191 5755 efﬂoruit,
3222 5694 3286 5744 ut
3316 5688 3365 5745 si
3391 5706 3488 5747 eos
3510 5687 3802 5758 Christus,
3837 5687 3941 5763 qui
3961 5688 4031 5746 de

2450 5793 2468 5830 1
2499 5792 2560 5843 In
2587 5789 2733 5854 Μαι,
2764 5802 2877 5841 cum
2905 5787 2966 5840 id
2991 5787 3126 5852 quod
3135 5787 3374 5853 jubetur.
