4462 6492
173 474 301 535 449

175 605 327 661 coelo
357 604 601 661 Saulum
633 605 877 673 vocabit,
911 612 969 663 et
997 624 1065 662 ex
1095 607 1232 680 lupo
1282 609 1499 665 factum
1549 626 1744 674 ovem,
1781 608 1839 662 in

1293 474 1527 536 LIBER
1572 472 1999 536 VIGESIMUS
2048 474 2485 537 SECUNDUS.

3474 477 3597 541 450

1949 609 2192 674 videtur,
2219 609 2371 679 quod
2395 609 2550 663 aliud
2575 612 2714 664 tunc
2740 614 2887 664 Deus
2918 612 3187 684 pracepit
3228 612 3598 684 dispensato-

179 697 448 751 medium
478 695 746 768 luporum
782 698 943 752 misit
974 698 1107 769 (Act.
1143 706 1241 767 ιχ),
1266 703 1648 771 congregatos
1670 697 1842 753 vellet
1950 697 2113 751 ribus
2138 699 2358 753 Veteris
2385 700 2739 753 ’l‘cstamenti
2766 700 2863 753 ubi
2888 700 3024 754 Novi
3050 702 3237 771 gratia
3271 701 3595 770 velabatur,

180 801 420 841 armare
436 792 610 857 atque
627 788 903 855 adjuvare
919 791 1262 858 pugnantes,
1278 788 1429 842 sicut
1449 788 1721 843 Hebraeos
1742 803 1831 857 pa-

180 877 311 929 tres
331 874 576 944 adjuvit,
599 891 729 945 quae
751 880 955 946 gentes
980 875 1359 931 resisterent?
1383 894 1510 948 quas
1531 893 1708 948 regna
1732 892 1846 930 non

184 962 506 1018 cederent?
526 964 633 1018 Sed
659 968 721 1017 ut
744 963 1267 1034 praeclarissimum
1288 966 1691 1020 testimonium
1710 963 1850 1019 veri-

185 1051 301 1105 tati
334 1051 757 1123 pcrhiberetur,
806 1070 923 1124 qua
965 1055 1119 1124 jam‘
1174 1055 1503 1109 docendum
1555 1060 1700 1121 erat,
1735 1071 1849 1108 non

188 1145 438 1212 propter
455 1141 835 1210 temporalem
850 1142 907 1196 in
923 1141 1029 1197 hac
1046 1142 1096 1196 vi
1109 1148 1182 1212 ta,
1203 1144 1301 1198 sed
1321 1148 1557 1215 propter
1572 1148 1850 1198 aeternam

190 1234 333 1301 post
354 1229 504 1285 hanc
524 1229 697 1285 vitam
725 1230 1052 1286 felicitatem
1078 1231 1193 1287 Deo
1221 1248 1347 1287 esse
1369 1232 1762 1299 serviendum,
1787 1248 1856 1287 ea

188 1335 324 1390 quas
346 1318 519 1391 vulgo
541 1318 851 1374 infelicitas
876 1319 1108 1391 dicitur,
1134 1337 1236 1391 pro
1258 1321 1361 1376 illa
1385 1320 1661 1375 felicitate
1684 1321 1856 1376 sube-

192 1408 364 1463 unda
388 1408 573 1462 fuerat
593 1413 649 1463 et
670 1407 924 1463 ferenda.
956 1408 1154 1480 Itaque
1171 1408 1226 1462 in
1249 1408 1613 1480 plenitudine
1634 1414 1856 1479 tempo-

193 1518 339 1555 rum
362 1500 541 1556 Filius
572 1500 670 1556 Dei
703 1500 893 1555 factus
926 1517 995 1556 ex
1033 1499 1297 1565 muliere,
1330 1501 1518 1556 factus
1550 1501 1657 1557 sub
1687 1501 1856 1572 Lege,

199 1595 273 1645 ut
306 1607 405 1645 eos
453 1590 551 1661 qui
584 1591 693 1645 sub
736 1594 879 1661 Lege
910 1593 1073 1644 erant
1104 1589 1418 1645 redimeret
1448 1588 1654 1661 (Galat.
1692 1606 1768 1655 1v,
1805 1590 1857 1654 4,

196 1681 286 1751 5),
323 1681 511 1735 factus
532 1696 601 1736 ex
624 1679 845 1737 semine
867 1679 1044 1735 David
1071 1682 1395 1736 secundum
1420 1698 1655 1737 carnem
1682 1681 1856 1749 (Rom.

200 1788 241 1841 ι,
277 1771 355 1841 3),
391 1769 572 1824 mittit
604 1769 921 1840 discipulos
956 1768 1111 1824 velut
1142 1786 1275 1824 oves
1310 1771 1369 1824 in
1402 1770 1659 1825 medium
1694 1768 1859 1840 lupo-

203 1875 369 1928 rum,
399 1863 455 1914 et
481 1864 676 1913 monet
702 1875 769 1913 ne
795 1859 1039 1913 timeant
1059 1875 1156 1913 eos
1191 1859 1289 1930 qui
1325 1875 1536 1931 corpus
1569 1859 1861 1925 occidunt,

203 1948 472 2002 animam
489 1952 684 2001 autem
701 1963 814 2002 non
831 1952 1078 2019 possunt
1096 1948 1864 2019 occidere;promittitetiam

204 2036 403 2109 ipsius
430 2036 689 2107 corporis
719 2036 1110 2091 renovandam
1144 2037 1541 2109 integritatem
1577 2053 1762 2109 usque
1793 2037 1864 2092 ad

212 2124 414 2197 capilli
447 2126 873 2196 reparationem
921 2127 1133 2197 (Matth.
1188 2144 1241 2193 x,
1301 2128 1385 2191 16,
1430 2127 1520 2189 28,
1551 2128 1677 2198 30):
1715 2126 1868 2182 Petri

217 2214 485 2287 gladium
500 2219 728 2269 revocat
741 2214 800 2269 in
815 2214 1081 2285 vaginam
1094 2231 1314 2282 ;aurem
1329 2215 1550 2271 inimici
1568 2216 1868 2288 praecisum

216 2308 455 2374 reparat
473 2303 542 2357 ad
564 2302 871 2373 pristinam
898 2304 1142 2359 formam
1162 2320 1174 2358 :
1192 2304 1404 2360 dicitse
1419 2304 1747 2376 legionibus
1762 2310 1872 2358 An-

217 2393 423 2464 geloru
436 2408 489 2447 m
509 2392 795 2463 imperare
811 2392 1067 2463 potuisse
1081 2393 1152 2447 ad
1174 2392 1871 2465 delendosinimicos,nisi

218 2480 369 2536 calix
385 2481 673 2535 bibendus
688 2486 857 2548 esset,
875 2497 1048 2552 quem
1066 2487 1307 2552 paterna
1323 2482 1593 2538 voluntas
1616 2483 1875 2538 dedisset

214 2571 324 2641 (Id.
351 2587 502 2635 xxvr,
532 2571 624 2638 52,
655 2571 808 2638 53;;
838 2571 967 2627 Luc.
1002 2588 1142 2635 XXII,
1171 2572 1260 2637 51,
1311 2572 1400 2637 42,
1433 2578 1482 2628 et
1510 2574 1669 2628 Joan.
1701 2587 1872 2639 xvm,

214 2658 349 2730 11);
385 2658 533 2713 bibit
566 2660 923 2730 praecedens,
959 2660 1231 2731 propinat
1253 2661 1634 2731 sequentibus
1663 2661 1879 2716 :virtu-

216 2753 337 2803 tem
360 2747 656 2818 patientia:
679 2764 786 2802 suo
815 2748 1059 2804 revelat’
1095 2756 1401 2821 praecepto,
1436 2767 1540 2804 suo
1572 2751 1880 2804 confirmat

219 2836 510 2907 exemplo.
537 2837 755 2908 Propter
779 2837 921 2909 quod
944 2839 1085 2893 Deus
1100 2839 1605 2894 illumsuscitavita
1623 2841 1877 2911 mortuis,

225 2932 277 2982 et
300 2927 527 2983 donavit
544 2930 596 2983 ei
620 2932 817 2983 nomen
839 2929 979 3000 quod
1001 2939 1083 2984 est
1105 2946 1272 3001 super
1302 2947 1462 2986 omne
1489 2947 1717 2987 nomen:
1734 2941 1791 2986 ut
1821 2932 1883 2985 in

224 3018 454 3072 nomine
482 3018 607 3073 Jesu
656 3033 813 3072 omne
838 3035 981 3089 genu
1022 3020 1301 3088 ﬂectatur,
1332 3021 1644 3091 caelestium,
1677 3025 1881 3075 terres-

231 3110 427 3178 trium,
451 3117 500 3163 et
528 3111 907 3178 infernarum;
925 3119 974 3166 et
994 3112 1169 3166 omnis
1194 3112 1389 3179 lingua
1410 3113 1733 3181 conﬁteatur
1754 3114 1885 3184 quia

231 3198 502 3252 Dominus
531 3202 692 3255 Jesus
721 3200 777 3253 in
808 3201 987 3269 gloria
1018 3210 1095 3255 est
1114 3201 1209 3256 Dei
1226 3202 1413 3256 Patris
1435 3200 1705 3272 (Philipp.
1739 3218 1800 3268 ιι,
1823 3202 1884 3255 9-

235 3286 347 3357 11).
376 3286 785 3358 Regnaverunt
806 3288 900 3343 hic
932 3305 1067 3361 ergo
1100 3289 1447 3343 Patriarchas
1479 3292 1535 3345 et
1565 3289 1885 3361 PrOphetae,

235 3379 306 3429 ut
326 3380 383 3429 et
406 3374 518 3430 ista
539 3393 716 3447 regna
739 3381 918 3431 Deum
942 3378 1079 3432 dare
1109 3385 1164 3432 et
1191 3378 1417 3433 auferre
1449 3379 1847 3434 ostenderetur
1871 3396 1885 3434 :

239 3481 360 3519 non
386 3463 478 3519 hic
497 3465 1152 3538 regnaveruntApostoli
1168 3471 1224 3521 et
1239 3472 1542 3539 martyres,
1565 3471 1627 3521 ut
1644 3484 1886 3538 regnum

237 3552 526 3609 caelorum
547 3553 995 3609 desiderandum
1020 3555 1214 3627 potius
1233 3556 1600 3625 panderetur.
1622 3555 1703 3610 Illi
1726 3572 1889 3627 reges

240 3641 431 3697 bella3
447 3648 775 3713 gesserunt,
801 3648 864 3697 ut
885 3642 1031 3698 tales
1056 3660 1285 3715 quoque
1305 3644 1572 3699 victorias
1590 3648 1893 3717 appareret

245 3731 342 3787 Dei
367 3730 668 3786 voluntate
689 3732 949 3802 prastari
966 3749 979 3786 :
996 3731 1094 3787 isti
1117 3749 1229 3787 nou
1256 3732 1579 3788 resistendo
1604 3733 1890 3788 interfecti

242 3824 404 3886 sunt,
438 3824 501 3875 ut
534 3822 814 3892 potiorem
846 3823 1274 3876 esse'docerent
1302 3822 1605 3877 victoriam
1646 3839 1747 3893 pro
1780 3822 1892 3877 fide

238 3910 502 3965 veritatis
514 3909 719 3965 occidi.
735 3909 1080 3983 Quanquam
1100 3916 1157 3966 et
1174 3909 1292 3965 illic
1308 3910 1601 3981 Prophetas
1618 3915 1896 3966 noverant

244 3998 393 4055 mori
420 4015 521 4070 pro
552 3999 813 4067 veritate,
846 3999 1001 4055 sicut
1032 4001 1155 4071 ipse
1191 3999 1468 4055 Dominus
1499 4000 1659 4066 dicit,
1695 4000 1735 4055 A
1767 4016 1895 4055 san-

240 4092 410 4161 guine
427 4090 557 4145 Abel
574 4105 745 4162 usque
764 4089 835 4145 ad
853 4090 1181 4160 sanguinem
1201 4089 1487 4144 Zachariae
1506 4090 1709 4160 (Matth.
1731 4106 1891 4154 xxxii,

244 4180 375 4250 35):
401 4184 457 4233 et
488 4178 579 4233 hic
603 4184 985 4251 posteaquam
1010 4178 1219 4250 ccepit‘
1242 4176 1493 4249 impleri,
1522 4178 1676 4250 quod
1704 4179 1811 4233 sub
1836 4178 1897 4232 ti-

242 4284 393 4341 gura
433 4266 725 4322 Salomnis
774 4268 896 4338 (qui
932 4267 1111 4322 latine
1142 4267 1559 4339 interpretatur
1588 4267 1895 4338 Paciﬁcus)

248 4357 321 4411 de
347 4355 593 4411 Domino
615 4356 843 4411 Christo
866 4356 1013 4427 (ipse
1036 4360 1123 4410 cst
1144 4357 1299 4410 enim
1324 4373 1435 4427 pax
1457 4360 1655 4410 nostra
1677 4355 1892 4426 (Ephes.

248 4463 313 4512 ιι,
340 4445 428 4516 14)
451 4445 511 4499 in
543 4445 774 4501 Psalmo
796 4445 1207 4516 pr0phetatum
1230 4449 1338 4511 est,
1362 4445 1428 4499 Et
1452 4444 1754 4499 adorabunt
1773 4460 1898 4499 eum

248 4549 437 4590 omnes
466 4549 617 4605 reges
646 4537 833 4601 terrae,
885 4550 1070 4590 omnes
1114 4542 1296 4604 gentes
1338 4535 1577 4588 servient
1606 4533 1697 4587 illi
1723 4533 1893 4603 (Psal.

250 4639 403 4690 LXXI,
426 4623 513 4693 11)
532 4640 545 4691 ;
568 4620 873 4677 christiani
893 4638 1123 4693 quoque
1149 4622 1529 4693 imperatores
1554 4619 1784 4692 plenam
1800 4636 1896 4692 ge-

248 4716 443 4767 rentes
468 4711 741 4766 ﬁduciam
767 4711 996 4782 pietatis
1016 4710 1076 4765 in
1094 4710 1344 4774 Christo,
1366 4710 1436 4764 de
1454 4709 1710 4764 inimicis
1728 4710 1900 4765 sacri-

250 4801 421 4873 legis,
458 4817 553 4872 qui
587 4816 746 4872 spem
775 4817 943 4855 suam
981 4800 1035 4854 in
1061 4797 1449 4855 sacramentis
1473 4797 1760 4853 idolorum
1785 4799 1898 4853 daa-

254 4906 616 4961 monumque
666 4893 1003 4961 posuerant,
1063 4886 1553 4961 gloriosissimam
1596 4887 1899 4943 victoriam

249 4983 674 5050 perceperunt;
711 4994 845 5033 cum
887 4976 1277 5049 apertissimis
1321 4976 1767 5048 notissimisque
1798 4977 1899 5032 do-

252 5067 569 5133 cumentis,
603 5070 659 5121 et
689 5066 905 5139 quibus
933 5064 1200 5120 nonnulli
1228 5066 1350 5135 jam
1374 5065 1656 5135 scriptum
1680 5082 1900 5121 memo-

253 5156 355 5211 riae
388 5155 894 5226 commendarunt,
930 5154 1061 5210 illos
1095 5153 1361 5209 fallerent
1388 5152 1660 5209 vaticinia
1690 5154 1900 5209 daemo-

250 5246 513 5312 niorum,
548 5245 653 5300 hos
682 5244 985 5300 ﬁrmarent
1016 5243 1293 5315 pradicta
1326 5248 1684 5297 sanctorum.

326 5332 564 5391 CAPUT
581 5332 842 5389 LXXVII.
859 5332 995 5387 -—Si
1014 5335 1209 5387 autem
1228 5331 1336 5387 hoc
1358 5330 1574 5386 mirum
1597 5330 1726 5387 istis
1741 5330 1902 5388 vanis

321 5524 337 5557 ι
371 5520 628 5570 Nonnulli
658 5520 886 5579 codices,
920 5521 1041 5584 quia
1068 5519 1199 5584 iam,

317 5586 340 5619 ²
367 5586 484 5632 Am.
516 5584 593 5631 Er.
632 5586 684 5633 et
710 5577 1078 5633 Cister'ciensis'
1104 5581 1292 5639 codex,
1322 5577 1529 5627 relevat.

309 5648 332 5682 ³
363 5647 479 5695 Am.
511 5650 565 5696 et
590 5646 695 5705 Er.,
733 5646 819 5695 Illi
842 5647 954 5710 regi
986 5644 1138 5695 bella.
1174 5641 1432 5693 Nonnulli
1454 5642 1596 5701 Mss,
1620 5641 1705 5691 Illi
1724 5658 1902 5709 regum

254 5709 532 5821 ὁεδῃὲξιίιίο
561 5770 708 5831 Lov.,
741 5771 1046 5833 Quanquam
1075 5772 1124 5821 et
1152 5767 1299 5818 illi...
1332 5767 1392 5816 Et
1421 5765 1535 5816 ideo
1552 5768 1727 5831 postea
1747 5782 1901 5833 quam

244 5834 415 5901 capit.
446 5834 745 5899 Castigatnr
774 5847 840 5884 ex
878 5834 1003 5884 Mss.

1953 786 2103 841 aliud
2129 788 2604 858 praedicatoribus
2620 789 2756 842 Novi
2774 790 3127 844 Testamenti
3149 792 3242 844 ubi
3258 790 3482 847 Veteris
3502 794 3599 846 ob-

1954 876 2203 932 scuritas
2228 877 2535 943 revelatur,
2558 877 2862 931 attendant
2885 878 3075 947 ipsum
3103 879 3412 935 Dominum
3440 880 3599 935 Chri-

1954 970 2113 1019 stum
2147 970 2469 1020 mutantem
2516 983 2640 1037 qum
2685 966 2929 1033 dixerat,
2964 972 3021 1021 et
3071 967 3227 1023 aliud
3260 970 3553 1025 dicentem
3583 987 3595 1025 :

1957 1056 2179 1123 Quando
2200 1056 2329 1109 misi
2350 1072 2456 1123 vos,
2484 1055 2693 1127 inquit,
2719 1058 2837 1110 sine
2850 1058 3065 1112 sacculo
3091 1066 3140 1113 et
3161 1074 3293 1128 pera
3314 1064 3363 1114 et
3387 1062 3601 1115 calcea-

1955 1146 2175 1213 mentis,
2200 1145 2471 1216 numquid
2493 1144 2654 1199 aliud
2674 1144 2847 1215 defuit
2882 1146 3029 1200 vobis
3048 1150 3073 1199 .9
3114 1149 3179 1201 At
3202 1148 3290 1203 illi
3309 1149 3602 1216 dixerunt,

1958 1232 2137 1289 Nihil.
2175 1234 2314 1288 Dicit
2360 1250 2487 1301 ergo
2516 1236 2593 1289 eis
2616 1253 2633 1287 :
2685 1233 2785 1289 Sed
2814 1251 2958 1289 nunc
2986 1237 3083 1306 qui
3111 1237 3271 1292 habet
3304 1239 3606 1309 sacculum,

1960 1323 2134 1387 tollat,
2165 1324 2425 1377 similiter
2444 1331 2494 1377 et
2513 1339 2701 1392 peram
2722 1340 2742 1383 ;
2765 1331 2815 1378 et
2836 1327 2933 1394 qui
2954 1340 3063 1379 non
3085 1323 3273 1393 habet,
3297 1326 3499 1382 vendat
3519 1334 3604 1382 tu-

1958 1413 2142 1467 nicam
2156 1428 2332 1481 suam,
2357 1415 2405 1467 et
2425 1416 2570 1467 emat
2589 1412 2857 1481 gladium.
2887 1412 2985 1467 Isti
3010 1419 3161 1468 certe
3179 1414 3225 1469 si
3246 1414 3359 1470 ista
3376 1414 3607 1471 diversa

1960 1501 2021 1555 in
2042 1502 2426 1556 Testamentis
2448 1501 2696 1571 singulis
2722 1501 3064 1565 invenirent,
3100 1503 3303 1559 Vetere
3334 1508 3390 1559 et
3421 1505 3603 1569 Novo,

1964 1590 2137 1645 etiam
2170 1606 2237 1645 ex
2266 1590 2376 1645 hoc
2406 1589 2745 1654 clamarent,
2780 1590 2893 1645 duo
2924 1592 3035 1646 sibi
3075 1594 3448 1649 Testamenta
3474 1611 3605 1651 esse

1965 1680 2273 1733 contraria.
2300 1678 2446 1745 Quid
2472 1695 2606 1751 ergo
2632 1694 2785 1733 nunc
2808 1682 3264 1751 respondebunt,
3289 1699 3422 1737 cum
3448 1684 3604 1740 idem

1965 1768 2089 1839 ipse
2112 1768 2463 1834 dicit,Antea
2490 1770 2617 1821 misi
2639 1786 2727 1826 vos
2744 1770 2863 1826 sine
2881 1772 3094 1826 sacculo
3109 1780 3156 1825 et
3176 1788 3313 1841 pera
3335 1781 3384 1825 et
3406 1774 3608 1828 calcea-

1966 1857 2187 1919 mentis,
2217 1861 2273 1908 et
2304 1854 2447 1908 nihil
2483 1858 2629 1910 vobis
2660 1859 2877 1927 defuit:
2917 1874 3065 1913 nunc
3097 1866 3290 1914 autem
3322 1864 3419 1930 qui
3451 1860 3611 1916 habet

1967 1943 2272 2008 sacculum,
2300 1945 2475 2011 tollat,
2503 1946 2765 2000 similiter
2788 1954 2839 2001 et
2858 1964 3078 2017 peram;
3101 1952 3151 2002 et
3172 1951 3269 2019 qui
3284 1950 3439 2003 habet
3465 1952 3614 2005 tuni-

1969 2048 2111 2101 cam,
2130 2033 2327 2087 vendat
2340 2035 2807 2104 etematgladium
2820 2035 3058 2091 ?Jamne
3072 2036 3403 2109 intelligunt
3417 2055 3621 2110 quem-

1972 2123 2287 2177 admodum
2321 2122 2483 2177 nulla
2516 2122 2907 2179 inconstantia
2947 2125 3356 2196 praecipientis,
3390 2127 3489 2182 sed
3522 2144 3613 2181 ra-

1976 2212 2127 2267 tione
2160 2212 2577 2282 dispensantis,
2612 2229 2713 2283 pro
2740 2198 3066 2284 temporum
3091 2213 3443 2283 diversitate,
3471 2233 3613 2286 pres-

1975 2306 2160 2372 cepta,
2186 2300 2272 2355 vel
2296 2300 2560 2366 consilia,
2587 2301 2672 2356 vel
2695 2303 2981 2372 permissa
3010 2309 3310 2358 mutentur
3330 2304 3357 2358 ‘l
3388 2305 3532 2359 Nam
3566 2304 3617 2360 si

1976 2390 2178 2445 dicunt
2198 2389 2336 2445 certi
2362 2390 2620 2461 mysterii
2644 2390 2830 2461 gratia
2853 2391 2957 2446 hoc
2990 2393 3058 2446 de
3090 2391 3346 2447 tollendo
3378 2391 3612 2448 sacculo

1977 2484 2032 2534 et
2060 2495 2195 2551 pera
2227 2483 2281 2533 et
2310 2480 2557 2533 emendo
2587 2479 2779 2549 gladio
2818 2479 3079 2534 locutum
3130 2481 3329 2545 fuisse,
3365 2498 3470 2535 cur
3502 2499 3618 2536 non

1978 2568 2046 2623 ad
2059 2566 2449 2621 mittuntcerti
2470 2566 2723 2639 mysterii
2743 2568 2928 2639 gratia
2945 2584 3011 2622 eu
3024 2569 3213 2623 mdem
3236 2587 3267 2622 υ
3280 2586 3417 2624 num
3440 2569 3620 2625 Deum

1980 2662 2120 2711 tunc
2144 2656 2460 2726 Prophetas
2483 2672 2677 2728 gerere
2697 2656 3125 2727 bellajussisse,
3149 2675 3302 2713 nunc
3315 2657 3622 2729 Apostolos

1982 2745 2397 2817 prohibuisse?
2426 2745 2622 2816 Neque
2653 2747 2807 2800 enim
2841 2745 2893 2799 in
2929 2763 2993 2800 eo
3026 2747 3179 2817 quod
3213 2764 3279 2801 ex
3311 2747 3620 2818 Evangelia

1982 2834 2588 2898 commemoravimus,
2622 2835 2794 2889 verba
2822 2839 3049 2890 tantum
3085 2835 3313 2890 Domini
3348 2838 3622 2891 fuerunt:

1985 2924 2082 2978 sed
2100 2928 2154 2977 et
2166 2924 2627 2993 obtemperantiu
2640 2941 2693 2978 m
2707 2940 2933 2995 quoque
2948 2924 3364 2996 discipulorum
3385 2927 3533 2981 facta
3547 2942 3631 2981 se-

1986 3018 2119 3067 cuta
2137 3017 2294 3067 sunt.
2318 3013 2462 3067 Nam
2483 3017 2538 3067 et
2554 3018 2693 3067 tunc
2711 3014 2834 3068 sine
2853 3014 3083 3069 sacculo
3102 3021 3157 3069 et
3180 3032 3315 3085 pera
3333 3016 3546 3081 ierunt,
3572 3020 3633 3070 et.

1988 3101 2132 3155 nihil
2152 3102 2236 3156 eis
2254 3100 2467 3166 deluit;
2492 3101 2641 3155 sicut
2658 3102 2786 3171 ejus
2812 3103 3188 3173 interrogatio
3212 3107 3267 3157 et
3286 3120 3485 3159 eorum
3508 3120 3631 3159 res-

1989 3191 2193 3261 ponsio
2216 3188 2624 3256 declaravit,Et
2647 3207 2802 3245 nunc
2820 3191 3090 3245 dixerunt
3107 3191 3179 3259 ei,
3200 3208 3330 3246 cum
3352 3192 3421 3247 de
3439 3192 3632 3263 gladio

1990 3279 2234 3333 emendo
2258 3280 2558 3349 jussisset,
2613 3282 2754 3335 Ecce
2799 3288 2928 3335 sunt
2970 3280 3057 3335 hic
3085 3280 3188 3335 duo
3218 3280 3411 3352 gladii.
3449 3281 3515 3335 Et
3546 3280 3633 3335 illi

1992 3368 2310 3438 respondit,
2337 3368 2574 3439 Sufﬁcit.
2598 3367 2742 3423 Hinc
2763 3373 2819 3424 et
2836 3373 3044 3423 Petrus
3067 3376 3329 3425 armatus
3360 3370 3633 3425 inventus

1992 3461 2101 3520 est,
2117 3473 2249 3510 cum
2268 3473 2464 3510 aurem
2489 3457 2871 3527 persecutoris
2890 3458 3165 3512 abscidit:
3195 3458 3289 3512 ubi
3311 3464 3636 3529 spontanee.

1993 3545 2120 3614 ejus
2167 3549 2463 3599 coercetur
2512 3544 2753 3599 audacia
2798 3545 2945 3616 (Luc.
2994 3563 3133 3610 xxn,
3166 3546 3256 3611 35,
3289 3547 3377 3615 36,
3410 3547 3500 3610 38,
3532 3547 3628 3611 50,

1991 3635 2082 3703 51)
2109 3651 2123 3700 ;
2173 3634 2310 3704 quia
2356 3650 2470 3688 non
2500 3638 2564 3687 ut
2587 3634 2794 3703 jussus
2827 3635 3015 3689 fuerat
3046 3635 3263 3689 ferrum
3298 3634 3521 3700 tollere,
3554 3633 3637 3689 ita

1986 3723 2192 3793 jussus
2218 3723 2407 3777 fuerat
2427 3727 2482 3777 et
2506 3722 2690 3777 ferire.
2721 3723 2961 3777 Latebat
2992 3729 3143 3778 certe
3178 3723 3402 3779 Domini
3434 3722 3639 3778 volun-

1998 3818 2105 3877 tas,
2140 3829 2244 3867 cur
2272 3828 2433 3866 arma
2481 3811 2697 3882 portari
2745 3817 3137 3884 prmcepisset,
3184 3813 3400 3883 quibus
3430 3829 3527 3867 eos
3556 3811 3640 3867 uti

1997 3900 2300 3956 noluisset.
2334 3904 2750 3955 Verumtamen
2783 3900 2853 3955 ad
2890 3900 3051 3955 illum
3084 3918 3217 3955 cum
3253 3901 3474 3956 ratione
3497 3917 3639 3972 prie-

1997 3989 2206 4061 cipere,
2232 3990 2301 4045 ad
2334 3989 2476 4045 istos
2505 3994 2698 4045 autem
2748 3990 2873 4045 sine
2918 3990 3323 4045 retractatione
3355 3995 3641 4063 praecepta

1998 4080 2184 4134 facere
2214 4078 2560 4151 pertinebat.

2068 4224 2301 4280 CAPUT
2317 4222 3062 4279 LXXVIII.—-Calumniosa
3078 4240 3212 4296 ergo
3227 4223 3647 4295 imperitiaMo-

1998 4332 2128 4388 yses
2153 4312 2597 4384 reprehenditur
2618 4314 2768 4383 quod
2813 4312 2965 4368 bella
3008 4314 3275 4384 gesserit,
3308 4314 3405 4385 qui
3442 4315 3642 4369 minus

2000 4402 2342 4475 reprehendi
2362 4402 2582 4467 debuit,
2604 4403 2650 4456 si
2667 4419 2772 4456 sua
2790 4408 2997 4473 sponte
3011 4408 3252 4475 gereret,
3271 4420 3447 4475 quam
3462 4403 3509 4459 si
3530 4404 3644 4458 Deo

1992 4494 2233 4563 jubente
2255 4507 2369 4546 non
2401 4494 2657 4561 gereret:
2691 4490 2886 4560 ipsum
2913 4507 3044 4545 vero
3078 4496 3280 4563 Deum,
3313 4493 3469 4563 quod
3501 4490 3644 4547 talia

1992 4580 2256 4651 jusserit,
2290 4579 2501 4634 audere
2534 4578 2971 4649 reprehendere,
3006 4578 3091 4633 vel
3126 4580 3307 4635 Deum
3332 4582 3566 4650 justum
3590 4583 3647 4635 et

2003 4670 2220 4723 bonum
2238 4667 2583 4738 taliajubere
2598 4668 2857 4737 potuisse
2874 4684 2985 4722 non
3002 4669 3520 4734 credere,hominis
3534 4672 3643 4737 est,

2002 4762 2067 4812 ut
2084 4756 2284 4812 mitius
2306 4756 2531 4827 loquar,
2550 4755 2802 4827 cogitare
2828 4772 2939 4810 non
2963 4756 3207 4813 valentis
3230 4757 3433 4812 divinae
3459 4755 3644 4829 provi-

2002 4846 2208 4902 dentiae
2227 4862 2328 4916 per
2345 4849 2552 4899 cuncta
2564 4861 2798 4900 summa
2815 4851 2987 4914 atque
3004 4847 3122 4901 ima
3138 4846 3399 4901 tendenti
3420 4861 3523 4901 nec
3540 4861 3644 4899 no-

2000 4950 2137 4988 vum
2161 4949 2287 4988 esse
2309 4932 2462 5002 quod
2490 4931 2695 4999 oritur,
2722 4949 2825 4989 nec
2848 4935 3033 5005 perire
3056 4934 3208 5006 quod
3237 4933 3513 5001 moritur;
3546 4927 3649 4987 sed

2003 5023 2059 5077 in
2093 5038 2197 5077 suo
2229 5020 2461 5092 singula
2490 5037 2734 5093 qumque
2766 5023 2968 5078 ordine
3000 5024 3117 5078 sive
3149 5028 3492 5078 naturarum
3531 5020 3653 5077 sive

2004 5110 2347 5167 meritorum
2376 5108 2461 5165 vel
2493 5110 2745 5177 credere,
2777 5110 2865 5166 vel
2896 5113 3225 5180 succedere,
3258 5112 3343 5167 vel
3374 5125 3649 5167 manere:

2005 5200 2311 5255 hominum
2339 5204 2533 5254 autem
2558 5204 2774 5254 rectam
2792 5201 3148 5255 voluntatem
3169 5201 3374 5254 divinae
3396 5199 3653 5272 legicon-

1996 5290 2191 5361 jungi,
2215 5287 2608 5343 inordinatam
2629 5305 2763 5343 vero
2780 5289 3155 5359 cupiditatem
3174 5290 3378 5344 divinae
3400 5288 3546 5361 legis
3564 5305 3654 5343 or-

2005 5380 2140 5435 dine
2162 5378 2409 5433 coerceri
2438 5402 2453 5444 ;
2481 5382 2544 5431 ut
2566 5392 2668 5431 nec
2698 5376 2887 5433 bonus
2914 5377 3070 5433 aliud
3103 5396 3279 5450 quam
3312 5379 3654 5451 praecipitur

2003 5468 2159 5535 velit,
2185 5484 2288 5523 nec
2310 5464 2502 5521 malus
2522 5464 2774 5536 amplius
2790 5483 2965 5536 quam
2985 5469 3342 5539 permittitur
3361 5467 3656 5540 possit;ita

2007 5573 2167 5623 sane,
2194 5561 2257 5612 ut
2280 5573 2391 5611 non
2415 5554 2653 5625 impune
2675 5556 2856 5625 possit
2876 5558 3030 5627 quod
3055 5558 3269 5628 injuste
3287 5556 3558 5613 voluerit.
3575 5558 3656 5610 Ac

2008 5664 2109 5719 per
2128 5646 2237 5701 hoc
2265 5645 2323 5700 in
2357 5643 2631 5699 omnibus
2662 5659 2789 5713 quae
2822 5644 3081 5701 humana
3111 5647 3424 5703 infirmitas
3454 5646 3656 5700 horret

2007 5740 2107 5792 aut
2126 5735 2313 5801 timet,
2337 5732 2460 5790 sola
2482 5731 2793 5804 iniquitasj
2808 5749 2908 5789 ure
2926 5736 3268 5793 damnatur:
3286 5741 3492 5794 caetera
3512 5750 3579 5790 su
3593 5737 3657 5788 nt

2004 5824 2093 5882 vel
2112 5823 2332 5881 tributa
2348 5826 2712 5891 naturarum,
2734 5823 2822 5879 vel
2846 5825 3056 5883 merita
3077 5826 3402 5900 culparum.
3432 5824 3521 5880 Fit
3551 5837 3653 5877 αυ-
