  <div class='ocr_page' id='page_1' title='image "/cluster/home/n/w/nwhite01/storage/ocr_20150623/42/umn.31951d02850084t/229.png"; bbox 0 0 4462 6452; ppageno 0'>
   <div class='ocr_carea' id='block_1_1' title="bbox 565 399 677 458">
    <p class='ocr_par' dir='ltr' id='par_1_1' title="bbox 565 399 677 458">
     <span class='ocr_line' id='line_1_1' title="bbox 565 399 677 458; baseline -0.009 0"><span class='ocrx_word' id='word_1_1' title='bbox 565 399 677 458; x_wconf 79' lang='grc'>451</span> 
     </span>
    </p>
   </div>
   <div class='ocr_carea' id='block_1_2' title="bbox 573 520 2212 597">
    <p class='ocr_par' dir='ltr' id='par_1_2' title="bbox 573 520 2212 597">
     <span class='ocr_line' id='line_1_2' title="bbox 573 520 2212 597; baseline -0.006 -13"><span class='ocrx_word' id='word_1_2' title='bbox 573 536 691 585; x_wconf 89' lang='lat' dir='ltr'>tem</span> <span class='ocrx_word' id='word_1_3' title='bbox 718 528 892 583; x_wconf 89' lang='lat' dir='ltr'>homo</span> <span class='ocrx_word' id='word_1_4' title='bbox 916 527 1174 597; x_wconf 89' lang='lat' dir='ltr'>iniquus,</span> <span class='ocrx_word' id='word_1_5' title='bbox 1203 542 1331 581; x_wconf 89' lang='lat' dir='ltr'>cum</span> <span class='ocrx_word' id='word_1_6' title='bbox 1360 529 1592 596; x_wconf 84' lang='lat' dir='ltr'>propter</span> <span class='ocrx_word' id='word_1_7' title='bbox 1623 540 1684 578; x_wconf 85' lang='lat' dir='ltr'>se</span> <span class='ocrx_word' id='word_1_8' title='bbox 1715 523 1871 593; x_wconf 88' lang='lat' dir='ltr'>ipsas</span> <span class='ocrx_word' id='word_1_9' title='bbox 1901 520 2091 591; x_wconf 81' lang='lat' dir='ltr'>diligit</span> <span class='ocrx_word' id='word_1_10' title='bbox 2123 536 2212 574; x_wconf 90' lang='lat' dir='ltr'>res</span> 
     </span>
    </p>
   </div>
   <div class='ocr_carea' id='block_1_3' title="bbox 572 608 2219 689">
    <p class='ocr_par' dir='ltr' id='par_1_3' title="bbox 572 608 2219 689">
     <span class='ocr_line' id='line_1_3' title="bbox 572 608 2219 689; baseline -0.006 -18"><span class='ocrx_word' id='word_1_11' title='bbox 572 623 810 689; x_wconf 85' lang='lat' dir='ltr'>propter</span> <span class='ocrx_word' id='word_1_12' title='bbox 839 615 994 671; x_wconf 85' lang='lat' dir='ltr'>aliud</span> <span class='ocrx_word' id='word_1_13' title='bbox 1029 615 1440 679; x_wconf 73' lang='lat' dir='ltr'>assumendae,</span> <span class='ocrx_word' id='word_1_14' title='bbox 1473 618 1531 667; x_wconf 87' lang='lat' dir='ltr'>et</span> <span class='ocrx_word' id='word_1_15' title='bbox 1563 616 1795 683; x_wconf 80' lang='lat' dir='ltr'>propter</span> <span class='ocrx_word' id='word_1_16' title='bbox 1817 609 1970 664; x_wconf 82' lang='lat' dir='ltr'>aliud</span> <span class='ocrx_word' id='word_1_17' title='bbox 1997 608 2219 680; x_wconf 88' lang='lat' dir='ltr'>appetit</span> 
     </span>
    </p>
   </div>
   <div class='ocr_carea' id='block_1_4' title="bbox 575 699 2215 777">
    <p class='ocr_par' dir='ltr' id='par_1_4' title="bbox 575 699 2215 777">
     <span class='ocr_line' id='line_1_4' title="bbox 575 699 2215 777; baseline -0.005 -17"><span class='ocrx_word' id='word_1_18' title='bbox 575 723 665 760; x_wconf 88' lang='lat' dir='ltr'>res</span> <span class='ocrx_word' id='word_1_19' title='bbox 694 710 926 777; x_wconf 75' lang='lat' dir='ltr'>propter</span> <span class='ocrx_word' id='word_1_20' title='bbox 952 720 1013 759; x_wconf 89' lang='lat' dir='ltr'>se</span> <span class='ocrx_word' id='word_1_21' title='bbox 1043 704 1202 773; x_wconf 82' lang='lat' dir='ltr'>ipsas</span> <span class='ocrx_word' id='word_1_22' title='bbox 1239 702 1584 773; x_wconf 69' lang='lat' dir='ltr'>diligendus.</span> <span class='ocrx_word' id='word_1_23' title='bbox 1612 702 1705 755; x_wconf 90' lang='lat' dir='ltr'>Sic</span> <span class='ocrx_word' id='word_1_24' title='bbox 1728 699 1903 766; x_wconf 90' lang='lat' dir='ltr'>enim,</span> <span class='ocrx_word' id='word_1_25' title='bbox 1929 704 2215 770; x_wconf 88' lang='lat' dir='ltr'>quantum</span> 
     </span>
    </p>
   </div>
   <div class='ocr_carea' id='block_1_5' title="bbox 570 788 2215 866">
    <p class='ocr_par' dir='ltr' id='par_1_5' title="bbox 570 788 2215 866">
     <span class='ocr_line' id='line_1_5' title="bbox 570 788 2215 866; baseline -0.005 -17"><span class='ocrx_word' id='word_1_26' title='bbox 570 796 629 849; x_wconf 90' lang='lat' dir='ltr'>in</span> <span class='ocrx_word' id='word_1_27' title='bbox 646 796 771 866; x_wconf 92' lang='lat' dir='ltr'>ipso</span> <span class='ocrx_word' id='word_1_28' title='bbox 789 799 897 856; x_wconf 89' lang='lat' dir='ltr'>est,</span> <span class='ocrx_word' id='word_1_29' title='bbox 920 793 1219 864; x_wconf 78' lang='lat' dir='ltr'>perturbat</span> <span class='ocrx_word' id='word_1_30' title='bbox 1239 793 1291 845; x_wconf 90' lang='lat' dir='ltr'>in</span> <span class='ocrx_word' id='word_1_31' title='bbox 1314 809 1375 846; x_wconf 91' lang='lat' dir='ltr'>se</span> <span class='ocrx_word' id='word_1_32' title='bbox 1393 792 1655 845; x_wconf 86' lang='lat' dir='ltr'>ordinem</span> <span class='ocrx_word' id='word_1_33' title='bbox 1678 788 2215 858; x_wconf 88' lang='lat' dir='ltr'>naturalem,quem</span> 
     </span>
    </p>
   </div>
   <div class='ocr_carea' id='block_1_6' title="bbox 568 877 2212 951">
    <p class='ocr_par' dir='ltr' id='par_1_6' title="bbox 568 877 2212 951">
     <span class='ocr_line' id='line_1_6' title="bbox 568 877 2212 951; baseline -0.005 -13"><span class='ocrx_word' id='word_1_34' title='bbox 568 884 661 938; x_wconf 82' lang='lat' dir='ltr'>lex</span> <span class='ocrx_word' id='word_1_35' title='bbox 682 888 895 938; x_wconf 71' lang='lat' dir='ltr'>zeterna</span> <span class='ocrx_word' id='word_1_36' title='bbox 917 882 1242 936; x_wconf 82' lang='lat' dir='ltr'>conservari</span> <span class='ocrx_word' id='word_1_37' title='bbox 1262 881 1454 951; x_wconf 85' lang='lat' dir='ltr'>jubet,</span> <span class='ocrx_word' id='word_1_38' title='bbox 1480 880 1567 934; x_wconf 84' lang='lat' dir='ltr'>Fit</span> <span class='ocrx_word' id='word_1_39' title='bbox 1591 884 1785 933; x_wconf 90' lang='lat' dir='ltr'>autem</span> <span class='ocrx_word' id='word_1_40' title='bbox 1811 877 2212 946; x_wconf 83' lang='lat' dir='ltr'>homojustus,</span> 
     </span>
    </p>
   </div>
   <div class='ocr_carea' id='block_1_7' title="bbox 570 966 2214 1042">
    <p class='ocr_par' dir='ltr' id='par_1_7' title="bbox 570 966 2214 1042">
     <span class='ocr_line' id='line_1_7' title="bbox 570 966 2214 1042; baseline -0.004 -16"><span class='ocrx_word' id='word_1_41' title='bbox 570 991 699 1027; x_wconf 88' lang='lat' dir='ltr'>cum</span> <span class='ocrx_word' id='word_1_42' title='bbox 727 974 797 1027; x_wconf 94' lang='lat' dir='ltr'>ob</span> <span class='ocrx_word' id='word_1_43' title='bbox 818 971 975 1026; x_wconf 89' lang='lat' dir='ltr'>aliud</span> <span class='ocrx_word' id='word_1_44' title='bbox 998 989 1109 1026; x_wconf 88' lang='lat' dir='ltr'>non</span> <span class='ocrx_word' id='word_1_45' title='bbox 1131 971 1349 1042; x_wconf 87' lang='lat' dir='ltr'>appetit</span> <span class='ocrx_word' id='word_1_46' title='bbox 1366 970 1537 1024; x_wconf 87' lang='lat' dir='ltr'>rebus</span> <span class='ocrx_word' id='word_1_47' title='bbox 1559 968 1663 1032; x_wconf 86' lang='lat' dir='ltr'>uti,</span> <span class='ocrx_word' id='word_1_48' title='bbox 1684 968 1793 1022; x_wconf 88' lang='lat' dir='ltr'>nisi</span> <span class='ocrx_word' id='word_1_49' title='bbox 1814 966 2214 1037; x_wconf 82' lang='lat' dir='ltr'>propterquod</span> 
     </span>
    </p>
   </div>
   <div class='ocr_carea' id='block_1_8' title="bbox 570 1055 2218 1129">
    <p class='ocr_par' dir='ltr' id='par_1_8' title="bbox 570 1055 2218 1129">
     <span class='ocr_line' id='line_1_8' title="bbox 570 1055 2218 1129; baseline -0.004 -13"><span class='ocrx_word' id='word_1_50' title='bbox 570 1062 850 1117; x_wconf 85' lang='lat' dir='ltr'>divinitus</span> <span class='ocrx_word' id='word_1_51' title='bbox 875 1061 1153 1115; x_wconf 61' lang='lat' dir='ltr'>institutw</span> <span class='ocrx_word' id='word_1_52' title='bbox 1177 1065 1341 1125; x_wconf 89' lang='lat' dir='ltr'>sunt;</span> <span class='ocrx_word' id='word_1_53' title='bbox 1359 1059 1484 1129; x_wconf 92' lang='lat' dir='ltr'>ipso</span> <span class='ocrx_word' id='word_1_54' title='bbox 1509 1062 1699 1112; x_wconf 89' lang='lat' dir='ltr'>autem</span> <span class='ocrx_word' id='word_1_55' title='bbox 1722 1057 1834 1110; x_wconf 88' lang='lat' dir='ltr'>Deo</span> <span class='ocrx_word' id='word_1_56' title='bbox 1854 1055 1965 1108; x_wconf 81' lang='lat' dir='ltr'>frui</span> <span class='ocrx_word' id='word_1_57' title='bbox 1986 1060 2218 1125; x_wconf 84' lang='lat' dir='ltr'>propter</span> 
     </span>
    </p>
   </div>
   <div class='ocr_carea' id='block_1_9' title="bbox 568 1144 2214 1222">
    <p class='ocr_par' dir='ltr' id='par_1_9' title="bbox 568 1144 2214 1222">
     <span class='ocr_line' id='line_1_9' title="bbox 568 1144 2214 1222; baseline -0.004 -18"><span class='ocrx_word' id='word_1_58' title='bbox 568 1150 787 1222; x_wconf 90' lang='lat' dir='ltr'>ipsum,</span> <span class='ocrx_word' id='word_1_59' title='bbox 813 1165 993 1219; x_wconf 86' lang='lat' dir='ltr'>seque</span> <span class='ocrx_word' id='word_1_60' title='bbox 1015 1155 1071 1203; x_wconf 91' lang='lat' dir='ltr'>et</span> <span class='ocrx_word' id='word_1_61' title='bbox 1099 1148 1284 1203; x_wconf 88' lang='lat' dir='ltr'>amico</span> <span class='ocrx_word' id='word_1_62' title='bbox 1309 1147 1362 1201; x_wconf 92' lang='lat' dir='ltr'>in</span> <span class='ocrx_word' id='word_1_63' title='bbox 1389 1148 1514 1217; x_wconf 86' lang='lat' dir='ltr'>ipso</span> <span class='ocrx_word' id='word_1_64' title='bbox 1538 1151 1649 1200; x_wconf 90' lang='lat' dir='ltr'>Deo</span> <span class='ocrx_word' id='word_1_65' title='bbox 1679 1149 1913 1216; x_wconf 86' lang='lat' dir='ltr'>propter</span> <span class='ocrx_word' id='word_1_66' title='bbox 1944 1144 2214 1198; x_wconf 88' lang='lat' dir='ltr'>eumdem</span> 
     </span>
    </p>
   </div>
   <div class='ocr_carea' id='block_1_10' title="bbox 569 1231 2215 1311">
    <p class='ocr_par' dir='ltr' id='par_1_10' title="bbox 569 1231 2215 1311">
     <span class='ocr_line' id='line_1_10' title="bbox 569 1231 2215 1311; baseline -0.005 -18"><span class='ocrx_word' id='word_1_67' title='bbox 569 1239 766 1311; x_wconf 89' lang='lat' dir='ltr'>ipsum</span> <span class='ocrx_word' id='word_1_68' title='bbox 792 1243 993 1293; x_wconf 89' lang='lat' dir='ltr'>Deum.</span> <span class='ocrx_word' id='word_1_69' title='bbox 1019 1242 1261 1308; x_wconf 84' lang='lat' dir='ltr'>Propter</span> <span class='ocrx_word' id='word_1_70' title='bbox 1279 1241 1452 1291; x_wconf 90' lang='lat' dir='ltr'>Deum</span> <span class='ocrx_word' id='word_1_71' title='bbox 1472 1233 1625 1289; x_wconf 89' lang='lat' dir='ltr'>enim</span> <span class='ocrx_word' id='word_1_72' title='bbox 1646 1238 1801 1287; x_wconf 86' lang='lat' dir='ltr'>amat</span> <span class='ocrx_word' id='word_1_73' title='bbox 1818 1232 2093 1296; x_wconf 89' lang='lat' dir='ltr'>amicum,</span> <span class='ocrx_word' id='word_1_74' title='bbox 2115 1231 2215 1303; x_wconf 90' lang='lat' dir='ltr'>qui</span> 
     </span>
    </p>
   </div>
   <div class='ocr_carea' id='block_1_11' title="bbox 569 1321 2217 1392">
    <p class='ocr_par' dir='ltr' id='par_1_11' title="bbox 569 1321 2217 1392">
     <span class='ocr_line' id='line_1_11' title="bbox 569 1321 2217 1392; baseline -0.005 -9"><span class='ocrx_word' id='word_1_75' title='bbox 569 1328 667 1383; x_wconf 87' lang='lat' dir='ltr'>Dei</span> <span class='ocrx_word' id='word_1_76' title='bbox 688 1344 943 1382; x_wconf 86' lang='lat' dir='ltr'>amorem</span> <span class='ocrx_word' id='word_1_77' title='bbox 963 1327 1189 1382; x_wconf 87' lang='lat' dir='ltr'>amatin</span> <span class='ocrx_word' id='word_1_78' title='bbox 1206 1325 1410 1380; x_wconf 82' lang='lat' dir='ltr'>amico.</span> <span class='ocrx_word' id='word_1_79' title='bbox 1433 1324 1559 1378; x_wconf 86' lang='lat' dir='ltr'>Sive</span> <span class='ocrx_word' id='word_1_80' title='bbox 1577 1327 1768 1377; x_wconf 88' lang='lat' dir='ltr'>autem</span> <span class='ocrx_word' id='word_1_81' title='bbox 1785 1321 2084 1392; x_wconf 82' lang='lat' dir='ltr'>iniquitas,</span> <span class='ocrx_word' id='word_1_82' title='bbox 2101 1321 2217 1375; x_wconf 87' lang='lat' dir='ltr'>sive</span> 
     </span>
    </p>
   </div>
   <div class='ocr_carea' id='block_1_12' title="bbox 564 1410 2215 1488">
    <p class='ocr_par' dir='ltr' id='par_1_12' title="bbox 564 1410 2215 1488">
     <span class='ocr_line' id='line_1_12' title="bbox 564 1410 2215 1488; baseline -0.005 -16"><span class='ocrx_word' id='word_1_83' title='bbox 564 1417 820 1488; x_wconf 88' lang='lat' dir='ltr'>justitia,</span> <span class='ocrx_word' id='word_1_84' title='bbox 856 1415 968 1470; x_wconf 88' lang='lat' dir='ltr'>nisi</span> <span class='ocrx_word' id='word_1_85' title='bbox 999 1419 1152 1471; x_wconf 88' lang='lat' dir='ltr'>esset</span> <span class='ocrx_word' id='word_1_86' title='bbox 1184 1415 1240 1468; x_wconf 89' lang='lat' dir='ltr'>in</span> <span class='ocrx_word' id='word_1_87' title='bbox 1284 1412 1597 1478; x_wconf 82' lang='lat' dir='ltr'>voluntate,</span> <span class='ocrx_word' id='word_1_88' title='bbox 1633 1428 1746 1465; x_wconf 91' lang='lat' dir='ltr'>non</span> <span class='ocrx_word' id='word_1_89' title='bbox 1778 1414 1933 1466; x_wconf 81' lang='lat' dir='ltr'>esset</span> <span class='ocrx_word' id='word_1_90' title='bbox 1965 1410 2023 1465; x_wconf 90' lang='lat' dir='ltr'>in</span> <span class='ocrx_word' id='word_1_91' title='bbox 2056 1413 2215 1480; x_wconf 89' lang='lat' dir='ltr'>pote-</span> 
     </span>
    </p>
   </div>
   <div class='ocr_carea' id='block_1_13' title="bbox 572 1498 2220 1575">
    <p class='ocr_par' dir='ltr' id='par_1_13' title="bbox 572 1498 2220 1575">
     <span class='ocr_line' id='line_1_13' title="bbox 572 1498 2220 1575; baseline -0.005 -14"><span class='ocrx_word' id='word_1_92' title='bbox 572 1510 738 1561; x_wconf 80' lang='lat' dir='ltr'>state.</span> <span class='ocrx_word' id='word_1_93' title='bbox 774 1505 949 1559; x_wconf 89' lang='lat' dir='ltr'>Porro</span> <span class='ocrx_word' id='word_1_94' title='bbox 981 1503 1029 1559; x_wconf 90' lang='lat' dir='ltr'>si</span> <span class='ocrx_word' id='word_1_95' title='bbox 1066 1504 1121 1558; x_wconf 92' lang='lat' dir='ltr'>in</span> <span class='ocrx_word' id='word_1_96' title='bbox 1155 1507 1441 1575; x_wconf 83' lang='lat' dir='ltr'>potestate</span> <span class='ocrx_word' id='word_1_97' title='bbox 1473 1518 1587 1555; x_wconf 91' lang='lat' dir='ltr'>non</span> <span class='ocrx_word' id='word_1_98' title='bbox 1618 1504 1792 1568; x_wconf 87' lang='lat' dir='ltr'>esset,</span> <span class='ocrx_word' id='word_1_99' title='bbox 1828 1498 2052 1553; x_wconf 91' lang='lat' dir='ltr'>nullum</span> <span class='ocrx_word' id='word_1_100' title='bbox 2080 1516 2220 1569; x_wconf 60' lang='lat' dir='ltr'>prae-</span> 
     </span>
    </p>
   </div>
   <div class='ocr_carea' id='block_1_14' title="bbox 572 1587 2215 1663">
    <p class='ocr_par' dir='ltr' id='par_1_14' title="bbox 572 1587 2215 1663">
     <span class='ocr_line' id='line_1_14' title="bbox 572 1587 2215 1663; baseline -0.005 -14"><span class='ocrx_word' id='word_1_101' title='bbox 572 1594 775 1662; x_wconf 90' lang='lat' dir='ltr'>mium,</span> <span class='ocrx_word' id='word_1_102' title='bbox 810 1593 972 1647; x_wconf 89' lang='lat' dir='ltr'>nulla</span> <span class='ocrx_word' id='word_1_103' title='bbox 1021 1609 1191 1663; x_wconf 57' lang='lat' dir='ltr'>poena</span> <span class='ocrx_word' id='word_1_104' title='bbox 1230 1592 1390 1661; x_wconf 86' lang='lat' dir='ltr'>justa</span> <span class='ocrx_word' id='word_1_105' title='bbox 1431 1595 1618 1645; x_wconf 88' lang='lat' dir='ltr'>esset:</span> <span class='ocrx_word' id='word_1_106' title='bbox 1654 1589 1807 1659; x_wconf 92' lang='lat' dir='ltr'>quod</span> <span class='ocrx_word' id='word_1_107' title='bbox 1844 1604 2012 1642; x_wconf 89' lang='lat' dir='ltr'>nemo</span> <span class='ocrx_word' id='word_1_108' title='bbox 2045 1587 2215 1657; x_wconf 87' lang='lat' dir='ltr'>sapit,</span> 
     </span>
    </p>
   </div>
   <div class='ocr_carea' id='block_1_15' title="bbox 571 1676 2219 1753">
    <p class='ocr_par' dir='ltr' id='par_1_15' title="bbox 571 1676 2219 1753">
     <span class='ocr_line' id='line_1_15' title="bbox 571 1676 2219 1753; baseline -0.004 -16"><span class='ocrx_word' id='word_1_109' title='bbox 571 1684 681 1737; x_wconf 80' lang='lat' dir='ltr'>nisi</span> <span class='ocrx_word' id='word_1_110' title='bbox 715 1682 813 1753; x_wconf 92' lang='lat' dir='ltr'>qui</span> <span class='ocrx_word' id='word_1_111' title='bbox 848 1682 1082 1753; x_wconf 80' lang='lat' dir='ltr'>desipit.</span> <span class='ocrx_word' id='word_1_112' title='bbox 1144 1680 1479 1753; x_wconf 86' lang='lat' dir='ltr'>Ignorantia</span> <span class='ocrx_word' id='word_1_113' title='bbox 1526 1695 1660 1732; x_wconf 81' lang='lat' dir='ltr'>vero</span> <span class='ocrx_word' id='word_1_114' title='bbox 1699 1683 1755 1732; x_wconf 91' lang='lat' dir='ltr'>et</span> <span class='ocrx_word' id='word_1_115' title='bbox 1787 1676 2122 1741; x_wconf 81' lang='lat' dir='ltr'>inﬁrmitas,</span> <span class='ocrx_word' id='word_1_116' title='bbox 2153 1680 2219 1731; x_wconf 89' lang='lat' dir='ltr'>ut</span> 
     </span>
    </p>
   </div>
   <div class='ocr_carea' id='block_1_16' title="bbox 568 1765 2218 1841">
    <p class='ocr_par' dir='ltr' id='par_1_16' title="bbox 568 1765 2218 1841">
     <span class='ocr_line' id='line_1_16' title="bbox 568 1765 2218 1841; baseline -0.002 -16"><span class='ocrx_word' id='word_1_117' title='bbox 568 1772 652 1826; x_wconf 84' lang='lat' dir='ltr'>vel</span> <span class='ocrx_word' id='word_1_118' title='bbox 688 1772 908 1827; x_wconf 90' lang='lat' dir='ltr'>nesciat</span> <span class='ocrx_word' id='word_1_119' title='bbox 940 1770 1117 1825; x_wconf 88' lang='lat' dir='ltr'>homo</span> <span class='ocrx_word' id='word_1_120' title='bbox 1151 1770 1291 1841; x_wconf 90' lang='lat' dir='ltr'>quid</span> <span class='ocrx_word' id='word_1_121' title='bbox 1341 1768 1487 1823; x_wconf 85' lang='lat' dir='ltr'>velle</span> <span class='ocrx_word' id='word_1_122' title='bbox 1524 1769 1750 1832; x_wconf 83' lang='lat' dir='ltr'>debeat,</span> <span class='ocrx_word' id='word_1_123' title='bbox 1784 1765 1871 1820; x_wconf 88' lang='lat' dir='ltr'>vel</span> <span class='ocrx_word' id='word_1_124' title='bbox 1904 1784 2018 1821; x_wconf 87' lang='lat' dir='ltr'>non</span> <span class='ocrx_word' id='word_1_125' title='bbox 2047 1783 2218 1821; x_wconf 90' lang='lat' dir='ltr'>omne</span> 
     </span>
    </p>
   </div>
   <div class='ocr_carea' id='block_1_17' title="bbox 573 1856 2217 1933">
    <p class='ocr_par' dir='ltr' id='par_1_17' title="bbox 573 1856 2217 1933">
     <span class='ocr_line' id='line_1_17' title="bbox 573 1856 2217 1933; baseline -0.004 -18"><span class='ocrx_word' id='word_1_126' title='bbox 573 1863 725 1933; x_wconf 89' lang='lat' dir='ltr'>quod</span> <span class='ocrx_word' id='word_1_127' title='bbox 750 1860 996 1915; x_wconf 90' lang='lat' dir='ltr'>voluerit</span> <span class='ocrx_word' id='word_1_128' title='bbox 1019 1860 1225 1930; x_wconf 87' lang='lat' dir='ltr'>possit,</span> <span class='ocrx_word' id='word_1_129' title='bbox 1250 1876 1316 1913; x_wconf 80' lang='lat' dir='ltr'>ex</span> <span class='ocrx_word' id='word_1_130' title='bbox 1336 1858 1560 1912; x_wconf 89' lang='lat' dir='ltr'>occulto</span> <span class='ocrx_word' id='word_1_131' title='bbox 1585 1873 1886 1927; x_wconf 74' lang='lat' dir='ltr'>pmnarum</span> <span class='ocrx_word' id='word_1_132' title='bbox 1908 1856 2107 1910; x_wconf 76' lang='lat' dir='ltr'>ordine</span> <span class='ocrx_word' id='word_1_133' title='bbox 2124 1872 2217 1909; x_wconf 89' lang='lat' dir='ltr'>ve-</span> 
     </span>
    </p>
   </div>
   <div class='ocr_carea' id='block_1_18' title="bbox 574 1945 2215 2015">
    <p class='ocr_par' dir='ltr' id='par_1_18' title="bbox 574 1945 2215 2015">
     <span class='ocr_line' id='line_1_18' title="bbox 574 1945 2215 2015; baseline -0.005 -10"><span class='ocrx_word' id='word_1_134' title='bbox 574 1952 677 2005; x_wconf 87' lang='lat' dir='ltr'>nit.</span> <span class='ocrx_word' id='word_1_135' title='bbox 714 1955 769 2005; x_wconf 90' lang='lat' dir='ltr'>et</span> <span class='ocrx_word' id='word_1_136' title='bbox 802 1949 917 2004; x_wconf 91' lang='lat' dir='ltr'>illis</span> <span class='ocrx_word' id='word_1_137' title='bbox 949 1948 1434 2003; x_wconf 85' lang='lat' dir='ltr'>inscrutabilibus</span> <span class='ocrx_word' id='word_1_138' title='bbox 1456 1946 1696 2015; x_wconf 88' lang='lat' dir='ltr'>judiciis</span> <span class='ocrx_word' id='word_1_139' title='bbox 1720 1945 1841 2009; x_wconf 91' lang='lat' dir='ltr'>Dei,</span> <span class='ocrx_word' id='word_1_140' title='bbox 1866 1945 2014 2015; x_wconf 87' lang='lat' dir='ltr'>apud</span> <span class='ocrx_word' id='word_1_141' title='bbox 2041 1961 2215 2015; x_wconf 87' lang='lat' dir='ltr'>quem</span> 
     </span>
    </p>
   </div>
   <div class='ocr_carea' id='block_1_19' title="bbox 575 2033 2215 2107">
    <p class='ocr_par' dir='ltr' id='par_1_19' title="bbox 575 2033 2215 2107">
     <span class='ocr_line' id='line_1_19' title="bbox 575 2033 2215 2107; baseline -0.004 -14"><span class='ocrx_word' id='word_1_142' title='bbox 575 2056 689 2094; x_wconf 89' lang='lat' dir='ltr'>non</span> <span class='ocrx_word' id='word_1_143' title='bbox 722 2043 809 2093; x_wconf 90' lang='lat' dir='ltr'>est</span> <span class='ocrx_word' id='word_1_144' title='bbox 840 2037 1117 2107; x_wconf 82' lang='lat' dir='ltr'>iniquitas</span> <span class='ocrx_word' id='word_1_145' title='bbox 1150 2038 1319 2102; x_wconf 76' lang='lat' dir='ltr'>(Rom.</span> <span class='ocrx_word' id='word_1_146' title='bbox 1358 2053 1432 2099; x_wconf 84' lang='lat' dir='ltr'>Ix,</span> <span class='ocrx_word' id='word_1_147' title='bbox 1469 2033 1907 2105; x_wconf 71' lang='lat' dir='ltr'>M).&#39;Proditum</span> <span class='ocrx_word' id='word_1_148' title='bbox 1941 2038 2029 2087; x_wconf 90' lang='lat' dir='ltr'>est</span> <span class='ocrx_word' id='word_1_149' title='bbox 2060 2033 2215 2087; x_wconf 88' lang='lat' dir='ltr'>enim</span> 
     </span>
    </p>
   </div>
   <div class='ocr_carea' id='block_1_20' title="bbox 576 2120 2217 2195">
    <p class='ocr_par' dir='ltr' id='par_1_20' title="bbox 576 2120 2217 2195">
     <span class='ocr_line' id='line_1_20' title="bbox 576 2120 2217 2195; baseline -0.002 -16"><span class='ocrx_word' id='word_1_150' title='bbox 576 2125 742 2181; x_wconf 90' lang='lat' dir='ltr'>nobis</span> <span class='ocrx_word' id='word_1_151' title='bbox 768 2130 1066 2195; x_wconf 88' lang='lat' dir='ltr'>peccatum</span> <span class='ocrx_word' id='word_1_152' title='bbox 1093 2122 1275 2176; x_wconf 87' lang='lat' dir='ltr'>Adam</span> <span class='ocrx_word' id='word_1_153' title='bbox 1312 2121 1463 2175; x_wconf 78' lang='lat' dir='ltr'>fideli</span> <span class='ocrx_word' id='word_1_154' title='bbox 1496 2121 1726 2192; x_wconf 90' lang='lat' dir='ltr'>eloquio</span> <span class='ocrx_word' id='word_1_155' title='bbox 1759 2120 1857 2193; x_wconf 86' lang='lat' dir='ltr'>Dei</span> <span class='ocrx_word' id='word_1_156' title='bbox 1886 2138 1897 2186; x_wconf 91' lang='lat'><strong>;</strong></span> <span class='ocrx_word' id='word_1_157' title='bbox 1924 2126 1977 2173; x_wconf 90' lang='lat' dir='ltr'>et</span> <span class='ocrx_word' id='word_1_158' title='bbox 1999 2120 2135 2191; x_wconf 87' lang='lat' dir='ltr'>quia</span> <span class='ocrx_word' id='word_1_159' title='bbox 2156 2120 2217 2176; x_wconf 89' lang='lat' dir='ltr'>in</span> 
     </span>
    </p>
   </div>
   <div class='ocr_carea' id='block_1_21' title="bbox 577 2208 2217 2281">
    <p class='ocr_par' dir='ltr' id='par_1_21' title="bbox 577 2208 2217 2281">
     <span class='ocr_line' id='line_1_21' title="bbox 577 2208 2217 2281; baseline -0.004 -12"><span class='ocrx_word' id='word_1_160' title='bbox 577 2215 675 2269; x_wconf 89' lang='lat' dir='ltr'>illo</span> <span class='ocrx_word' id='word_1_161' title='bbox 699 2230 901 2268; x_wconf 91' lang='lat' dir='ltr'>omnes</span> <span class='ocrx_word' id='word_1_162' title='bbox 921 2213 1270 2279; x_wconf 87' lang='lat' dir='ltr'>moriuntur,</span> <span class='ocrx_word' id='word_1_163' title='bbox 1291 2215 1343 2264; x_wconf 91' lang='lat' dir='ltr'>et</span> <span class='ocrx_word' id='word_1_164' title='bbox 1362 2210 1499 2281; x_wconf 88' lang='lat' dir='ltr'>quia</span> <span class='ocrx_word' id='word_1_165' title='bbox 1515 2227 1615 2280; x_wconf 93' lang='lat' dir='ltr'>per</span> <span class='ocrx_word' id='word_1_166' title='bbox 1634 2208 1793 2264; x_wconf 90' lang='lat' dir='ltr'>illum</span> <span class='ocrx_word' id='word_1_167' title='bbox 1815 2214 2114 2280; x_wconf 87' lang='lat' dir='ltr'>peccatum</span> <span class='ocrx_word' id='word_1_168' title='bbox 2135 2208 2217 2263; x_wconf 89' lang='lat' dir='ltr'>in-</span> 
     </span>
    </p>
   </div>
   <div class='ocr_carea' id='block_1_22' title="bbox 575 2300 2215 2370">
    <p class='ocr_par' dir='ltr' id='par_1_22' title="bbox 575 2300 2215 2370">
     <span class='ocr_line' id='line_1_22' title="bbox 575 2300 2215 2370; baseline -0.002 -13"><span class='ocrx_word' id='word_1_169' title='bbox 575 2302 749 2357; x_wconf 86' lang='lat' dir='ltr'>travit</span> <span class='ocrx_word' id='word_1_170' title='bbox 771 2302 827 2354; x_wconf 91' lang='lat' dir='ltr'>in</span> <span class='ocrx_word' id='word_1_171' title='bbox 852 2300 1006 2355; x_wconf 90' lang='lat' dir='ltr'>hunc</span> <span class='ocrx_word' id='word_1_172' title='bbox 1030 2300 1337 2367; x_wconf 87' lang='lat' dir='ltr'>mundum,</span> <span class='ocrx_word' id='word_1_173' title='bbox 1361 2305 1418 2353; x_wconf 92' lang='lat' dir='ltr'>et</span> <span class='ocrx_word' id='word_1_174' title='bbox 1439 2316 1541 2370; x_wconf 88' lang='lat' dir='ltr'>per</span> <span class='ocrx_word' id='word_1_175' title='bbox 1575 2305 1871 2369; x_wconf 88' lang='lat' dir='ltr'>peccatum</span> <span class='ocrx_word' id='word_1_176' title='bbox 1905 2314 2082 2367; x_wconf 87' lang='lat' dir='ltr'>mors,</span> <span class='ocrx_word' id='word_1_177' title='bbox 2117 2315 2215 2353; x_wconf 87' lang='lat' dir='ltr'>ve—</span> 
     </span>
    </p>
   </div>
   <div class='ocr_carea' id='block_1_23' title="bbox 574 2388 2215 2460">
    <p class='ocr_par' dir='ltr' id='par_1_23' title="bbox 574 2388 2215 2460">
     <span class='ocr_line' id='line_1_23' title="bbox 574 2388 2215 2460; baseline -0.004 -13"><span class='ocrx_word' id='word_1_178' title='bbox 574 2392 783 2447; x_wconf 88' lang='lat' dir='ltr'>raciter</span> <span class='ocrx_word' id='word_1_179' title='bbox 812 2390 1094 2460; x_wconf 91' lang='lat' dir='ltr'>scriptum</span> <span class='ocrx_word' id='word_1_180' title='bbox 1127 2394 1215 2444; x_wconf 90' lang='lat' dir='ltr'>est</span> <span class='ocrx_word' id='word_1_181' title='bbox 1243 2389 1342 2455; x_wconf 78' lang='lat' dir='ltr'>(Id.</span> <span class='ocrx_word' id='word_1_182' title='bbox 1378 2406 1432 2453; x_wconf 93' lang='lat' dir='ltr'>v,</span> <span class='ocrx_word' id='word_1_183' title='bbox 1468 2388 1679 2459; x_wconf 80' lang='grc'>12-19).</span> <span class='ocrx_word' id='word_1_184' title='bbox 1736 2389 1804 2442; x_wconf 87' lang='lat' dir='ltr'>Et</span> <span class='ocrx_word' id='word_1_185' title='bbox 1843 2393 1978 2458; x_wconf 88' lang='lat' dir='ltr'>quia</span> <span class='ocrx_word' id='word_1_186' title='bbox 2009 2404 2075 2442; x_wconf 82' lang='lat' dir='ltr'>ex</span> <span class='ocrx_word' id='word_1_187' title='bbox 2108 2388 2215 2442; x_wconf 90' lang='lat' dir='ltr'>hac</span> 
     </span>
    </p>
   </div>
   <div class='ocr_carea' id='block_1_24' title="bbox 576 2476 2217 2553">
    <p class='ocr_par' dir='ltr' id='par_1_24' title="bbox 576 2476 2217 2553">
     <span class='ocr_line' id='line_1_24' title="bbox 576 2476 2217 2553; baseline -0.002 -18"><span class='ocrx_word' id='word_1_188' title='bbox 576 2498 744 2553; x_wconf 81' lang='lat' dir='ltr'>pcena</span> <span class='ocrx_word' id='word_1_189' title='bbox 767 2496 977 2550; x_wconf 91' lang='lat' dir='ltr'>corpus</span> <span class='ocrx_word' id='word_1_190' title='bbox 992 2495 1156 2533; x_wconf 89' lang='lat' dir='ltr'>corru</span> <span class='ocrx_word' id='word_1_191' title='bbox 1169 2477 1450 2549; x_wconf 88' lang='lat' dir='ltr'>mpituret</span> <span class='ocrx_word' id='word_1_192' title='bbox 1466 2483 1741 2547; x_wconf 86' lang='lat' dir='ltr'>aggravat</span> <span class='ocrx_word' id='word_1_193' title='bbox 1755 2476 2034 2541; x_wconf 89' lang='lat' dir='ltr'>animam,</span> <span class='ocrx_word' id='word_1_194' title='bbox 2054 2482 2110 2531; x_wconf 89' lang='lat' dir='ltr'>et</span> <span class='ocrx_word' id='word_1_195' title='bbox 2124 2477 2217 2531; x_wconf 89' lang='lat' dir='ltr'>de-</span> 
     </span>
    </p>
   </div>
   <div class='ocr_carea' id='block_1_25' title="bbox 577 2564 2213 2640">
    <p class='ocr_par' dir='ltr' id='par_1_25' title="bbox 577 2564 2213 2640">
     <span class='ocr_line' id='line_1_25' title="bbox 577 2564 2213 2640; baseline -0.002 -17"><span class='ocrx_word' id='word_1_196' title='bbox 577 2568 778 2640; x_wconf 85' lang='lat' dir='ltr'>primit</span> <span class='ocrx_word' id='word_1_197' title='bbox 807 2580 1037 2622; x_wconf 85' lang='lat' dir='ltr'>terrena</span> <span class='ocrx_word' id='word_1_198' title='bbox 1068 2566 1348 2621; x_wconf 88' lang='lat' dir='ltr'>habitatio</span> <span class='ocrx_word' id='word_1_199' title='bbox 1380 2583 1615 2620; x_wconf 85' lang='lat' dir='ltr'>sensum</span> <span class='ocrx_word' id='word_1_200' title='bbox 1650 2564 1837 2620; x_wconf 89' lang='lat' dir='ltr'>multa</span> <span class='ocrx_word' id='word_1_201' title='bbox 1863 2566 2213 2636; x_wconf 79' lang='lat' dir='ltr'>cogitantem</span> 
     </span>
    </p>
   </div>
   <div class='ocr_carea' id='block_1_26' title="bbox 576 2655 2210 2729">
    <p class='ocr_par' dir='ltr' id='par_1_26' title="bbox 576 2655 2210 2729">
     <span class='ocr_line' id='line_1_26' title="bbox 576 2655 2210 2729; baseline -0.002 -16"><span class='ocrx_word' id='word_1_202' title='bbox 576 2658 725 2729; x_wconf 87' lang='lat' dir='ltr'>(Sap.</span> <span class='ocrx_word' id='word_1_203' title='bbox 754 2675 831 2725; x_wconf 84' lang='lat' dir='ltr'>ix,</span> <span class='ocrx_word' id='word_1_204' title='bbox 858 2657 966 2723; x_wconf 77' lang='lat'>15),</span> <span class='ocrx_word' id='word_1_205' title='bbox 988 2656 1362 2710; x_wconf 85' lang='lat' dir='ltr'>verissimum</span> <span class='ocrx_word' id='word_1_206' title='bbox 1386 2656 1670 2726; x_wconf 84' lang='lat' dir='ltr'>nobisque</span> <span class='ocrx_word' id='word_1_207' title='bbox 1695 2655 2065 2709; x_wconf 84' lang='lat' dir='ltr'>notissimum</span> <span class='ocrx_word' id='word_1_208' title='bbox 2091 2660 2210 2710; x_wconf 88' lang='lat' dir='ltr'>est:</span> 
     </span>
    </p>
   </div>
   <div class='ocr_carea' id='block_1_27' title="bbox 574 2744 2215 2818">
    <p class='ocr_par' dir='ltr' id='par_1_27' title="bbox 574 2744 2215 2818">
     <span class='ocr_line' id='line_1_27' title="bbox 574 2744 2215 2818; baseline -0.001 -16"><span class='ocrx_word' id='word_1_209' title='bbox 574 2752 631 2802; x_wconf 87' lang='lat' dir='ltr'>et</span> <span class='ocrx_word' id='word_1_210' title='bbox 652 2747 785 2818; x_wconf 78' lang='lat' dir='ltr'>quia</span> <span class='ocrx_word' id='word_1_211' title='bbox 808 2747 877 2801; x_wconf 92' lang='lat' dir='ltr'>de</span> <span class='ocrx_word' id='word_1_212' title='bbox 898 2746 1005 2799; x_wconf 88' lang='lat' dir='ltr'>hac</span> <span class='ocrx_word' id='word_1_213' title='bbox 1025 2746 1188 2817; x_wconf 89' lang='lat' dir='ltr'>justa</span> <span class='ocrx_word' id='word_1_214' title='bbox 1212 2762 1379 2817; x_wconf 87' lang='lat' dir='ltr'>poena</span> <span class='ocrx_word' id='word_1_215' title='bbox 1396 2762 1509 2799; x_wconf 90' lang='lat' dir='ltr'>non</span> <span class='ocrx_word' id='word_1_216' title='bbox 1532 2744 1737 2799; x_wconf 90' lang='lat' dir='ltr'>liberat</span> <span class='ocrx_word' id='word_1_217' title='bbox 1754 2744 1862 2799; x_wconf 89' lang='lat' dir='ltr'>nisi</span> <span class='ocrx_word' id='word_1_218' title='bbox 1887 2745 2215 2800; x_wconf 87' lang='lat' dir='ltr'>misericors</span> 
     </span>
    </p>
   </div>
   <div class='ocr_carea' id='block_1_28' title="bbox 573 2833 2216 2907">
    <p class='ocr_par' dir='ltr' id='par_1_28' title="bbox 573 2833 2216 2907">
     <span class='ocr_line' id='line_1_28' title="bbox 573 2833 2216 2907; baseline 0 -18"><span class='ocrx_word' id='word_1_219' title='bbox 573 2836 780 2907; x_wconf 86' lang='lat' dir='ltr'>gratia,</span> <span class='ocrx_word' id='word_1_220' title='bbox 813 2840 1038 2890; x_wconf 87' lang='lat' dir='ltr'>certum</span> <span class='ocrx_word' id='word_1_221' title='bbox 1071 2839 1176 2889; x_wconf 91' lang='lat' dir='ltr'>est.</span> <span class='ocrx_word' id='word_1_222' title='bbox 1213 2835 1279 2888; x_wconf 82' lang='lat' dir='ltr'>Et</span> <span class='ocrx_word' id='word_1_223' title='bbox 1312 2835 1445 2888; x_wconf 90' lang='lat' dir='ltr'>hinc</span> <span class='ocrx_word' id='word_1_224' title='bbox 1476 2833 1787 2905; x_wconf 85' lang='lat' dir='ltr'>Apostolus</span> <span class='ocrx_word' id='word_1_225' title='bbox 1810 2834 2216 2905; x_wconf 81' lang='lat' dir='ltr'>gemebundus</span> 
     </span>
    </p>
   </div>
   <div class='ocr_carea' id='block_1_29' title="bbox 572 2923 2217 2994">
    <p class='ocr_par' dir='ltr' id='par_1_29' title="bbox 572 2923 2217 2994">
     <span class='ocr_line' id='line_1_29' title="bbox 572 2923 2217 2994; baseline -0.001 -14"><span class='ocrx_word' id='word_1_226' title='bbox 572 2928 894 2980; x_wconf 87' lang='lat' dir='ltr'>exclamat:</span> <span class='ocrx_word' id='word_1_227' title='bbox 931 2925 1136 2994; x_wconf 78' lang='lat' dir='ltr'>Infelix</span> <span class='ocrx_word' id='word_1_228' title='bbox 1178 2940 1276 2991; x_wconf 86' lang='lat' dir='ltr'>ego</span> <span class='ocrx_word' id='word_1_229' title='bbox 1324 2928 1524 2977; x_wconf 83' lang='lat' dir='ltr'>homo!</span> <span class='ocrx_word' id='word_1_230' title='bbox 1571 2924 1693 2993; x_wconf 83' lang='lat' dir='ltr'>quis</span> <span class='ocrx_word' id='word_1_231' title='bbox 1742 2939 1825 2977; x_wconf 85' lang='lat' dir='ltr'>me</span> <span class='ocrx_word' id='word_1_232' title='bbox 1866 2923 2124 2978; x_wconf 77' lang='lat' dir='ltr'>liberabit</span> <span class='ocrx_word' id='word_1_233' title='bbox 2151 2924 2217 2978; x_wconf 81' lang='lat' dir='ltr'>de</span> 
     </span>
    </p>
   </div>
   <div class='ocr_carea' id='block_1_30' title="bbox 573 3012 2217 3086">
    <p class='ocr_par' dir='ltr' id='par_1_30' title="bbox 573 3012 2217 3086">
     <span class='ocr_line' id='line_1_30' title="bbox 573 3012 2217 3086; baseline -0.002 -17"><span class='ocrx_word' id='word_1_234' title='bbox 573 3030 793 3086; x_wconf 79' lang='lat' dir='ltr'>corpore</span> <span class='ocrx_word' id='word_1_235' title='bbox 814 3016 1005 3067; x_wconf 78' lang='lat' dir='ltr'>mortis</span> <span class='ocrx_word' id='word_1_236' title='bbox 1026 3014 1192 3083; x_wconf 78' lang='lat' dir='ltr'>hujus</span> <span class='ocrx_word' id='word_1_237' title='bbox 1217 3015 1240 3064; x_wconf 70' lang='grc' dir='ltr'>ἴ)</span> <span class='ocrx_word' id='word_1_238' title='bbox 1260 3014 1449 3067; x_wconf 82' lang='lat' dir='ltr'>Gratia</span> <span class='ocrx_word' id='word_1_239' title='bbox 1479 3012 1575 3065; x_wconf 86' lang='lat' dir='ltr'>Dei</span> <span class='ocrx_word' id='word_1_240' title='bbox 1602 3028 1703 3081; x_wconf 80' lang='lat' dir='ltr'>per</span> <span class='ocrx_word' id='word_1_241' title='bbox 1725 3013 1907 3066; x_wconf 82' lang='lat' dir='ltr'>Jesum</span> <span class='ocrx_word' id='word_1_242' title='bbox 1939 3012 2217 3066; x_wconf 76' lang='lat' dir='ltr'>Christum</span> 
     </span>
    </p>
   </div>
   <div class='ocr_carea' id='block_1_31' title="bbox 575 3100 2217 3171">
    <p class='ocr_par' dir='ltr' id='par_1_31' title="bbox 575 3100 2217 3171">
     <span class='ocr_line' id='line_1_31' title="bbox 575 3100 2217 3171; baseline -0.002 -14"><span class='ocrx_word' id='word_1_243' title='bbox 575 3104 865 3157; x_wconf 82' lang='lat' dir='ltr'>Dominum</span> <span class='ocrx_word' id='word_1_244' title='bbox 920 3105 1164 3157; x_wconf 81' lang='lat' dir='ltr'>nostrum</span> <span class='ocrx_word' id='word_1_245' title='bbox 1223 3102 1402 3171; x_wconf 79' lang='lat' dir='ltr'>(Rom.</span> <span class='ocrx_word' id='word_1_246' title='bbox 1460 3117 1541 3153; x_wconf 82' lang='lat' dir='ltr'>vn</span> <span class='ocrx_word' id='word_1_247' title='bbox 1580 3101 1671 3165; x_wconf 74' lang='grc'>24,</span> <span class='ocrx_word' id='word_1_248' title='bbox 1705 3100 1813 3169; x_wconf 82' lang='lat'>25).</span> <span class='ocrx_word' id='word_1_249' title='bbox 1842 3100 1950 3154; x_wconf 81' lang='lat' dir='ltr'>Sed</span> <span class='ocrx_word' id='word_1_250' title='bbox 1981 3117 2107 3171; x_wconf 68' lang='lat' dir='ltr'>quae</span> <span class='ocrx_word' id='word_1_251' title='bbox 2139 3100 2217 3155; x_wconf 88' lang='lat' dir='ltr'>sit</span> 
     </span>
    </p>
   </div>
   <div class='ocr_carea' id='block_1_32' title="bbox 573 3189 2213 3260">
    <p class='ocr_par' dir='ltr' id='par_1_32' title="bbox 573 3189 2213 3260">
     <span class='ocr_line' id='line_1_32' title="bbox 573 3189 2213 3260; baseline -0.002 -13"><span class='ocrx_word' id='word_1_252' title='bbox 573 3190 909 3247; x_wconf 81' lang='lat' dir='ltr'>distributio</span> <span class='ocrx_word' id='word_1_253' title='bbox 924 3190 1246 3260; x_wconf 87' lang='lat' dir='ltr'>judicantis</span> <span class='ocrx_word' id='word_1_254' title='bbox 1269 3194 1323 3244; x_wconf 91' lang='lat' dir='ltr'>et</span> <span class='ocrx_word' id='word_1_255' title='bbox 1350 3189 1676 3245; x_wconf 89' lang='lat' dir='ltr'>miserentis</span> <span class='ocrx_word' id='word_1_256' title='bbox 1695 3189 1808 3255; x_wconf 91' lang='lat' dir='ltr'>Dei,</span> <span class='ocrx_word' id='word_1_257' title='bbox 1826 3206 1928 3244; x_wconf 90' lang='lat' dir='ltr'>cur</span> <span class='ocrx_word' id='word_1_258' title='bbox 1941 3189 2091 3244; x_wconf 89' lang='lat' dir='ltr'>alius</span> <span class='ocrx_word' id='word_1_259' title='bbox 2110 3190 2213 3257; x_wconf 91' lang='lat' dir='ltr'>sic,</span> 
     </span>
    </p>
   </div>
   <div class='ocr_carea' id='block_1_33' title="bbox 577 3277 2215 3348">
    <p class='ocr_par' dir='ltr' id='par_1_33' title="bbox 577 3277 2215 3348">
     <span class='ocr_line' id='line_1_33' title="bbox 577 3277 2215 3348; baseline -0.001 -14"><span class='ocrx_word' id='word_1_260' title='bbox 577 3280 728 3335; x_wconf 88' lang='lat' dir='ltr'>alius</span> <span class='ocrx_word' id='word_1_261' title='bbox 751 3285 943 3335; x_wconf 89' lang='lat' dir='ltr'>autem</span> <span class='ocrx_word' id='word_1_262' title='bbox 966 3279 1076 3345; x_wconf 90' lang='lat' dir='ltr'>sic;</span> <span class='ocrx_word' id='word_1_263' title='bbox 1102 3277 1345 3334; x_wconf 90' lang='lat' dir='ltr'>occultis</span> <span class='ocrx_word' id='word_1_264' title='bbox 1371 3278 1435 3332; x_wconf 80' lang='lat' dir='ltr'>fit</span> <span class='ocrx_word' id='word_1_265' title='bbox 1454 3278 1847 3348; x_wconf 86' lang='lat' dir='ltr'>causis,justis</span> <span class='ocrx_word' id='word_1_266' title='bbox 1868 3279 2215 3333; x_wconf 89' lang='lat' dir='ltr'>tamen.Non</span> 
     </span>
    </p>
   </div>
   <div class='ocr_carea' id='block_1_34' title="bbox 570 3366 2214 3437">
    <p class='ocr_par' dir='ltr' id='par_1_34' title="bbox 570 3366 2214 3437">
     <span class='ocr_line' id='line_1_34' title="bbox 570 3366 2214 3437; baseline -0.002 -12"><span class='ocrx_word' id='word_1_267' title='bbox 570 3376 767 3425; x_wconf 88' lang='lat' dir='ltr'>tamen</span> <span class='ocrx_word' id='word_1_268' title='bbox 801 3369 925 3423; x_wconf 91' lang='lat' dir='ltr'>ideo</span> <span class='ocrx_word' id='word_1_269' title='bbox 949 3369 1244 3423; x_wconf 89' lang='lat' dir='ltr'>nescimus</span> <span class='ocrx_word' id='word_1_270' title='bbox 1267 3368 1462 3422; x_wconf 88' lang='lat' dir='ltr'>omnia</span> <span class='ocrx_word' id='word_1_271' title='bbox 1484 3366 1834 3437; x_wconf 87' lang='lat' dir='ltr'>istajudicio</span> <span class='ocrx_word' id='word_1_272' title='bbox 1858 3373 1957 3422; x_wconf 88' lang='lat' dir='ltr'>aut</span> <span class='ocrx_word' id='word_1_273' title='bbox 1988 3367 2214 3422; x_wconf 90' lang='lat' dir='ltr'>miseri-</span> 
     </span>
    </p>
   </div>
   <div class='ocr_carea' id='block_1_35' title="bbox 574 3455 2217 3527">
    <p class='ocr_par' dir='ltr' id='par_1_35' title="bbox 574 3455 2217 3527">
     <span class='ocr_line' id='line_1_35' title="bbox 574 3455 2217 3527; baseline -0.001 -15"><span class='ocrx_word' id='word_1_274' title='bbox 574 3457 770 3513; x_wconf 83' lang='lat' dir='ltr'>cordia</span> <span class='ocrx_word' id='word_1_275' title='bbox 821 3457 914 3512; x_wconf 89' lang='lat' dir='ltr'>Dei</span> <span class='ocrx_word' id='word_1_276' title='bbox 952 3456 1098 3526; x_wconf 83' lang='lat' dir='ltr'>ﬁeri,</span> <span class='ocrx_word' id='word_1_277' title='bbox 1126 3456 1260 3511; x_wconf 81' lang='lat' dir='ltr'>licet</span> <span class='ocrx_word' id='word_1_278' title='bbox 1289 3457 1344 3510; x_wconf 91' lang='lat' dir='ltr'>in</span> <span class='ocrx_word' id='word_1_279' title='bbox 1378 3457 1574 3511; x_wconf 87' lang='lat' dir='ltr'>abdito</span> <span class='ocrx_word' id='word_1_280' title='bbox 1601 3455 1805 3527; x_wconf 88' lang='lat' dir='ltr'>positis</span> <span class='ocrx_word' id='word_1_281' title='bbox 1839 3456 2130 3511; x_wconf 84' lang='lat' dir='ltr'>mensuris</span> <span class='ocrx_word' id='word_1_282' title='bbox 2159 3460 2217 3511; x_wconf 92' lang='lat' dir='ltr'>et</span> 
     </span>
    </p>
   </div>
   <div class='ocr_carea' id='block_1_36' title="bbox 578 3545 2217 3617">
    <p class='ocr_par' dir='ltr' id='par_1_36' title="bbox 578 3545 2217 3617">
     <span class='ocr_line' id='line_1_36' title="bbox 578 3545 2217 3617; baseline -0.001 -16"><span class='ocrx_word' id='word_1_283' title='bbox 578 3546 837 3601; x_wconf 88' lang='lat' dir='ltr'>numeris</span> <span class='ocrx_word' id='word_1_284' title='bbox 862 3551 917 3601; x_wconf 91' lang='lat' dir='ltr'>et</span> <span class='ocrx_word' id='word_1_285' title='bbox 938 3546 1547 3617; x_wconf 83' lang='lat' dir='ltr'>ponderibus,quibus</span> <span class='ocrx_word' id='word_1_286' title='bbox 1563 3545 2167 3616; x_wconf 90' lang='lat' dir='ltr'>omniadisponuntur</span> <span class='ocrx_word' id='word_1_287' title='bbox 2184 3562 2217 3599; x_wconf 89' lang='lat' dir='ltr'>a</span> 
     </span>
    </p>
   </div>
   <div class='ocr_carea' id='block_1_37' title="bbox 576 3634 2216 3706">
    <p class='ocr_par' dir='ltr' id='par_1_37' title="bbox 576 3634 2216 3706">
     <span class='ocr_line' id='line_1_37' title="bbox 576 3634 2216 3706; baseline -0.002 -15"><span class='ocrx_word' id='word_1_288' title='bbox 576 3635 689 3691; x_wconf 91' lang='lat' dir='ltr'>Deo</span> <span class='ocrx_word' id='word_1_289' title='bbox 711 3641 968 3691; x_wconf 86' lang='lat' dir='ltr'>creatore</span> <span class='ocrx_word' id='word_1_290' title='bbox 994 3635 1255 3690; x_wconf 90' lang='lat' dir='ltr'>omnium</span> <span class='ocrx_word' id='word_1_291' title='bbox 1280 3652 1408 3705; x_wconf 67' lang='lat' dir='ltr'>quae</span> <span class='ocrx_word' id='word_1_292' title='bbox 1432 3634 1775 3689; x_wconf 84' lang='lat' dir='ltr'>naturaliter</span> <span class='ocrx_word' id='word_1_293' title='bbox 1794 3640 1931 3689; x_wconf 88' lang='lat' dir='ltr'>sunt</span> <span class='ocrx_word' id='word_1_294' title='bbox 1954 3637 2101 3706; x_wconf 72' lang='lat' dir='ltr'>(Sep.</span> <span class='ocrx_word' id='word_1_295' title='bbox 2136 3652 2216 3702; x_wconf 84' lang='lat' dir='ltr'>x1,</span> 
     </span>
    </p>
   </div>
   <div class='ocr_carea' id='block_1_38' title="bbox 572 3724 2218 3795">
    <p class='ocr_par' dir='ltr' id='par_1_38' title="bbox 572 3724 2218 3795">
     <span class='ocr_line' id='line_1_38' title="bbox 572 3724 2218 3795; baseline 0.001 -18"><span class='ocrx_word' id='word_1_296' title='bbox 572 3726 698 3795; x_wconf 78' lang='lat'>21);</span> <span class='ocrx_word' id='word_1_297' title='bbox 725 3740 829 3779; x_wconf 91' lang='lat' dir='ltr'>nec</span> <span class='ocrx_word' id='word_1_298' title='bbox 852 3729 1107 3790; x_wconf 86' lang='lat' dir='ltr'>auctore,</span> <span class='ocrx_word' id='word_1_299' title='bbox 1134 3724 1232 3778; x_wconf 90' lang='lat' dir='ltr'>sed</span> <span class='ocrx_word' id='word_1_300' title='bbox 1257 3729 1451 3778; x_wconf 88' lang='lat' dir='ltr'>tamen</span> <span class='ocrx_word' id='word_1_301' title='bbox 1476 3724 1806 3778; x_wconf 86' lang='lat' dir='ltr'>ordinatore</span> <span class='ocrx_word' id='word_1_302' title='bbox 1826 3724 2003 3778; x_wconf 88' lang='lat' dir='ltr'>etiam</span> <span class='ocrx_word' id='word_1_303' title='bbox 2024 3740 2218 3793; x_wconf 89' lang='lat' dir='ltr'>pecca-</span> 
     </span>
    </p>
   </div>
   <div class='ocr_carea' id='block_1_39' title="bbox 578 3812 2219 3883">
    <p class='ocr_par' dir='ltr' id='par_1_39' title="bbox 578 3812 2219 3883">
     <span class='ocr_line' id='line_1_39' title="bbox 578 3812 2219 3883; baseline 0 -16"><span class='ocrx_word' id='word_1_304' title='bbox 578 3818 766 3867; x_wconf 85' lang='lat' dir='ltr'>torum</span> <span class='ocrx_word' id='word_1_305' title='bbox 797 3831 809 3879; x_wconf 88' lang='lat'><strong>;</strong></span> <span class='ocrx_word' id='word_1_306' title='bbox 844 3818 908 3867; x_wconf 91' lang='lat' dir='ltr'>ut</span> <span class='ocrx_word' id='word_1_307' title='bbox 939 3831 1005 3867; x_wconf 87' lang='lat' dir='ltr'>ea</span> <span class='ocrx_word' id='word_1_308' title='bbox 1035 3830 1159 3882; x_wconf 81' lang='lat' dir='ltr'>quae</span> <span class='ocrx_word' id='word_1_309' title='bbox 1193 3817 1425 3883; x_wconf 82' lang='lat' dir='ltr'>peccata</span> <span class='ocrx_word' id='word_1_310' title='bbox 1458 3830 1571 3866; x_wconf 88' lang='lat' dir='ltr'>non</span> <span class='ocrx_word' id='word_1_311' title='bbox 1624 3818 1839 3877; x_wconf 87' lang='lat' dir='ltr'>essent,</span> <span class='ocrx_word' id='word_1_312' title='bbox 1875 3812 1985 3867; x_wconf 89' lang='lat' dir='ltr'>nisi</span> <span class='ocrx_word' id='word_1_313' title='bbox 2021 3818 2219 3867; x_wconf 86' lang='lat' dir='ltr'>contra</span> 
     </span>
    </p>
   </div>
   <div class='ocr_carea' id='block_1_40' title="bbox 576 3901 2219 3971">
    <p class='ocr_par' dir='ltr' id='par_1_40' title="bbox 576 3901 2219 3971">
     <span class='ocr_line' id='line_1_40' title="bbox 576 3901 2219 3971; baseline 0 -16"><span class='ocrx_word' id='word_1_314' title='bbox 576 3908 849 3956; x_wconf 86' lang='lat' dir='ltr'>naturam</span> <span class='ocrx_word' id='word_1_315' title='bbox 867 3906 1084 3968; x_wconf 87' lang='lat' dir='ltr'>essent,</span> <span class='ocrx_word' id='word_1_316' title='bbox 1099 3902 1599 3971; x_wconf 81' lang='lat' dir='ltr'>sicjudicenturct</span> <span class='ocrx_word' id='word_1_317' title='bbox 1619 3901 1981 3971; x_wconf 85' lang='lat' dir='ltr'>ordinentur,</span> <span class='ocrx_word' id='word_1_318' title='bbox 1999 3918 2068 3955; x_wconf 92' lang='lat' dir='ltr'>ne</span> <span class='ocrx_word' id='word_1_319' title='bbox 2088 3901 2219 3955; x_wconf 90' lang='lat' dir='ltr'>uni-</span> 
     </span>
    </p>
   </div>
   <div class='ocr_carea' id='block_1_41' title="bbox 574 3990 2216 4060">
    <p class='ocr_par' dir='ltr' id='par_1_41' title="bbox 574 3990 2216 4060">
     <span class='ocr_line' id='line_1_41' title="bbox 574 3990 2216 4060; baseline 0.001 -17"><span class='ocrx_word' id='word_1_320' title='bbox 574 3990 866 4045; x_wconf 88' lang='lat' dir='ltr'>versitatis</span> <span class='ocrx_word' id='word_1_321' title='bbox 892 3994 1160 4044; x_wconf 88' lang='lat' dir='ltr'>naturam</span> <span class='ocrx_word' id='word_1_322' title='bbox 1180 3990 1413 4044; x_wconf 89' lang='lat' dir='ltr'>turbare</span> <span class='ocrx_word' id='word_1_323' title='bbox 1432 3990 1515 4044; x_wconf 90' lang='lat' dir='ltr'>vel</span> <span class='ocrx_word' id='word_1_324' title='bbox 1531 3994 1765 4060; x_wconf 84' lang='lat' dir='ltr'>turpare</span> <span class='ocrx_word' id='word_1_325' title='bbox 1781 3990 2216 4060; x_wconf 89' lang='lat' dir='ltr'>permittantur,</span> 
     </span>
    </p>
   </div>
   <div class='ocr_carea' id='block_1_42' title="bbox 573 4077 2215 4150">
    <p class='ocr_par' dir='ltr' id='par_1_42' title="bbox 573 4077 2215 4150">
     <span class='ocr_line' id='line_1_42' title="bbox 573 4077 2215 4150; baseline 0.001 -17"><span class='ocrx_word' id='word_1_326' title='bbox 573 4079 916 4133; x_wconf 89' lang='lat' dir='ltr'>meritorum</span> <span class='ocrx_word' id='word_1_327' title='bbox 941 4096 1205 4148; x_wconf 89' lang='lat' dir='ltr'>suorum,</span> <span class='ocrx_word' id='word_1_328' title='bbox 1232 4078 1374 4133; x_wconf 91' lang='lat' dir='ltr'>locis</span> <span class='ocrx_word' id='word_1_329' title='bbox 1393 4083 1449 4133; x_wconf 84' lang='lat' dir='ltr'>et</span> <span class='ocrx_word' id='word_1_330' title='bbox 1472 4077 1903 4133; x_wconf 89' lang='lat' dir='ltr'>conditionibus</span> <span class='ocrx_word' id='word_1_331' title='bbox 1918 4079 2215 4150; x_wconf 89' lang='lat' dir='ltr'>deputata.</span> 
     </span>
    </p>
   </div>
   <div class='ocr_carea' id='block_1_43' title="bbox 573 4168 2215 4239">
    <p class='ocr_par' dir='ltr' id='par_1_43' title="bbox 573 4168 2215 4239">
     <span class='ocr_line' id='line_1_43' title="bbox 573 4168 2215 4239; baseline 0.001 -18"><span class='ocrx_word' id='word_1_332' title='bbox 573 4170 707 4233; x_wconf 67' lang='lat' dir='ltr'>Qum</span> <span class='ocrx_word' id='word_1_333' title='bbox 731 4184 863 4222; x_wconf 92' lang='lat' dir='ltr'>cum</span> <span class='ocrx_word' id='word_1_334' title='bbox 890 4169 970 4222; x_wconf 89' lang='lat' dir='ltr'>ita</span> <span class='ocrx_word' id='word_1_335' title='bbox 993 4168 1129 4233; x_wconf 89' lang='lat' dir='ltr'>sint,</span> <span class='ocrx_word' id='word_1_336' title='bbox 1154 4172 1210 4222; x_wconf 91' lang='lat' dir='ltr'>et</span> <span class='ocrx_word' id='word_1_337' title='bbox 1232 4184 1363 4221; x_wconf 92' lang='lat' dir='ltr'>cum</span> <span class='ocrx_word' id='word_1_338' title='bbox 1389 4184 1490 4239; x_wconf 90' lang='lat' dir='ltr'>per</span> <span class='ocrx_word' id='word_1_339' title='bbox 1514 4168 1620 4221; x_wconf 91' lang='lat' dir='ltr'>hoc</span> <span class='ocrx_word' id='word_1_340' title='bbox 1652 4173 1937 4221; x_wconf 88' lang='lat' dir='ltr'>secretum</span> <span class='ocrx_word' id='word_1_341' title='bbox 1965 4168 2215 4237; x_wconf 86' lang='lat' dir='ltr'>judicio-</span> 
     </span>
    </p>
   </div>
   <div class='ocr_carea' id='block_1_44' title="bbox 575 4256 2218 4328">
    <p class='ocr_par' dir='ltr' id='par_1_44' title="bbox 575 4256 2218 4328">
     <span class='ocr_line' id='line_1_44' title="bbox 575 4256 2218 4328; baseline 0.001 -17"><span class='ocrx_word' id='word_1_342' title='bbox 575 4274 704 4311; x_wconf 91' lang='lat' dir='ltr'>rum</span> <span class='ocrx_word' id='word_1_343' title='bbox 730 4257 828 4312; x_wconf 90' lang='lat' dir='ltr'>Dei</span> <span class='ocrx_word' id='word_1_344' title='bbox 854 4262 1165 4328; x_wconf 86' lang='lat' dir='ltr'>motusque</span> <span class='ocrx_word' id='word_1_345' title='bbox 1187 4258 1579 4311; x_wconf 87' lang='lat' dir='ltr'>humanarum</span> <span class='ocrx_word' id='word_1_346' title='bbox 1604 4256 1973 4311; x_wconf 84' lang='lat' dir='ltr'>voluntatum</span> <span class='ocrx_word' id='word_1_347' title='bbox 1998 4257 2218 4312; x_wconf 84' lang='lat' dir='ltr'>eisdem</span> 
     </span>
    </p>
   </div>
   <div class='ocr_carea' id='block_1_45' title="bbox 572 4344 2221 4417">
    <p class='ocr_par' dir='ltr' id='par_1_45' title="bbox 572 4344 2221 4417">
     <span class='ocr_line' id='line_1_45' title="bbox 572 4344 2221 4417; baseline 0 -17"><span class='ocrx_word' id='word_1_348' title='bbox 572 4346 1058 4417; x_wconf 84' lang='lat' dir='ltr'>prosperitatibus</span> <span class='ocrx_word' id='word_1_349' title='bbox 1089 4345 1185 4400; x_wconf 88' lang='lat' dir='ltr'>alii</span> <span class='ocrx_word' id='word_1_350' title='bbox 1211 4349 1683 4416; x_wconf 87' lang='lat' dir='ltr'>corrumpantur,</span> <span class='ocrx_word' id='word_1_351' title='bbox 1709 4344 1802 4398; x_wconf 85' lang='lat' dir='ltr'>alii</span> <span class='ocrx_word' id='word_1_352' title='bbox 1830 4350 2221 4416; x_wconf 88' lang='lat' dir='ltr'>temperanter</span> 
     </span>
    </p>
   </div>
   <div class='ocr_carea' id='block_1_46' title="bbox 582 4431 2218 4501">
    <p class='ocr_par' dir='ltr' id='par_1_46' title="bbox 582 4431 2218 4501">
     <span class='ocr_line' id='line_1_46' title="bbox 582 4431 2218 4501; baseline -0.001 -13"><span class='ocrx_word' id='word_1_353' title='bbox 582 4439 859 4501; x_wconf 84' lang='lat' dir='ltr'>utantur;</span> <span class='ocrx_word' id='word_1_354' title='bbox 902 4434 1125 4489; x_wconf 89' lang='lat' dir='ltr'>eisdem</span> <span class='ocrx_word' id='word_1_355' title='bbox 1176 4433 1630 4489; x_wconf 88' lang='lat' dir='ltr'>adversitatibus</span> <span class='ocrx_word' id='word_1_356' title='bbox 1663 4431 1759 4487; x_wconf 90' lang='lat' dir='ltr'>alii</span> <span class='ocrx_word' id='word_1_357' title='bbox 1795 4433 2088 4499; x_wconf 78' lang='lat' dir='ltr'>deficiant,</span> <span class='ocrx_word' id='word_1_358' title='bbox 2121 4433 2218 4489; x_wconf 90' lang='lat' dir='ltr'>alii</span> 
     </span>
    </p>
   </div>
   <div class='ocr_carea' id='block_1_47' title="bbox 573 4521 2222 4594">
    <p class='ocr_par' dir='ltr' id='par_1_47' title="bbox 573 4521 2222 4594">
     <span class='ocr_line' id='line_1_47' title="bbox 573 4521 2222 4594; baseline 0.001 -19"><span class='ocrx_word' id='word_1_359' title='bbox 573 4524 921 4594; x_wconf 82' lang='lat' dir='ltr'>proficiant;</span> <span class='ocrx_word' id='word_1_360' title='bbox 957 4540 1209 4594; x_wconf 90' lang='lat' dir='ltr'>cumque</span> <span class='ocrx_word' id='word_1_361' title='bbox 1241 4522 1368 4593; x_wconf 90' lang='lat' dir='ltr'>ipsa</span> <span class='ocrx_word' id='word_1_362' title='bbox 1398 4523 1658 4577; x_wconf 89' lang='lat' dir='ltr'>humana</span> <span class='ocrx_word' id='word_1_363' title='bbox 1689 4521 2073 4593; x_wconf 81' lang='lat' dir='ltr'>mortalisque</span> <span class='ocrx_word' id='word_1_364' title='bbox 2103 4524 2222 4578; x_wconf 87' lang='lat' dir='ltr'>vita</span> 
     </span>
    </p>
   </div>
   <div class='ocr_carea' id='block_1_48' title="bbox 574 4611 2219 4682">
    <p class='ocr_par' dir='ltr' id='par_1_48' title="bbox 574 4611 2219 4682">
     <span class='ocr_line' id='line_1_48' title="bbox 574 4611 2219 4682; baseline 0 -16"><span class='ocrx_word' id='word_1_365' title='bbox 574 4612 817 4666; x_wconf 89' lang='lat' dir='ltr'>tentatio</span> <span class='ocrx_word' id='word_1_366' title='bbox 851 4612 929 4665; x_wconf 87' lang='lat' dir='ltr'>sit</span> <span class='ocrx_word' id='word_1_367' title='bbox 959 4628 1136 4682; x_wconf 88' lang='lat' dir='ltr'>super</span> <span class='ocrx_word' id='word_1_368' title='bbox 1184 4616 1397 4666; x_wconf 90' lang='lat' dir='ltr'>terram</span> <span class='ocrx_word' id='word_1_369' title='bbox 1436 4612 1569 4682; x_wconf 86' lang='lat' dir='ltr'>(Job.</span> <span class='ocrx_word' id='word_1_370' title='bbox 1606 4627 1705 4675; x_wconf 81' lang='lat' dir='ltr'>vn,</span> <span class='ocrx_word' id='word_1_371' title='bbox 1740 4612 1830 4681; x_wconf 82' lang='lat'>1):</span> <span class='ocrx_word' id='word_1_372' title='bbox 1868 4611 2000 4681; x_wconf 90' lang='lat' dir='ltr'>quis</span> <span class='ocrx_word' id='word_1_373' title='bbox 2032 4611 2219 4667; x_wconf 88' lang='lat' dir='ltr'>homi-</span> 
     </span>
    </p>
   </div>
   <div class='ocr_carea' id='block_1_49' title="bbox 576 4698 2220 4770">
    <p class='ocr_par' dir='ltr' id='par_1_49' title="bbox 576 4698 2220 4770">
     <span class='ocr_line' id='line_1_49' title="bbox 576 4698 2220 4770; baseline 0 -15"><span class='ocrx_word' id='word_1_374' title='bbox 576 4718 717 4755; x_wconf 86' lang='lat' dir='ltr'>num</span> <span class='ocrx_word' id='word_1_375' title='bbox 735 4701 891 4755; x_wconf 90' lang='lat' dir='ltr'>novit</span> <span class='ocrx_word' id='word_1_376' title='bbox 906 4700 997 4754; x_wconf 88' lang='lat' dir='ltr'>cui</span> <span class='ocrx_word' id='word_1_377' title='bbox 1031 4700 1326 4770; x_wconf 86' lang='lat' dir='ltr'>prositaut</span> <span class='ocrx_word' id='word_1_378' title='bbox 1347 4699 1502 4754; x_wconf 92' lang='lat' dir='ltr'>obsit</span> <span class='ocrx_word' id='word_1_379' title='bbox 1517 4698 1572 4752; x_wconf 92' lang='lat' dir='ltr'>in</span> <span class='ocrx_word' id='word_1_380' title='bbox 1590 4716 1730 4769; x_wconf 84' lang='lat' dir='ltr'>pace</span> <span class='ocrx_word' id='word_1_381' title='bbox 1743 4715 1985 4770; x_wconf 87' lang='lat' dir='ltr'>regnare</span> <span class='ocrx_word' id='word_1_382' title='bbox 1997 4700 2082 4755; x_wconf 89' lang='lat' dir='ltr'>vel</span> <span class='ocrx_word' id='word_1_383' title='bbox 2099 4718 2220 4755; x_wconf 91' lang='lat' dir='ltr'>ser-</span> 
     </span>
    </p>
   </div>
   <div class='ocr_carea' id='block_1_50' title="bbox 572 4787 2221 4861">
    <p class='ocr_par' dir='ltr' id='par_1_50' title="bbox 572 4787 2221 4861">
     <span class='ocr_line' id='line_1_50' title="bbox 572 4787 2221 4861; baseline 0 -16"><span class='ocrx_word' id='word_1_384' title='bbox 572 4792 712 4859; x_wconf 89' lang='lat' dir='ltr'>vire,</span> <span class='ocrx_word' id='word_1_385' title='bbox 745 4789 830 4844; x_wconf 89' lang='lat' dir='ltr'>vel</span> <span class='ocrx_word' id='word_1_386' title='bbox 866 4806 1084 4854; x_wconf 87' lang='lat' dir='ltr'>vacare,</span> <span class='ocrx_word' id='word_1_387' title='bbox 1118 4788 1203 4844; x_wconf 91' lang='lat' dir='ltr'>vel</span> <span class='ocrx_word' id='word_1_388' title='bbox 1238 4789 1407 4853; x_wconf 91' lang='lat' dir='ltr'>mori,</span> <span class='ocrx_word' id='word_1_389' title='bbox 1438 4788 1496 4842; x_wconf 92' lang='lat' dir='ltr'>in</span> <span class='ocrx_word' id='word_1_390' title='bbox 1530 4787 1678 4842; x_wconf 88' lang='lat' dir='ltr'>bello</span> <span class='ocrx_word' id='word_1_391' title='bbox 1711 4793 1904 4843; x_wconf 90' lang='lat' dir='ltr'>autem</span> <span class='ocrx_word' id='word_1_392' title='bbox 1928 4788 2013 4843; x_wconf 90' lang='lat' dir='ltr'>vel</span> <span class='ocrx_word' id='word_1_393' title='bbox 2038 4790 2221 4861; x_wconf 89' lang='lat' dir='ltr'>impe-</span> 
     </span>
    </p>
   </div>
   <div class='ocr_carea' id='block_1_51' title="bbox 574 4873 2223 4949">
    <p class='ocr_par' dir='ltr' id='par_1_51' title="bbox 574 4873 2223 4949">
     <span class='ocr_line' id='line_1_51' title="bbox 574 4873 2223 4949; baseline -0.001 -16"><span class='ocrx_word' id='word_1_394' title='bbox 574 4895 721 4944; x_wconf 86' lang='lat' dir='ltr'>rare,</span> <span class='ocrx_word' id='word_1_395' title='bbox 760 4877 842 4933; x_wconf 84' lang='lat' dir='ltr'>vel</span> <span class='ocrx_word' id='word_1_396' title='bbox 879 4893 1158 4949; x_wconf 86' lang='lat' dir='ltr'>pugnare,</span> <span class='ocrx_word' id='word_1_397' title='bbox 1194 4876 1281 4930; x_wconf 92' lang='lat' dir='ltr'>vel</span> <span class='ocrx_word' id='word_1_398' title='bbox 1313 4876 1561 4941; x_wconf 90' lang='lat' dir='ltr'>vincere,</span> <span class='ocrx_word' id='word_1_399' title='bbox 1595 4873 1679 4928; x_wconf 88' lang='lat' dir='ltr'>vel</span> <span class='ocrx_word' id='word_1_400' title='bbox 1706 4874 1885 4929; x_wconf 91' lang='lat' dir='ltr'>occidi</span> <span class='ocrx_word' id='word_1_401' title='bbox 1912 4874 1939 4928; x_wconf 74' lang='lat' dir='ltr'>‘I</span> <span class='ocrx_word' id='word_1_402' title='bbox 1961 4892 2092 4930; x_wconf 90' lang='lat' dir='ltr'>cum</span> <span class='ocrx_word' id='word_1_403' title='bbox 2113 4876 2223 4932; x_wconf 90' lang='lat' dir='ltr'>hoc</span> 
     </span>
    </p>
   </div>
   <div class='ocr_carea' id='block_1_52' title="bbox 572 4963 2221 5035">
    <p class='ocr_par' dir='ltr' id='par_1_52' title="bbox 572 4963 2221 5035">
     <span class='ocr_line' id='line_1_52' title="bbox 572 4963 2221 5035; baseline -0.001 -14"><span class='ocrx_word' id='word_1_404' title='bbox 572 4973 771 5021; x_wconf 87' lang='lat' dir='ltr'>tamen</span> <span class='ocrx_word' id='word_1_405' title='bbox 831 4970 1076 5029; x_wconf 87' lang='lat' dir='ltr'>constet,</span> <span class='ocrx_word' id='word_1_406' title='bbox 1128 4969 1183 5019; x_wconf 91' lang='lat' dir='ltr'>et</span> <span class='ocrx_word' id='word_1_407' title='bbox 1236 4964 1326 5018; x_wconf 91' lang='lat' dir='ltr'>cui</span> <span class='ocrx_word' id='word_1_408' title='bbox 1361 4963 1619 5035; x_wconf 64' lang='lat' dir='ltr'>prodest,</span> <span class='ocrx_word' id='word_1_409' title='bbox 1654 4980 1767 5017; x_wconf 90' lang='lat' dir='ltr'>non</span> <span class='ocrx_word' id='word_1_410' title='bbox 1803 4963 1911 5017; x_wconf 90' lang='lat' dir='ltr'>nisi</span> <span class='ocrx_word' id='word_1_411' title='bbox 1948 4981 2049 5035; x_wconf 89' lang='lat' dir='ltr'>per</span> <span class='ocrx_word' id='word_1_412' title='bbox 2079 4966 2221 5020; x_wconf 88' lang='lat' dir='ltr'>divi-</span> 
     </span>
    </p>
   </div>
   <div class='ocr_carea' id='block_1_53' title="bbox 577 5052 2222 5127">
    <p class='ocr_par' dir='ltr' id='par_1_53' title="bbox 577 5052 2222 5127">
     <span class='ocr_line' id='line_1_53' title="bbox 577 5052 2222 5127; baseline 0 -17"><span class='ocrx_word' id='word_1_413' title='bbox 577 5074 718 5111; x_wconf 87' lang='lat' dir='ltr'>num</span> <span class='ocrx_word' id='word_1_414' title='bbox 753 5056 1029 5127; x_wconf 88' lang='lat' dir='ltr'>prodesse</span> <span class='ocrx_word' id='word_1_415' title='bbox 1061 5053 1407 5109; x_wconf 80' lang='lat' dir='ltr'>beneﬁcium</span> <span class='ocrx_word' id='word_1_416' title='bbox 1437 5070 1454 5117; x_wconf 87' lang='lat'><strong><em>;</em></strong></span> <span class='ocrx_word' id='word_1_417' title='bbox 1503 5056 1560 5107; x_wconf 91' lang='lat' dir='ltr'>et</span> <span class='ocrx_word' id='word_1_418' title='bbox 1608 5052 1697 5108; x_wconf 88' lang='lat' dir='ltr'>cui</span> <span class='ocrx_word' id='word_1_419' title='bbox 1745 5053 1929 5119; x_wconf 90' lang='lat' dir='ltr'>obest,</span> <span class='ocrx_word' id='word_1_420' title='bbox 1964 5070 2077 5109; x_wconf 90' lang='lat' dir='ltr'>non</span> <span class='ocrx_word' id='word_1_421' title='bbox 2110 5054 2222 5110; x_wconf 90' lang='lat' dir='ltr'>nisi</span> 
     </span>
    </p>
   </div>
   <div class='ocr_carea' id='block_1_54' title="bbox 579 5141 1553 5217">
    <p class='ocr_par' dir='ltr' id='par_1_54' title="bbox 579 5141 1553 5217">
     <span class='ocr_line' id='line_1_54' title="bbox 579 5141 1553 5217; baseline -0.005 -17"><span class='ocrx_word' id='word_1_422' title='bbox 579 5164 680 5217; x_wconf 89' lang='lat' dir='ltr'>per</span> <span class='ocrx_word' id='word_1_423' title='bbox 710 5146 971 5200; x_wconf 90' lang='lat' dir='ltr'>divinum</span> <span class='ocrx_word' id='word_1_424' title='bbox 1003 5145 1213 5199; x_wconf 89' lang='lat' dir='ltr'>obesse</span> <span class='ocrx_word' id='word_1_425' title='bbox 1237 5141 1553 5213; x_wconf 89' lang='lat' dir='ltr'>judicium.</span> 
     </span>
    </p>
   </div>
   <div class='ocr_carea' id='block_1_55' title="bbox 650 5281 2222 5353">
    <p class='ocr_par' dir='ltr' id='par_1_55' title="bbox 650 5281 2222 5353">
     <span class='ocr_line' id='line_1_55' title="bbox 650 5281 2222 5353; baseline -0.001 -11"><span class='ocrx_word' id='word_1_426' title='bbox 650 5287 885 5343; x_wconf 85' lang='lat' dir='ltr'>CAPUT</span> <span class='ocrx_word' id='word_1_427' title='bbox 906 5285 1135 5341; x_wconf 78' lang='lat' dir='ltr'>LXXIX.</span> <span class='ocrx_word' id='word_1_428' title='bbox 1163 5284 1393 5347; x_wconf 89' lang='lat' dir='ltr'>--Quid</span> <span class='ocrx_word' id='word_1_429' title='bbox 1418 5299 1553 5353; x_wconf 85' lang='lat' dir='ltr'>ergo</span> <span class='ocrx_word' id='word_1_430' title='bbox 1577 5281 1874 5338; x_wconf 86' lang='lat' dir='ltr'>insilimus</span> <span class='ocrx_word' id='word_1_431' title='bbox 1896 5284 1954 5339; x_wconf 89' lang='lat' dir='ltr'>in</span> <span class='ocrx_word' id='word_1_432' title='bbox 1979 5289 2222 5341; x_wconf 87' lang='lat' dir='ltr'>temera-</span> 
     </span>
    </p>
   </div>
   <div class='ocr_carea' id='block_1_56' title="bbox 581 5371 2223 5445">
    <p class='ocr_par' dir='ltr' id='par_1_56' title="bbox 581 5371 2223 5445">
     <span class='ocr_line' id='line_1_56' title="bbox 581 5371 2223 5445; baseline 0.002 -17"><span class='ocrx_word' id='word_1_433' title='bbox 581 5376 700 5430; x_wconf 87' lang='lat' dir='ltr'>rias</span> <span class='ocrx_word' id='word_1_434' title='bbox 726 5374 1229 5445; x_wconf 85' lang='lat' dir='ltr'>reprehensiones,</span> <span class='ocrx_word' id='word_1_435' title='bbox 1252 5378 1423 5442; x_wconf 87' lang='lat' dir='ltr'>atque</span> <span class='ocrx_word' id='word_1_436' title='bbox 1449 5371 1672 5425; x_wconf 90' lang='lat' dir='ltr'>utinam</span> <span class='ocrx_word' id='word_1_437' title='bbox 1690 5371 2014 5440; x_wconf 90' lang='lat' dir='ltr'>hominum,</span> <span class='ocrx_word' id='word_1_438' title='bbox 2040 5380 2223 5431; x_wconf 89' lang='lat' dir='ltr'>etnon</span> 
     </span>
    </p>
   </div>
   <div class='ocr_carea' id='block_1_57' title="bbox 576 5462 2224 5533">
    <p class='ocr_par' dir='ltr' id='par_1_57' title="bbox 576 5462 2224 5533">
     <span class='ocr_line' id='line_1_57' title="bbox 576 5462 2224 5533; baseline 0.001 -14"><span class='ocrx_word' id='word_1_439' title='bbox 576 5464 677 5519; x_wconf 88' lang='lat' dir='ltr'>Dei</span> <span class='ocrx_word' id='word_1_440' title='bbox 702 5464 727 5517; x_wconf 67' lang='grc'>⁸2</span> <span class='ocrx_word' id='word_1_441' title='bbox 769 5464 1083 5518; x_wconf 87' lang='lat' dir='ltr'>Servierint</span> <span class='ocrx_word' id='word_1_442' title='bbox 1124 5463 1560 5533; x_wconf 88' lang='lat' dir='ltr'>dispensatores</span> <span class='ocrx_word' id='word_1_443' title='bbox 1592 5462 1815 5515; x_wconf 87' lang='lat' dir='ltr'>Veteris</span> <span class='ocrx_word' id='word_1_444' title='bbox 1845 5464 2224 5532; x_wconf 88' lang='lat' dir='ltr'>Testamenti,</span> 
     </span>
    </p>
   </div>
   <div class='ocr_carea' id='block_1_58' title="bbox 582 5548 2228 5622">
    <p class='ocr_par' dir='ltr' id='par_1_58' title="bbox 582 5548 2228 5622">
     <span class='ocr_line' id='line_1_58' title="bbox 582 5548 2228 5622; baseline 0.002 -17"><span class='ocrx_word' id='word_1_445' title='bbox 582 5552 877 5622; x_wconf 89' lang='lat' dir='ltr'>iidemque</span> <span class='ocrx_word' id='word_1_446' title='bbox 900 5550 1383 5622; x_wconf 70' lang='lat' dir='ltr'>praenuntiatores</span> <span class='ocrx_word' id='word_1_447' title='bbox 1405 5548 1545 5603; x_wconf 90' lang='lat' dir='ltr'>Novi</span> <span class='ocrx_word' id='word_1_448' title='bbox 1567 5549 1942 5617; x_wconf 89' lang='lat' dir='ltr'>Testamenti,</span> <span class='ocrx_word' id='word_1_449' title='bbox 1973 5560 2228 5622; x_wconf 87' lang='lat' dir='ltr'>peccato-</span> 
     </span>
    </p>
   </div>
   <div class='ocr_carea' id='block_1_59' title="bbox 581 5638 2230 5709">
    <p class='ocr_par' dir='ltr' id='par_1_59' title="bbox 581 5638 2230 5709">
     <span class='ocr_line' id='line_1_59' title="bbox 581 5638 2230 5709; baseline 0.002 -14"><span class='ocrx_word' id='word_1_450' title='bbox 581 5658 675 5695; x_wconf 89' lang='lat' dir='ltr'>res</span> <span class='ocrx_word' id='word_1_451' title='bbox 703 5641 1018 5695; x_wconf 87' lang='lat' dir='ltr'>occidendo</span> <span class='ocrx_word' id='word_1_452' title='bbox 1045 5659 1057 5708; x_wconf 86' lang='lat'><strong>;</strong></span> <span class='ocrx_word' id='word_1_453' title='bbox 1087 5639 1389 5696; x_wconf 88' lang='lat' dir='ltr'>servierint</span> <span class='ocrx_word' id='word_1_454' title='bbox 1411 5638 1843 5709; x_wconf 85' lang='lat' dir='ltr'>dispensatores</span> <span class='ocrx_word' id='word_1_455' title='bbox 1866 5639 2006 5694; x_wconf 90' lang='lat' dir='ltr'>Novi</span> <span class='ocrx_word' id='word_1_456' title='bbox 2035 5642 2230 5698; x_wconf 90' lang='lat' dir='ltr'>Testa-</span> 
     </span>
    </p>
   </div>
   <div class='ocr_carea' id='block_1_60' title="bbox 584 5726 2232 5802">
    <p class='ocr_par' dir='ltr' id='par_1_60' title="bbox 584 5726 2232 5802">
     <span class='ocr_line' id='line_1_60' title="bbox 584 5726 2232 5802; baseline 0.002 -16"><span class='ocrx_word' id='word_1_457' title='bbox 584 5727 784 5801; x_wconf 87' lang='lat' dir='ltr'>menti,</span> <span class='ocrx_word' id='word_1_458' title='bbox 818 5728 1106 5801; x_wconf 89' lang='lat' dir='ltr'>iidemque</span> <span class='ocrx_word' id='word_1_459' title='bbox 1137 5728 1492 5802; x_wconf 82' lang='lat' dir='ltr'>expositores</span> <span class='ocrx_word' id='word_1_460' title='bbox 1532 5726 1757 5786; x_wconf 89' lang='lat' dir='ltr'>Veteris</span> <span class='ocrx_word' id='word_1_461' title='bbox 1788 5728 2167 5799; x_wconf 87' lang='lat' dir='ltr'>Testamenti,</span> <span class='ocrx_word' id='word_1_462' title='bbox 2198 5748 2232 5789; x_wconf 84' lang='lat' dir='ltr'>a</span> 
     </span>
    </p>
   </div>
   <div class='ocr_carea' id='block_1_61' title="bbox 1325 385 3205 457">
    <p class='ocr_par' dir='ltr' id='par_1_61' title="bbox 1325 385 3205 457">
     <span class='ocr_line' id='line_1_61' title="bbox 1325 385 3205 457; baseline -0.005 -4"><span class='ocrx_word' id='word_1_463' title='bbox 1325 394 1635 455; x_wconf 82' lang='lat' dir='ltr'>CONTRA</span> <span class='ocrx_word' id='word_1_464' title='bbox 1683 389 2055 452; x_wconf 83' lang='lat' dir='ltr'>FAUSTUM</span> <span class='ocrx_word' id='word_1_465' title='bbox 2102 386 2620 457; x_wconf 63' lang='lat' dir='ltr'>MANPCHZEUM,</span> <span class='ocrx_word' id='word_1_466' title='bbox 2671 388 2734 445; x_wconf 93' lang='lat' dir='ltr'>S.</span> <span class='ocrx_word' id='word_1_467' title='bbox 2782 385 3205 447; x_wconf 86' lang='lat' dir='ltr'>AUGUSTINI</span> 
     </span>
    </p>
   </div>
   <div class='ocr_carea' id='block_1_62' title="bbox 3854 384 3972 442">
    <p class='ocr_par' dir='ltr' id='par_1_62' title="bbox 3854 384 3972 442">
     <span class='ocr_line' id='line_1_62' title="bbox 3854 384 3972 442; baseline 0.008 -1"><span class='ocrx_word' id='word_1_468' title='bbox 3854 384 3972 442; x_wconf 75' lang='grc'>452</span> 
     </span>
    </p>
   </div>
   <div class='ocr_carea' id='block_1_63' title="bbox 2322 515 3972 590">
    <p class='ocr_par' dir='ltr' id='par_1_63' title="bbox 2322 515 3972 590">
     <span class='ocr_line' id='line_1_63' title="bbox 2322 515 3972 590; baseline -0.001 -17"><span class='ocrx_word' id='word_1_469' title='bbox 2322 518 2721 590; x_wconf 80' lang='lat' dir='ltr'>peccatoribus</span> <span class='ocrx_word' id='word_1_470' title='bbox 2746 518 3046 572; x_wconf 83' lang='lat' dir='ltr'>moriendo</span> <span class='ocrx_word' id='word_1_471' title='bbox 3075 534 3086 571; x_wconf 88' lang='lat'><strong>:</strong></span> <span class='ocrx_word' id='word_1_472' title='bbox 3114 516 3229 570; x_wconf 86' lang='lat' dir='ltr'>Deo</span> <span class='ocrx_word' id='word_1_473' title='bbox 3254 522 3443 571; x_wconf 84' lang='lat' dir='ltr'>tamen</span> <span class='ocrx_word' id='word_1_474' title='bbox 3470 515 3569 571; x_wconf 91' lang='lat' dir='ltr'>uni</span> <span class='ocrx_word' id='word_1_475' title='bbox 3596 516 3829 586; x_wconf 90' lang='lat' dir='ltr'>utrique</span> <span class='ocrx_word' id='word_1_476' title='bbox 3853 532 3972 571; x_wconf 88' lang='lat' dir='ltr'>ser-</span> 
     </span>
    </p>
   </div>
   <div class='ocr_carea' id='block_1_64' title="bbox 2320 605 3975 678">
    <p class='ocr_par' dir='ltr' id='par_1_64' title="bbox 2320 605 3975 678">
     <span class='ocr_line' id='line_1_64' title="bbox 2320 605 3975 678; baseline -0.001 -17"><span class='ocrx_word' id='word_1_477' title='bbox 2320 608 2475 663; x_wconf 86' lang='lat' dir='ltr'>vicru</span> <span class='ocrx_word' id='word_1_478' title='bbox 2486 613 2565 673; x_wconf 88' lang='lat' dir='ltr'>nt,</span> <span class='ocrx_word' id='word_1_479' title='bbox 2594 624 2694 678; x_wconf 91' lang='lat' dir='ltr'>per</span> <span class='ocrx_word' id='word_1_480' title='bbox 2707 607 2932 661; x_wconf 82' lang='lat' dir='ltr'>diversa</span> <span class='ocrx_word' id='word_1_481' title='bbox 2948 611 3003 660; x_wconf 89' lang='lat' dir='ltr'>et</span> <span class='ocrx_word' id='word_1_482' title='bbox 3023 622 3279 674; x_wconf 76' lang='lat' dir='ltr'>congrua</span> <span class='ocrx_word' id='word_1_483' title='bbox 3295 611 3554 675; x_wconf 86' lang='lat' dir='ltr'>tempora</span> <span class='ocrx_word' id='word_1_484' title='bbox 3568 605 3799 660; x_wconf 89' lang='lat' dir='ltr'>docenti</span> <span class='ocrx_word' id='word_1_485' title='bbox 3825 606 3975 660; x_wconf 86' lang='lat' dir='ltr'>bona</span> 
     </span>
    </p>
   </div>
   <div class='ocr_carea' id='block_1_65' title="bbox 2319 694 3972 768">
    <p class='ocr_par' dir='ltr' id='par_1_65' title="bbox 2319 694 3972 768">
     <span class='ocr_line' id='line_1_65' title="bbox 2319 694 3972 768; baseline -0.002 -17"><span class='ocrx_word' id='word_1_486' title='bbox 2319 696 2663 768; x_wconf 86' lang='lat' dir='ltr'>temporalia</span> <span class='ocrx_word' id='word_1_487' title='bbox 2675 701 2774 751; x_wconf 88' lang='lat' dir='ltr'>eta</span> <span class='ocrx_word' id='word_1_488' title='bbox 2788 712 2849 751; x_wconf 89' lang='lat' dir='ltr'>se</span> <span class='ocrx_word' id='word_1_489' title='bbox 2865 696 3113 766; x_wconf 89' lang='lat' dir='ltr'>petenda</span> <span class='ocrx_word' id='word_1_490' title='bbox 3132 702 3187 749; x_wconf 85' lang='lat' dir='ltr'>et</span> <span class='ocrx_word' id='word_1_491' title='bbox 3202 700 3435 764; x_wconf 86' lang='lat' dir='ltr'>propter</span> <span class='ocrx_word' id='word_1_492' title='bbox 3448 711 3508 749; x_wconf 90' lang='lat' dir='ltr'>se</span> <span class='ocrx_word' id='word_1_493' title='bbox 3521 694 3972 760; x_wconf 86' lang='lat' dir='ltr'>contemnenda,</span> 
     </span>
    </p>
   </div>
   <div class='ocr_carea' id='block_1_66' title="bbox 2320 782 3977 855">
    <p class='ocr_par' dir='ltr' id='par_1_66' title="bbox 2320 782 3977 855">
     <span class='ocr_line' id='line_1_66' title="bbox 2320 782 3977 855; baseline -0.002 -16"><span class='ocrx_word' id='word_1_494' title='bbox 2320 785 2616 840; x_wconf 86' lang='lat' dir='ltr'>molestias</span> <span class='ocrx_word' id='word_1_495' title='bbox 2640 784 3010 855; x_wconf 87' lang='lat' dir='ltr'>temporales,</span> <span class='ocrx_word' id='word_1_496' title='bbox 3031 792 3086 838; x_wconf 88' lang='lat' dir='ltr'>et</span> <span class='ocrx_word' id='word_1_497' title='bbox 3108 803 3139 837; x_wconf 82' lang='lat' dir='ltr'>a</span> <span class='ocrx_word' id='word_1_498' title='bbox 3166 800 3227 838; x_wconf 88' lang='lat' dir='ltr'>se</span> <span class='ocrx_word' id='word_1_499' title='bbox 3250 799 3417 853; x_wconf 82' lang='lat' dir='ltr'>posse</span> <span class='ocrx_word' id='word_1_500' title='bbox 3442 782 3748 853; x_wconf 69' lang='lat' dir='ltr'>imperari‘</span> <span class='ocrx_word' id='word_1_501' title='bbox 3770 787 3827 836; x_wconf 88' lang='lat' dir='ltr'>et</span> <span class='ocrx_word' id='word_1_502' title='bbox 3842 800 3977 854; x_wconf 84' lang='lat' dir='ltr'>pro-</span> 
     </span>
    </p>
   </div>
   <div class='ocr_carea' id='block_1_67' title="bbox 2319 871 3975 945">
    <p class='ocr_par' dir='ltr' id='par_1_67' title="bbox 2319 871 3975 945">
     <span class='ocr_line' id='line_1_67' title="bbox 2319 871 3975 945; baseline -0.002 -17"><span class='ocrx_word' id='word_1_503' title='bbox 2319 878 2445 945; x_wconf 88' lang='lat' dir='ltr'>pter</span> <span class='ocrx_word' id='word_1_504' title='bbox 2465 891 2525 929; x_wconf 90' lang='lat' dir='ltr'>se</span> <span class='ocrx_word' id='word_1_505' title='bbox 2548 875 2755 928; x_wconf 91' lang='lat' dir='ltr'>debere</span> <span class='ocrx_word' id='word_1_506' title='bbox 2779 873 3033 929; x_wconf 89' lang='lat' dir='ltr'>tolerari.</span> <span class='ocrx_word' id='word_1_507' title='bbox 3058 873 3206 938; x_wconf 88' lang='lat' dir='ltr'>Quid</span> <span class='ocrx_word' id='word_1_508' title='bbox 3227 889 3362 943; x_wconf 88' lang='lat' dir='ltr'>ergo</span> <span class='ocrx_word' id='word_1_509' title='bbox 3381 871 3611 927; x_wconf 91' lang='lat' dir='ltr'>crudele</span> <span class='ocrx_word' id='word_1_510' title='bbox 3629 872 3859 943; x_wconf 86' lang='lat' dir='ltr'>Moyses</span> <span class='ocrx_word' id='word_1_511' title='bbox 3872 876 3975 926; x_wconf 86' lang='lat' dir='ltr'>aut</span> 
     </span>
    </p>
   </div>
   <div class='ocr_carea' id='block_1_68' title="bbox 2319 960 3974 1032">
    <p class='ocr_par' dir='ltr' id='par_1_68' title="bbox 2319 960 3974 1032">
     <span class='ocr_line' id='line_1_68' title="bbox 2319 960 3974 1032; baseline -0.002 -14"><span class='ocrx_word' id='word_1_512' title='bbox 2319 963 2617 1019; x_wconf 84' lang='lat' dir='ltr'>mandavit</span> <span class='ocrx_word' id='word_1_513' title='bbox 2646 967 2747 1018; x_wconf 89' lang='lat' dir='ltr'>aut</span> <span class='ocrx_word' id='word_1_514' title='bbox 2771 962 2923 1031; x_wconf 81' lang='lat' dir='ltr'>fecit,</span> <span class='ocrx_word' id='word_1_515' title='bbox 2959 979 3092 1017; x_wconf 91' lang='lat' dir='ltr'>cum</span> <span class='ocrx_word' id='word_1_516' title='bbox 3126 962 3509 1017; x_wconf 85' lang='lat' dir='ltr'>commissum</span> <span class='ocrx_word' id='word_1_517' title='bbox 3542 962 3653 1016; x_wconf 90' lang='lat' dir='ltr'>sibi</span> <span class='ocrx_word' id='word_1_518' title='bbox 3687 960 3974 1032; x_wconf 88' lang='lat' dir='ltr'>populum</span> 
     </span>
    </p>
   </div>
   <div class='ocr_carea' id='block_1_69' title="bbox 2319 1050 3975 1122">
    <p class='ocr_par' dir='ltr' id='par_1_69' title="bbox 2319 1050 3975 1122">
     <span class='ocr_line' id='line_1_69' title="bbox 2319 1050 3975 1122; baseline -0.002 -14"><span class='ocrx_word' id='word_1_519' title='bbox 2319 1058 2519 1108; x_wconf 88' lang='lat' dir='ltr'>sancte</span> <span class='ocrx_word' id='word_1_520' title='bbox 2541 1052 2734 1107; x_wconf 88' lang='lat' dir='ltr'>zelans</span> <span class='ocrx_word' id='word_1_521' title='bbox 2757 1058 2812 1107; x_wconf 92' lang='lat' dir='ltr'>et</span> <span class='ocrx_word' id='word_1_522' title='bbox 2838 1051 2937 1106; x_wconf 91' lang='lat' dir='ltr'>uni</span> <span class='ocrx_word' id='word_1_523' title='bbox 2961 1068 3093 1106; x_wconf 90' lang='lat' dir='ltr'>vero</span> <span class='ocrx_word' id='word_1_524' title='bbox 3113 1051 3228 1105; x_wconf 91' lang='lat' dir='ltr'>Deo</span> <span class='ocrx_word' id='word_1_525' title='bbox 3243 1050 3570 1105; x_wconf 75' lang='lat' dir='ltr'>’subditum</span> <span class='ocrx_word' id='word_1_526' title='bbox 3594 1050 3859 1122; x_wconf 88' lang='lat' dir='ltr'>cupiens,</span> <span class='ocrx_word' id='word_1_527' title='bbox 3878 1066 3975 1122; x_wconf 81' lang='lat' dir='ltr'>po-</span> 
     </span>
    </p>
   </div>
   <div class='ocr_carea' id='block_1_70' title="bbox 2321 1138 3973 1213">
    <p class='ocr_par' dir='ltr' id='par_1_70' title="bbox 2321 1138 3973 1213">
     <span class='ocr_line' id='line_1_70' title="bbox 2321 1138 3973 1213; baseline -0.002 -18"><span class='ocrx_word' id='word_1_528' title='bbox 2321 1146 2628 1213; x_wconf 87' lang='lat' dir='ltr'>steaquam</span> <span class='ocrx_word' id='word_1_529' title='bbox 2645 1141 2994 1212; x_wconf 88' lang='lat' dir='ltr'>cognovitad</span> <span class='ocrx_word' id='word_1_530' title='bbox 3029 1140 3433 1195; x_wconf 82' lang='lat' dir='ltr'>fabricandum</span> <span class='ocrx_word' id='word_1_531' title='bbox 3466 1145 3523 1194; x_wconf 89' lang='lat' dir='ltr'>et</span> <span class='ocrx_word' id='word_1_532' title='bbox 3552 1138 3865 1195; x_wconf 86' lang='lat' dir='ltr'>colendum</span> <span class='ocrx_word' id='word_1_533' title='bbox 3890 1139 3973 1193; x_wconf 84' lang='lat' dir='ltr'>id-</span> 
     </span>
    </p>
   </div>
   <div class='ocr_carea' id='block_1_71' title="bbox 2319 1226 3972 1300">
    <p class='ocr_par' dir='ltr' id='par_1_71' title="bbox 2319 1226 3972 1300">
     <span class='ocr_line' id='line_1_71' title="bbox 2319 1226 3972 1300; baseline -0.001 -16"><span class='ocrx_word' id='word_1_534' title='bbox 2319 1229 2477 1284; x_wconf 90' lang='lat' dir='ltr'>olum</span> <span class='ocrx_word' id='word_1_535' title='bbox 2498 1229 2810 1285; x_wconf 82' lang='lat' dir='ltr'>deﬂuxisse</span> <span class='ocrx_word' id='word_1_536' title='bbox 2829 1234 3203 1300; x_wconf 89' lang='lat' dir='ltr'>mentemque</span> <span class='ocrx_word' id='word_1_537' title='bbox 3223 1228 3578 1300; x_wconf 87' lang='lat' dir='ltr'>impudicam</span> <span class='ocrx_word' id='word_1_538' title='bbox 3595 1226 3972 1299; x_wconf 79' lang='lat' dir='ltr'>prostituisse</span> 
     </span>
    </p>
   </div>
   <div class='ocr_carea' id='block_1_72' title="bbox 2318 1317 3972 1390">
    <p class='ocr_par' dir='ltr' id='par_1_72' title="bbox 2318 1317 3972 1390">
     <span class='ocr_line' id='line_1_72' title="bbox 2318 1317 3972 1390; baseline 0 -16"><span class='ocrx_word' id='word_1_539' title='bbox 2318 1320 2705 1388; x_wconf 81' lang='lat' dir='ltr'>daemonibus,</span> <span class='ocrx_word' id='word_1_540' title='bbox 2732 1320 2787 1373; x_wconf 92' lang='lat' dir='ltr'>in</span> <span class='ocrx_word' id='word_1_541' title='bbox 2810 1336 3027 1390; x_wconf 89' lang='lat' dir='ltr'>paucos</span> <span class='ocrx_word' id='word_1_542' title='bbox 3046 1334 3248 1373; x_wconf 83' lang='lat' dir='ltr'>eorum</span> <span class='ocrx_word' id='word_1_543' title='bbox 3266 1317 3568 1372; x_wconf 89' lang='lat' dir='ltr'>vindicans</span> <span class='ocrx_word' id='word_1_544' title='bbox 3586 1317 3803 1390; x_wconf 87' lang='lat' dir='ltr'>gladio,</span> <span class='ocrx_word' id='word_1_545' title='bbox 3825 1333 3972 1386; x_wconf 88' lang='lat' dir='ltr'>quos</span> 
     </span>
    </p>
   </div>
   <div class='ocr_carea' id='block_1_73' title="bbox 2318 1405 3970 1479">
    <p class='ocr_par' dir='ltr' id='par_1_73' title="bbox 2318 1405 3970 1479">
     <span class='ocr_line' id='line_1_73' title="bbox 2318 1405 3970 1479; baseline -0.001 -16"><span class='ocrx_word' id='word_1_546' title='bbox 2318 1408 2470 1463; x_wconf 91' lang='lat' dir='ltr'>Deus</span> <span class='ocrx_word' id='word_1_547' title='bbox 2494 1408 2616 1479; x_wconf 81' lang='lat' dir='ltr'>ipse</span> <span class='ocrx_word' id='word_1_548' title='bbox 2640 1424 2812 1478; x_wconf 89' lang='lat' dir='ltr'>quem</span> <span class='ocrx_word' id='word_1_549' title='bbox 2848 1409 3231 1473; x_wconf 73' lang='lat' dir='ltr'>offenderant,</span> <span class='ocrx_word' id='word_1_550' title='bbox 3265 1406 3379 1461; x_wconf 89' lang='lat' dir='ltr'>alto</span> <span class='ocrx_word' id='word_1_551' title='bbox 3410 1410 3467 1461; x_wconf 89' lang='lat' dir='ltr'>et</span> <span class='ocrx_word' id='word_1_552' title='bbox 3497 1412 3719 1462; x_wconf 85' lang='lat' dir='ltr'>secreto</span> <span class='ocrx_word' id='word_1_553' title='bbox 3741 1405 3970 1476; x_wconf 89' lang='lat' dir='ltr'>judicio</span> 
     </span>
    </p>
   </div>
   <div class='ocr_carea' id='block_1_74' title="bbox 2319 1494 3971 1567">
    <p class='ocr_par' dir='ltr' id='par_1_74' title="bbox 2319 1494 3971 1567">
     <span class='ocr_line' id='line_1_74' title="bbox 2319 1494 3971 1567; baseline -0.001 -16"><span class='ocrx_word' id='word_1_554' title='bbox 2319 1497 2609 1552; x_wconf 84' lang='lat' dir='ltr'>feriendos</span> <span class='ocrx_word' id='word_1_555' title='bbox 2630 1496 2910 1552; x_wconf 87' lang='lat' dir='ltr'>voluisset</span> <span class='ocrx_word' id='word_1_556' title='bbox 2934 1514 3070 1552; x_wconf 81' lang='lat' dir='ltr'>mox</span> <span class='ocrx_word' id='word_1_557' title='bbox 3092 1496 3319 1563; x_wconf 59' lang='lat' dir='ltr'>ferire”,</span> <span class='ocrx_word' id='word_1_558' title='bbox 3345 1500 3398 1550; x_wconf 91' lang='lat' dir='ltr'>st</span> <span class='ocrx_word' id='word_1_559' title='bbox 3423 1495 3481 1549; x_wconf 91' lang='lat' dir='ltr'>in</span> <span class='ocrx_word' id='word_1_560' title='bbox 3515 1495 3787 1567; x_wconf 67' lang='lat' dir='ltr'>praesenti</span> <span class='ocrx_word' id='word_1_561' title='bbox 3812 1494 3971 1550; x_wconf 85' lang='lat' dir='ltr'>salu-</span> 
     </span>
    </p>
   </div>
   <div class='ocr_carea' id='block_1_75' title="bbox 2320 1583 3973 1656">
    <p class='ocr_par' dir='ltr' id='par_1_75' title="bbox 2320 1583 3973 1656">
     <span class='ocr_line' id='line_1_75' title="bbox 2320 1583 3973 1656; baseline -0.001 -17"><span class='ocrx_word' id='word_1_562' title='bbox 2320 1585 2504 1641; x_wconf 86' lang='lat' dir='ltr'>briter</span> <span class='ocrx_word' id='word_1_563' title='bbox 2550 1586 2773 1655; x_wconf 90' lang='lat' dir='ltr'>terruit,</span> <span class='ocrx_word' id='word_1_564' title='bbox 2806 1591 2860 1641; x_wconf 92' lang='lat' dir='ltr'>et</span> <span class='ocrx_word' id='word_1_565' title='bbox 2892 1585 3263 1656; x_wconf 88' lang='lat' dir='ltr'>disciplinam</span> <span class='ocrx_word' id='word_1_566' title='bbox 3298 1585 3355 1639; x_wconf 92' lang='lat' dir='ltr'>in</span> <span class='ocrx_word' id='word_1_567' title='bbox 3398 1589 3697 1655; x_wconf 89' lang='lat' dir='ltr'>posterum</span> <span class='ocrx_word' id='word_1_568' title='bbox 3730 1583 3973 1640; x_wconf 81' lang='lat' dir='ltr'>sanxit?</span> 
     </span>
    </p>
   </div>
   <div class='ocr_carea' id='block_1_76' title="bbox 2318 1673 3973 1745">
    <p class='ocr_par' dir='ltr' id='par_1_76' title="bbox 2318 1673 3973 1745">
     <span class='ocr_line' id='line_1_76' title="bbox 2318 1673 3973 1745; baseline 0.001 -17"><span class='ocrx_word' id='word_1_569' title='bbox 2318 1673 2463 1729; x_wconf 87' lang='lat' dir='ltr'>Nam</span> <span class='ocrx_word' id='word_1_570' title='bbox 2487 1691 2620 1729; x_wconf 91' lang='lat' dir='ltr'>eum</span> <span class='ocrx_word' id='word_1_571' title='bbox 2646 1674 2805 1729; x_wconf 84' lang='lat' dir='ltr'>nulla</span> <span class='ocrx_word' id='word_1_572' title='bbox 2826 1674 3192 1739; x_wconf 88' lang='lat' dir='ltr'>crudelitate,</span> <span class='ocrx_word' id='word_1_573' title='bbox 3212 1674 3311 1729; x_wconf 90' lang='lat' dir='ltr'>sed</span> <span class='ocrx_word' id='word_1_574' title='bbox 3333 1690 3545 1745; x_wconf 86' lang='lat' dir='ltr'>magna</span> <span class='ocrx_word' id='word_1_575' title='bbox 3568 1673 3879 1729; x_wconf 89' lang='lat' dir='ltr'>dilectione</span> <span class='ocrx_word' id='word_1_576' title='bbox 3898 1674 3973 1730; x_wconf 78' lang='lat' dir='ltr'>fe-</span> 
     </span>
    </p>
   </div>
   <div class='ocr_carea' id='block_1_77' title="bbox 2321 1763 3974 1835">
    <p class='ocr_par' dir='ltr' id='par_1_77' title="bbox 2321 1763 3974 1835">
     <span class='ocr_line' id='line_1_77' title="bbox 2321 1763 3974 1835; baseline 0.002 -20"><span class='ocrx_word' id='word_1_577' title='bbox 2321 1763 2469 1818; x_wconf 89' lang='lat' dir='ltr'>cisse</span> <span class='ocrx_word' id='word_1_578' title='bbox 2503 1765 2657 1834; x_wconf 92' lang='lat' dir='ltr'>quod</span> <span class='ocrx_word' id='word_1_579' title='bbox 2690 1764 2846 1831; x_wconf 91' lang='lat' dir='ltr'>lecit,</span> <span class='ocrx_word' id='word_1_580' title='bbox 2880 1766 3013 1834; x_wconf 92' lang='lat' dir='ltr'>quis</span> <span class='ocrx_word' id='word_1_581' title='bbox 3048 1780 3161 1819; x_wconf 88' lang='lat' dir='ltr'>non</span> <span class='ocrx_word' id='word_1_582' title='bbox 3193 1764 3249 1817; x_wconf 90' lang='lat' dir='ltr'>in</span> <span class='ocrx_word' id='word_1_583' title='bbox 3281 1764 3471 1817; x_wconf 90' lang='lat' dir='ltr'>verbis</span> <span class='ocrx_word' id='word_1_584' title='bbox 3492 1764 3620 1834; x_wconf 87' lang='lat' dir='ltr'>ejus</span> <span class='ocrx_word' id='word_1_585' title='bbox 3643 1768 3974 1835; x_wconf 83' lang='lat' dir='ltr'>agnoscant</span> 
     </span>
    </p>
   </div>
   <div class='ocr_carea' id='block_1_78' title="bbox 2321 1852 3974 1924">
    <p class='ocr_par' dir='ltr' id='par_1_78' title="bbox 2321 1852 3974 1924">
     <span class='ocr_line' id='line_1_78' title="bbox 2321 1852 3974 1924; baseline 0.002 -19"><span class='ocrx_word' id='word_1_586' title='bbox 2321 1853 2544 1907; x_wconf 91' lang='lat' dir='ltr'>orantis</span> <span class='ocrx_word' id='word_1_587' title='bbox 2574 1870 2678 1924; x_wconf 92' lang='lat' dir='ltr'>pro</span> <span class='ocrx_word' id='word_1_588' title='bbox 2712 1858 2944 1924; x_wconf 86' lang='lat' dir='ltr'>peccato</span> <span class='ocrx_word' id='word_1_589' title='bbox 2979 1869 3202 1920; x_wconf 91' lang='lat' dir='ltr'>eorum,</span> <span class='ocrx_word' id='word_1_590' title='bbox 3238 1858 3295 1907; x_wconf 90' lang='lat' dir='ltr'>et</span> <span class='ocrx_word' id='word_1_591' title='bbox 3324 1852 3607 1907; x_wconf 89' lang='lat' dir='ltr'>dicentis:</span> <span class='ocrx_word' id='word_1_592' title='bbox 3644 1852 3704 1907; x_wconf 88' lang='lat' dir='ltr'>Si</span> <span class='ocrx_word' id='word_1_593' title='bbox 3730 1853 3974 1909; x_wconf 75' lang='lat' dir='ltr'>dimittis</span> 
     </span>
    </p>
   </div>
   <div class='ocr_carea' id='block_1_79' title="bbox 2320 1942 3974 2012">
    <p class='ocr_par' dir='ltr' id='par_1_79' title="bbox 2320 1942 3974 2012">
     <span class='ocr_line' id='line_1_79' title="bbox 2320 1942 3974 2012; baseline 0.002 -17"><span class='ocrx_word' id='word_1_594' title='bbox 2320 1943 2439 1996; x_wconf 86' lang='lat' dir='ltr'>illis</span> <span class='ocrx_word' id='word_1_595' title='bbox 2451 1947 2755 2012; x_wconf 82' lang='lat' dir='ltr'>peccatum,</span> <span class='ocrx_word' id='word_1_596' title='bbox 2775 1944 2993 1997; x_wconf 74' lang='lat' dir='ltr'>dimitte</span> <span class='ocrx_word' id='word_1_597' title='bbox 3013 1962 3034 2006; x_wconf 88' lang='lat'><strong><em>;</em></strong></span> <span class='ocrx_word' id='word_1_598' title='bbox 3049 1944 3135 1997; x_wconf 85' lang='lat' dir='ltr'>sin</span> <span class='ocrx_word' id='word_1_599' title='bbox 3159 1946 3368 2012; x_wconf 86' lang='lat' dir='ltr'>autem,</span> <span class='ocrx_word' id='word_1_600' title='bbox 3392 1942 3510 1997; x_wconf 80' lang='lat' dir='ltr'>dele</span> <span class='ocrx_word' id='word_1_601' title='bbox 3531 1958 3615 1997; x_wconf 89' lang='lat' dir='ltr'>me</span> <span class='ocrx_word' id='word_1_602' title='bbox 3634 1942 3698 1997; x_wconf 89' lang='lat' dir='ltr'>de</span> <span class='ocrx_word' id='word_1_603' title='bbox 3716 1942 3856 1997; x_wconf 87' lang='lat' dir='ltr'>libro</span> <span class='ocrx_word' id='word_1_604' title='bbox 3880 1947 3974 1999; x_wconf 86' lang='lat' dir='ltr'>tuo</span> 
     </span>
    </p>
   </div>
   <div class='ocr_carea' id='block_1_80' title="bbox 2320 2030 3974 2103">
    <p class='ocr_par' dir='ltr' id='par_1_80' title="bbox 2320 2030 3974 2103">
     <span class='ocr_line' id='line_1_80' title="bbox 2320 2030 3974 2103; baseline 0.001 -18"><span class='ocrx_word' id='word_1_605' title='bbox 2320 2031 2514 2098; x_wconf 69' lang='lat' dir='ltr'>(Exod.</span> <span class='ocrx_word' id='word_1_606' title='bbox 2548 2032 2772 2099; x_wconf 82' lang='lat' dir='ltr'>xxxu)?</span> <span class='ocrx_word' id='word_1_607' title='bbox 2827 2036 3185 2103; x_wconf 81' lang='lat' dir='ltr'>Comparans</span> <span class='ocrx_word' id='word_1_608' title='bbox 3240 2048 3376 2103; x_wconf 90' lang='lat' dir='ltr'>ergo</span> <span class='ocrx_word' id='word_1_609' title='bbox 3426 2030 3834 2103; x_wconf 89' lang='lat' dir='ltr'>unusquisque</span> <span class='ocrx_word' id='word_1_610' title='bbox 3876 2032 3974 2103; x_wconf 90' lang='lat' dir='ltr'>pio</span> 
     </span>
    </p>
   </div>
   <div class='ocr_carea' id='block_1_81' title="bbox 2320 2120 3974 2192">
    <p class='ocr_par' dir='ltr' id='par_1_81' title="bbox 2320 2120 3974 2192">
     <span class='ocr_line' id='line_1_81' title="bbox 2320 2120 3974 2192; baseline 0.002 -18"><span class='ocrx_word' id='word_1_611' title='bbox 2320 2122 2577 2191; x_wconf 90' lang='lat' dir='ltr'>prudens</span> <span class='ocrx_word' id='word_1_612' title='bbox 2600 2120 2757 2174; x_wconf 84' lang='lat' dir='ltr'>illam</span> <span class='ocrx_word' id='word_1_613' title='bbox 2783 2122 2997 2176; x_wconf 64' lang='lat' dir='ltr'>caedem</span> <span class='ocrx_word' id='word_1_614' title='bbox 3022 2126 3078 2176; x_wconf 91' lang='lat' dir='ltr'>et</span> <span class='ocrx_word' id='word_1_615' title='bbox 3095 2122 3244 2177; x_wconf 86' lang='lat' dir='ltr'>hanc</span> <span class='ocrx_word' id='word_1_616' title='bbox 3270 2137 3516 2192; x_wconf 89' lang='lat' dir='ltr'>precem,</span> <span class='ocrx_word' id='word_1_617' title='bbox 3542 2121 3974 2192; x_wconf 85' lang='lat' dir='ltr'>videtprofecto</span> 
     </span>
    </p>
   </div>
   <div class='ocr_carea' id='block_1_82' title="bbox 2319 2209 3975 2281">
    <p class='ocr_par' dir='ltr' id='par_1_82' title="bbox 2319 2209 3975 2281">
     <span class='ocr_line' id='line_1_82' title="bbox 2319 2209 3975 2281; baseline 0.001 -18"><span class='ocrx_word' id='word_1_618' title='bbox 2319 2211 2708 2279; x_wconf 85' lang='lat' dir='ltr'>apertissime,</span> <span class='ocrx_word' id='word_1_619' title='bbox 2736 2210 2889 2264; x_wconf 88' lang='lat' dir='ltr'>videt</span> <span class='ocrx_word' id='word_1_620' title='bbox 2908 2216 3193 2281; x_wconf 85' lang='lat' dir='ltr'>quantum</span> <span class='ocrx_word' id='word_1_621' title='bbox 3217 2211 3439 2265; x_wconf 90' lang='lat' dir='ltr'>malum</span> <span class='ocrx_word' id='word_1_622' title='bbox 3459 2210 3759 2265; x_wconf 74' lang='lat' dir='ltr'>sitanimae</span> <span class='ocrx_word' id='word_1_623' title='bbox 3779 2227 3879 2280; x_wconf 90' lang='lat' dir='ltr'>per</span> <span class='ocrx_word' id='word_1_624' title='bbox 3893 2209 3975 2266; x_wconf 88' lang='lat' dir='ltr'>si-</span> 
     </span>
    </p>
   </div>
   <div class='ocr_carea' id='block_1_83' title="bbox 2319 2298 3970 2369">
    <p class='ocr_par' dir='ltr' id='par_1_83' title="bbox 2319 2298 3970 2369">
     <span class='ocr_line' id='line_1_83' title="bbox 2319 2298 3970 2369; baseline 0.001 -17"><span class='ocrx_word' id='word_1_625' title='bbox 2319 2298 2925 2353; x_wconf 72' lang='lat' dir='ltr'>mulacradzemonum</span> <span class='ocrx_word' id='word_1_626' title='bbox 2942 2299 3233 2356; x_wconf 90' lang='lat' dir='ltr'>fornicari.</span> <span class='ocrx_word' id='word_1_627' title='bbox 3253 2299 3485 2369; x_wconf 86' lang='lat' dir='ltr'>quando</span> <span class='ocrx_word' id='word_1_628' title='bbox 3500 2298 3580 2354; x_wconf 91' lang='lat' dir='ltr'>sic</span> <span class='ocrx_word' id='word_1_629' title='bbox 3593 2299 3864 2369; x_wconf 71' lang='lat' dir='ltr'>saavitqui</span> <span class='ocrx_word' id='word_1_630' title='bbox 3880 2300 3970 2355; x_wconf 89' lang='lat' dir='ltr'>sic</span> 
     </span>
    </p>
   </div>
   <div class='ocr_carea' id='block_1_84' title="bbox 2318 2387 3968 2459">
    <p class='ocr_par' dir='ltr' id='par_1_84' title="bbox 2318 2387 3968 2459">
     <span class='ocr_line' id='line_1_84' title="bbox 2318 2387 3968 2459; baseline 0.002 -18"><span class='ocrx_word' id='word_1_631' title='bbox 2318 2392 2493 2443; x_wconf 88' lang='lat' dir='ltr'>amat.</span> <span class='ocrx_word' id='word_1_632' title='bbox 2531 2388 2623 2443; x_wconf 88' lang='lat' dir='ltr'>Sic</span> <span class='ocrx_word' id='word_1_633' title='bbox 2658 2387 2824 2459; x_wconf 90' lang='lat' dir='ltr'>plane</span> <span class='ocrx_word' id='word_1_634' title='bbox 2855 2394 2911 2442; x_wconf 89' lang='lat' dir='ltr'>et</span> <span class='ocrx_word' id='word_1_635' title='bbox 2953 2388 3289 2459; x_wconf 90' lang='lat' dir='ltr'>Apostolus,</span> <span class='ocrx_word' id='word_1_636' title='bbox 3342 2405 3455 2443; x_wconf 91' lang='lat' dir='ltr'>non</span> <span class='ocrx_word' id='word_1_637' title='bbox 3496 2388 3827 2455; x_wconf 88' lang='lat' dir='ltr'>crudeliter,</span> <span class='ocrx_word' id='word_1_638' title='bbox 3862 2389 3968 2444; x_wconf 88' lang='lat' dir='ltr'>sed</span> 
     </span>
    </p>
   </div>
   <div class='ocr_carea' id='block_1_85' title="bbox 2318 2476 3966 2533">
    <p class='ocr_par' dir='ltr' id='par_1_85' title="bbox 2318 2476 3966 2533">
     <span class='ocr_line' id='line_1_85' title="bbox 2318 2476 3966 2533; baseline 0.002 -3"><span class='ocrx_word' id='word_1_639' title='bbox 2318 2476 3207 2532; x_wconf 85' lang='lat' dir='ltr'>amabilitertradidithominem</span> <span class='ocrx_word' id='word_1_640' title='bbox 3225 2482 3440 2532; x_wconf 63' lang='lat' dir='ltr'>satana:</span> <span class='ocrx_word' id='word_1_641' title='bbox 3457 2477 3511 2530; x_wconf 92' lang='lat' dir='ltr'>in</span> <span class='ocrx_word' id='word_1_642' title='bbox 3533 2478 3966 2533; x_wconf 81' lang='lat' dir='ltr'>interitumcar—</span> 
     </span>
    </p>
   </div>
   <div class='ocr_carea' id='block_1_86' title="bbox 2318 2565 3965 2636">
    <p class='ocr_par' dir='ltr' id='par_1_86' title="bbox 2318 2565 3965 2636">
     <span class='ocr_line' id='line_1_86' title="bbox 2318 2565 3965 2636; baseline 0.001 -17"><span class='ocrx_word' id='word_1_643' title='bbox 2318 2566 2430 2634; x_wconf 91' lang='lat' dir='ltr'>nis,</span> <span class='ocrx_word' id='word_1_644' title='bbox 2456 2570 2518 2620; x_wconf 92' lang='lat' dir='ltr'>ut</span> <span class='ocrx_word' id='word_1_645' title='bbox 2540 2565 2783 2636; x_wconf 87' lang='lat' dir='ltr'>spiritus</span> <span class='ocrx_word' id='word_1_646' title='bbox 2816 2565 3012 2621; x_wconf 89' lang='lat' dir='ltr'>salvus</span> <span class='ocrx_word' id='word_1_647' title='bbox 3044 2566 3120 2621; x_wconf 91' lang='lat' dir='ltr'>sit</span> <span class='ocrx_word' id='word_1_648' title='bbox 3152 2566 3209 2620; x_wconf 89' lang='lat' dir='ltr'>in</span> <span class='ocrx_word' id='word_1_649' title='bbox 3240 2567 3334 2621; x_wconf 88' lang='lat' dir='ltr'>die</span> <span class='ocrx_word' id='word_1_650' title='bbox 3359 2565 3585 2621; x_wconf 90' lang='lat' dir='ltr'>Domini</span> <span class='ocrx_word' id='word_1_651' title='bbox 3609 2566 3745 2622; x_wconf 88' lang='lat' dir='ltr'>Jesu</span> <span class='ocrx_word' id='word_1_652' title='bbox 3771 2568 3815 2635; x_wconf 91' lang='grc' dir='ltr'>(Ι</span> <span class='ocrx_word' id='word_1_653' title='bbox 3840 2568 3965 2622; x_wconf 84' lang='lat' dir='ltr'>Cor.</span> 
     </span>
    </p>
   </div>
   <div class='ocr_carea' id='block_1_87' title="bbox 2316 2653 3969 2724">
    <p class='ocr_par' dir='ltr' id='par_1_87' title="bbox 2316 2653 3969 2724">
     <span class='ocr_line' id='line_1_87' title="bbox 2316 2653 3969 2724; baseline 0.001 -16"><span class='ocrx_word' id='word_1_654' title='bbox 2316 2671 2368 2723; x_wconf 91' lang='lat' dir='ltr'>v,</span> <span class='ocrx_word' id='word_1_655' title='bbox 2392 2655 2466 2724; x_wconf 87' lang='lat'>5).</span> <span class='ocrx_word' id='word_1_656' title='bbox 2491 2654 2757 2709; x_wconf 87' lang='lat' dir='ltr'>Tradidit</span> <span class='ocrx_word' id='word_1_657' title='bbox 2776 2659 2833 2709; x_wconf 87' lang='lat' dir='ltr'>et</span> <span class='ocrx_word' id='word_1_658' title='bbox 2855 2653 3020 2719; x_wconf 87' lang='lat' dir='ltr'>alios,</span> <span class='ocrx_word' id='word_1_659' title='bbox 3041 2654 3536 2709; x_wconf 89' lang='lat' dir='ltr'>utdiscerentnon</span> <span class='ocrx_word' id='word_1_660' title='bbox 3558 2654 3969 2724; x_wconf 86' lang='lat' dir='ltr'>blasphemare</span> 
     </span>
    </p>
   </div>
   <div class='ocr_carea' id='block_1_88' title="bbox 2318 2742 3971 2815">
    <p class='ocr_par' dir='ltr' id='par_1_88' title="bbox 2318 2742 3971 2815">
     <span class='ocr_line' id='line_1_88' title="bbox 2318 2742 3971 2815; baseline 0.002 -20"><span class='ocrx_word' id='word_1_661' title='bbox 2318 2742 2361 2812; x_wconf 91' lang='grc' dir='ltr'>(Ι</span> <span class='ocrx_word' id='word_1_662' title='bbox 2397 2744 2526 2796; x_wconf 87' lang='lat' dir='ltr'>Tim.</span> <span class='ocrx_word' id='word_1_663' title='bbox 2562 2760 2599 2807; x_wconf 88' lang='lat'>1,</span> <span class='ocrx_word' id='word_1_664' title='bbox 2633 2744 2743 2812; x_wconf 87' lang='lat'>20).</span> <span class='ocrx_word' id='word_1_665' title='bbox 2780 2743 3005 2813; x_wconf 87' lang='lat' dir='ltr'>Legunt</span> <span class='ocrx_word' id='word_1_666' title='bbox 3036 2742 3360 2814; x_wconf 88' lang='lat' dir='ltr'>scripturas</span> <span class='ocrx_word' id='word_1_667' title='bbox 3391 2743 3752 2815; x_wconf 87' lang='lat' dir='ltr'>apocryphas</span> <span class='ocrx_word' id='word_1_668' title='bbox 3784 2743 3971 2799; x_wconf 88' lang='lat' dir='ltr'>Mani-</span> 
     </span>
    </p>
   </div>
   <div class='ocr_carea' id='block_1_89' title="bbox 2319 2831 3969 2904">
    <p class='ocr_par' dir='ltr' id='par_1_89' title="bbox 2319 2831 3969 2904">
     <span class='ocr_line' id='line_1_89' title="bbox 2319 2831 3969 2904; baseline 0.002 -19"><span class='ocrx_word' id='word_1_669' title='bbox 2319 2831 2484 2895; x_wconf 74' lang='lat' dir='ltr'>obaei,</span> <span class='ocrx_word' id='word_1_670' title='bbox 2509 2849 2541 2885; x_wconf 89' lang='lat' dir='ltr'>a</span> <span class='ocrx_word' id='word_1_671' title='bbox 2563 2831 2756 2886; x_wconf 90' lang='lat' dir='ltr'>nescio</span> <span class='ocrx_word' id='word_1_672' title='bbox 2780 2833 2993 2902; x_wconf 87' lang='lat' dir='ltr'>quibus</span> <span class='ocrx_word' id='word_1_673' title='bbox 3018 2832 3317 2887; x_wconf 89' lang='lat' dir='ltr'>sutoribus</span> <span class='ocrx_word' id='word_1_674' title='bbox 3344 2832 3672 2887; x_wconf 88' lang='lat' dir='ltr'>fabularum</span> <span class='ocrx_word' id='word_1_675' title='bbox 3698 2834 3969 2904; x_wconf 77' lang='lat' dir='ltr'>subApo-</span> 
     </span>
    </p>
   </div>
   <div class='ocr_carea' id='block_1_90' title="bbox 2318 2919 3967 2992">
    <p class='ocr_par' dir='ltr' id='par_1_90' title="bbox 2318 2919 3967 2992">
     <span class='ocr_line' id='line_1_90' title="bbox 2318 2919 3967 2992; baseline 0.001 -18"><span class='ocrx_word' id='word_1_676' title='bbox 2318 2919 2600 2975; x_wconf 89' lang='lat' dir='ltr'>stolorum</span> <span class='ocrx_word' id='word_1_677' title='bbox 2626 2919 2860 2974; x_wconf 86' lang='lat' dir='ltr'>nomine</span> <span class='ocrx_word' id='word_1_678' title='bbox 2881 2920 3134 2991; x_wconf 90' lang='lat' dir='ltr'>scriptas</span> <span class='ocrx_word' id='word_1_679' title='bbox 3158 2940 3169 2976; x_wconf 76' lang='grc' dir='ltr'>ε</span> <span class='ocrx_word' id='word_1_680' title='bbox 3199 2937 3323 2992; x_wconf 66' lang='lat' dir='ltr'>quae</span> <span class='ocrx_word' id='word_1_681' title='bbox 3349 2937 3586 2975; x_wconf 91' lang='lat' dir='ltr'>suorum</span> <span class='ocrx_word' id='word_1_682' title='bbox 3613 2922 3967 2992; x_wconf 90' lang='lat' dir='ltr'>scriptorum</span> 
     </span>
    </p>
   </div>
   <div class='ocr_carea' id='block_1_91' title="bbox 2317 3008 3969 3081">
    <p class='ocr_par' dir='ltr' id='par_1_91' title="bbox 2317 3008 3969 3081">
     <span class='ocr_line' id='line_1_91' title="bbox 2317 3008 3969 3081; baseline 0 -18"><span class='ocrx_word' id='word_1_683' title='bbox 2317 3008 2676 3078; x_wconf 90' lang='lat' dir='ltr'>temporibus</span> <span class='ocrx_word' id='word_1_684' title='bbox 2709 3009 2767 3062; x_wconf 92' lang='lat' dir='ltr'>in</span> <span class='ocrx_word' id='word_1_685' title='bbox 2802 3010 3207 3063; x_wconf 88' lang='lat' dir='ltr'>auctoritatem</span> <span class='ocrx_word' id='word_1_686' title='bbox 3238 3014 3454 3064; x_wconf 82' lang='lat' dir='ltr'>sanctae</span> <span class='ocrx_word' id='word_1_687' title='bbox 3488 3008 3753 3064; x_wconf 75' lang='lat' dir='ltr'>Ecclesiae</span> <span class='ocrx_word' id='word_1_688' title='bbox 3786 3009 3969 3081; x_wconf 90' lang='lat' dir='ltr'>recipi</span> 
     </span>
    </p>
   </div>
   <div class='ocr_carea' id='block_1_92' title="bbox 2319 3096 3969 3168">
    <p class='ocr_par' dir='ltr' id='par_1_92' title="bbox 2319 3096 3969 3168">
     <span class='ocr_line' id='line_1_92' title="bbox 2319 3096 3969 3168; baseline 0.001 -17"><span class='ocrx_word' id='word_1_689' title='bbox 2319 3102 2700 3163; x_wconf 86' lang='lat' dir='ltr'>mererentur,</span> <span class='ocrx_word' id='word_1_690' title='bbox 2726 3097 2774 3152; x_wconf 91' lang='lat' dir='ltr'>si</span> <span class='ocrx_word' id='word_1_691' title='bbox 2798 3098 2983 3152; x_wconf 89' lang='lat' dir='ltr'>sancti</span> <span class='ocrx_word' id='word_1_692' title='bbox 3008 3102 3064 3151; x_wconf 86' lang='lat' dir='ltr'>et</span> <span class='ocrx_word' id='word_1_693' title='bbox 3094 3096 3248 3152; x_wconf 90' lang='lat' dir='ltr'>docti</span> <span class='ocrx_word' id='word_1_694' title='bbox 3281 3096 3569 3164; x_wconf 89' lang='lat' dir='ltr'>homines,</span> <span class='ocrx_word' id='word_1_695' title='bbox 3603 3098 3703 3168; x_wconf 91' lang='lat' dir='ltr'>qui</span> <span class='ocrx_word' id='word_1_696' title='bbox 3734 3102 3875 3152; x_wconf 90' lang='lat' dir='ltr'>tunc</span> <span class='ocrx_word' id='word_1_697' title='bbox 3906 3097 3969 3153; x_wconf 89' lang='lat' dir='ltr'>in</span> 
     </span>
    </p>
   </div>
   <div class='ocr_carea' id='block_1_93' title="bbox 2319 3185 3971 3257">
    <p class='ocr_par' dir='ltr' id='par_1_93' title="bbox 2319 3185 3971 3257">
     <span class='ocr_line' id='line_1_93' title="bbox 2319 3185 3971 3257; baseline 0.001 -17"><span class='ocrx_word' id='word_1_698' title='bbox 2319 3186 2426 3241; x_wconf 86' lang='lat' dir='ltr'>hac</span> <span class='ocrx_word' id='word_1_699' title='bbox 2449 3187 2567 3241; x_wconf 83' lang='lat' dir='ltr'>vita</span> <span class='ocrx_word' id='word_1_700' title='bbox 2587 3191 2752 3241; x_wconf 88' lang='lat' dir='ltr'>erant</span> <span class='ocrx_word' id='word_1_701' title='bbox 2774 3192 2832 3241; x_wconf 91' lang='lat' dir='ltr'>et</span> <span class='ocrx_word' id='word_1_702' title='bbox 2853 3186 3187 3241; x_wconf 82' lang='lat' dir='ltr'>examinare</span> <span class='ocrx_word' id='word_1_703' title='bbox 3210 3185 3350 3241; x_wconf 90' lang='lat' dir='ltr'>talia</span> <span class='ocrx_word' id='word_1_704' title='bbox 3380 3190 3672 3257; x_wconf 90' lang='lat' dir='ltr'>poterant,</span> <span class='ocrx_word' id='word_1_705' title='bbox 3702 3202 3802 3241; x_wconf 90' lang='lat' dir='ltr'>eos</span> <span class='ocrx_word' id='word_1_706' title='bbox 3831 3202 3971 3243; x_wconf 84' lang='lat' dir='ltr'>vera</span> 
     </span>
    </p>
   </div>
   <div class='ocr_carea' id='block_1_94' title="bbox 2317 3274 3965 3347">
    <p class='ocr_par' dir='ltr' id='par_1_94' title="bbox 2317 3274 3965 3347">
     <span class='ocr_line' id='line_1_94' title="bbox 2317 3274 3965 3347; baseline 0 -17"><span class='ocrx_word' id='word_1_707' title='bbox 2317 3275 2547 3330; x_wconf 90' lang='lat' dir='ltr'>locutus</span> <span class='ocrx_word' id='word_1_708' title='bbox 2570 3291 2697 3331; x_wconf 89' lang='lat' dir='ltr'>esse</span> <span class='ocrx_word' id='word_1_709' title='bbox 2718 3280 3149 3346; x_wconf 89' lang='lat' dir='ltr'>cognoscerent.</span> <span class='ocrx_word' id='word_1_710' title='bbox 3181 3275 3263 3329; x_wconf 91' lang='lat' dir='ltr'>Ibi</span> <span class='ocrx_word' id='word_1_711' title='bbox 3288 3279 3483 3330; x_wconf 89' lang='lat' dir='ltr'>tamen</span> <span class='ocrx_word' id='word_1_712' title='bbox 3505 3274 3710 3347; x_wconf 89' lang='lat' dir='ltr'>legunt</span> <span class='ocrx_word' id='word_1_713' title='bbox 3731 3279 3965 3347; x_wconf 87' lang='lat' dir='ltr'>aposto-</span> 
     </span>
    </p>
   </div>
   <div class='ocr_carea' id='block_1_95' title="bbox 2318 3364 3965 3436">
    <p class='ocr_par' dir='ltr' id='par_1_95' title="bbox 2318 3364 3965 3436">
     <span class='ocr_line' id='line_1_95' title="bbox 2318 3364 3965 3436; baseline 0 -17"><span class='ocrx_word' id='word_1_714' title='bbox 2318 3364 2441 3419; x_wconf 90' lang='lat' dir='ltr'>lum</span> <span class='ocrx_word' id='word_1_715' title='bbox 2464 3365 2770 3431; x_wconf 90' lang='lat' dir='ltr'>Tbomam,</span> <span class='ocrx_word' id='word_1_716' title='bbox 2795 3382 2927 3419; x_wconf 91' lang='lat' dir='ltr'>cum</span> <span class='ocrx_word' id='word_1_717' title='bbox 2947 3369 3099 3419; x_wconf 90' lang='lat' dir='ltr'>esset</span> <span class='ocrx_word' id='word_1_718' title='bbox 3118 3364 3174 3418; x_wconf 89' lang='lat' dir='ltr'>in</span> <span class='ocrx_word' id='word_1_719' title='bbox 3195 3365 3448 3435; x_wconf 90' lang='lat' dir='ltr'>quodam</span> <span class='ocrx_word' id='word_1_720' title='bbox 3469 3365 3808 3436; x_wconf 90' lang='lat' dir='ltr'>nuptiarum</span> <span class='ocrx_word' id='word_1_721' title='bbox 3827 3381 3965 3420; x_wconf 87' lang='lat' dir='ltr'>con-</span> 
     </span>
    </p>
   </div>
   <div class='ocr_carea' id='block_1_96' title="bbox 2316 3453 3967 3525">
    <p class='ocr_par' dir='ltr' id='par_1_96' title="bbox 2316 3453 3967 3525">
     <span class='ocr_line' id='line_1_96' title="bbox 2316 3453 3967 3525; baseline 0.001 -18"><span class='ocrx_word' id='word_1_722' title='bbox 2316 3453 2464 3509; x_wconf 89' lang='lat' dir='ltr'>vivio</span> <span class='ocrx_word' id='word_1_723' title='bbox 2486 3454 2745 3525; x_wconf 87' lang='lat' dir='ltr'>peregrin</span> <span class='ocrx_word' id='word_1_724' title='bbox 2758 3471 2823 3507; x_wconf 91' lang='lat' dir='ltr'>us</span> <span class='ocrx_word' id='word_1_725' title='bbox 2843 3459 2898 3508; x_wconf 89' lang='lat' dir='ltr'>et</span> <span class='ocrx_word' id='word_1_726' title='bbox 2914 3470 3151 3524; x_wconf 87' lang='lat' dir='ltr'>prorsus</span> <span class='ocrx_word' id='word_1_727' title='bbox 3164 3453 3521 3525; x_wconf 88' lang='lat' dir='ltr'>incognitus,</span> <span class='ocrx_word' id='word_1_728' title='bbox 3537 3471 3570 3509; x_wconf 90' lang='lat' dir='ltr'>a</span> <span class='ocrx_word' id='word_1_729' title='bbox 3585 3455 3835 3525; x_wconf 89' lang='lat' dir='ltr'>quodam</span> <span class='ocrx_word' id='word_1_730' title='bbox 3852 3454 3967 3508; x_wconf 90' lang='lat' dir='ltr'>mi-</span> 
     </span>
    </p>
   </div>
   <div class='ocr_carea' id='block_1_97' title="bbox 2319 3542 3967 3613">
    <p class='ocr_par' dir='ltr' id='par_1_97' title="bbox 2319 3542 3967 3613">
     <span class='ocr_line' id='line_1_97' title="bbox 2319 3542 3967 3613; baseline 0.001 -18"><span class='ocrx_word' id='word_1_731' title='bbox 2319 3544 2502 3596; x_wconf 90' lang='lat' dir='ltr'>nistro</span> <span class='ocrx_word' id='word_1_732' title='bbox 2526 3543 2720 3613; x_wconf 89' lang='lat' dir='ltr'>palma</span> <span class='ocrx_word' id='word_1_733' title='bbox 2742 3558 3107 3613; x_wconf 86' lang='lat' dir='ltr'>percussum,</span> <span class='ocrx_word' id='word_1_734' title='bbox 3130 3542 3516 3613; x_wconf 89' lang='lat' dir='ltr'>imprecatum</span> <span class='ocrx_word' id='word_1_735' title='bbox 3545 3542 3725 3598; x_wconf 89' lang='lat' dir='ltr'>fuisse</span> <span class='ocrx_word' id='word_1_736' title='bbox 3743 3542 3967 3597; x_wconf 89' lang='lat' dir='ltr'>homini</span> 
     </span>
    </p>
   </div>
   <div class='ocr_carea' id='block_1_98' title="bbox 2320 3630 3968 3703">
    <p class='ocr_par' dir='ltr' id='par_1_98' title="bbox 2320 3630 3968 3703">
     <span class='ocr_line' id='line_1_98' title="bbox 2320 3630 3968 3703; baseline 0 -17"><span class='ocrx_word' id='word_1_737' title='bbox 2320 3631 2657 3686; x_wconf 88' lang='lat' dir='ltr'>continuam</span> <span class='ocrx_word' id='word_1_738' title='bbox 2682 3647 3012 3701; x_wconf 64' lang='lat' dir='ltr'>saevamque</span> <span class='ocrx_word' id='word_1_739' title='bbox 3030 3630 3368 3686; x_wconf 90' lang='lat' dir='ltr'>vindictam.</span> <span class='ocrx_word' id='word_1_740' title='bbox 3385 3631 3529 3686; x_wconf 86' lang='lat' dir='ltr'>Nam</span> <span class='ocrx_word' id='word_1_741' title='bbox 3546 3648 3678 3685; x_wconf 88' lang='lat' dir='ltr'>cum</span> <span class='ocrx_word' id='word_1_742' title='bbox 3693 3648 3968 3703; x_wconf 86' lang='lat' dir='ltr'>egressus</span> 
     </span>
    </p>
   </div>
   <div class='ocr_carea' id='block_1_99' title="bbox 2320 3721 3969 3791">
    <p class='ocr_par' dir='ltr' id='par_1_99' title="bbox 2320 3721 3969 3791">
     <span class='ocr_line' id='line_1_99' title="bbox 2320 3721 3969 3791; baseline 0 -16"><span class='ocrx_word' id='word_1_743' title='bbox 2320 3721 2529 3775; x_wconf 83' lang='lat' dir='ltr'>fuisset</span> <span class='ocrx_word' id='word_1_744' title='bbox 2551 3722 2620 3775; x_wconf 90' lang='lat' dir='ltr'>ad</span> <span class='ocrx_word' id='word_1_745' title='bbox 2648 3722 2890 3784; x_wconf 85' lang='lat' dir='ltr'>fontem,</span> <span class='ocrx_word' id='word_1_746' title='bbox 2915 3721 3069 3775; x_wconf 91' lang='lat' dir='ltr'>unde</span> <span class='ocrx_word' id='word_1_747' title='bbox 3091 3737 3306 3791; x_wconf 91' lang='lat' dir='ltr'>aquam</span> <span class='ocrx_word' id='word_1_748' title='bbox 3331 3721 3775 3776; x_wconf 84' lang='lat' dir='ltr'>convivantibus</span> <span class='ocrx_word' id='word_1_749' title='bbox 3802 3721 3969 3776; x_wconf 92' lang='lat' dir='ltr'>mini-</span> 
     </span>
    </p>
   </div>
   <div class='ocr_carea' id='block_1_100' title="bbox 2295 3809 3965 3882">
    <p class='ocr_par' dir='ltr' id='par_1_100' title="bbox 2295 3809 3965 3882">
     <span class='ocr_line' id='line_1_100' title="bbox 2295 3809 3965 3882; baseline 0.001 -18"><span class='ocrx_word' id='word_1_750' title='bbox 2295 3814 2553 3877; x_wconf 85' lang='lat' dir='ltr'>straret,</span> <span class='ocrx_word' id='word_1_751' title='bbox 2580 3826 2712 3864; x_wconf 89' lang='lat' dir='ltr'>eum</span> <span class='ocrx_word' id='word_1_752' title='bbox 2738 3809 2826 3865; x_wconf 90' lang='lat' dir='ltr'>leo</span> <span class='ocrx_word' id='word_1_753' title='bbox 2851 3810 3079 3864; x_wconf 87' lang='lat' dir='ltr'>irruens</span> <span class='ocrx_word' id='word_1_754' title='bbox 3098 3809 3795 3882; x_wconf 88' lang='lat' dir='ltr'>interemit,manumque</span> <span class='ocrx_word' id='word_1_755' title='bbox 3815 3813 3965 3882; x_wconf 87' lang='lat' dir='ltr'>ejus,</span> 
     </span>
    </p>
   </div>
   <div class='ocr_carea' id='block_1_101' title="bbox 2321 3898 3970 3972">
    <p class='ocr_par' dir='ltr' id='par_1_101' title="bbox 2321 3898 3970 3972">
     <span class='ocr_line' id='line_1_101' title="bbox 2321 3898 3970 3972; baseline 0.002 -20"><span class='ocrx_word' id='word_1_756' title='bbox 2321 3916 2433 3969; x_wconf 89' lang='lat' dir='ltr'>qua</span> <span class='ocrx_word' id='word_1_757' title='bbox 2464 3904 2640 3970; x_wconf 89' lang='lat' dir='ltr'>caput</span> <span class='ocrx_word' id='word_1_758' title='bbox 2671 3898 2926 3970; x_wconf 84' lang='lat' dir='ltr'>Apostoli</span> <span class='ocrx_word' id='word_1_759' title='bbox 2960 3899 3067 3953; x_wconf 90' lang='lat' dir='ltr'>levi</span> <span class='ocrx_word' id='word_1_760' title='bbox 3100 3899 3216 3953; x_wconf 91' lang='lat' dir='ltr'>ictu</span> <span class='ocrx_word' id='word_1_761' title='bbox 3249 3904 3632 3971; x_wconf 85' lang='lat' dir='ltr'>percusserat,</span> <span class='ocrx_word' id='word_1_762' title='bbox 3669 3918 3701 3954; x_wconf 90' lang='lat' dir='ltr'>a</span> <span class='ocrx_word' id='word_1_763' title='bbox 3732 3916 3970 3972; x_wconf 83' lang='lat' dir='ltr'>corpore</span> 
     </span>
    </p>
   </div>
   <div class='ocr_carea' id='block_1_102' title="bbox 2322 3986 3970 4060">
    <p class='ocr_par' dir='ltr' id='par_1_102' title="bbox 2322 3986 3970 4060">
     <span class='ocr_line' id='line_1_102' title="bbox 2322 3986 3970 4060; baseline 0.001 -20"><span class='ocrx_word' id='word_1_764' title='bbox 2322 3986 2606 4055; x_wconf 86' lang='lat' dir='ltr'>avulsam,</span> <span class='ocrx_word' id='word_1_765' title='bbox 2659 3989 2980 4042; x_wconf 89' lang='lat' dir='ltr'>secundum</span> <span class='ocrx_word' id='word_1_766' title='bbox 3027 3988 3267 4043; x_wconf 91' lang='lat' dir='ltr'>verbum</span> <span class='ocrx_word' id='word_1_767' title='bbox 3320 3989 3583 4059; x_wconf 83' lang='lat' dir='ltr'>ejusdem</span> <span class='ocrx_word' id='word_1_768' title='bbox 3630 3988 3881 4060; x_wconf 87' lang='lat' dir='ltr'>apostoli</span> <span class='ocrx_word' id='word_1_769' title='bbox 3912 3988 3970 4043; x_wconf 91' lang='lat' dir='ltr'>id</span> 
     </span>
    </p>
   </div>
   <div class='ocr_carea' id='block_1_103' title="bbox 2321 4076 3972 4149">
    <p class='ocr_par' dir='ltr' id='par_1_103' title="bbox 2321 4076 3972 4149">
     <span class='ocr_line' id='line_1_103' title="bbox 2321 4076 3972 4149; baseline 0.001 -18"><span class='ocrx_word' id='word_1_770' title='bbox 2321 4076 2580 4148; x_wconf 86' lang='lat' dir='ltr'>Optantis</span> <span class='ocrx_word' id='word_1_771' title='bbox 2612 4082 2785 4147; x_wconf 89' lang='lat' dir='ltr'>atque</span> <span class='ocrx_word' id='word_1_772' title='bbox 2810 4077 3211 4149; x_wconf 87' lang='lat' dir='ltr'>imprecantis,</span> <span class='ocrx_word' id='word_1_773' title='bbox 3235 4077 3396 4133; x_wconf 87' lang='lat' dir='ltr'>canis</span> <span class='ocrx_word' id='word_1_774' title='bbox 3420 4076 3622 4133; x_wconf 90' lang='lat' dir='ltr'>intulit</span> <span class='ocrx_word' id='word_1_775' title='bbox 3644 4078 3887 4148; x_wconf 90' lang='lat' dir='ltr'>mensis,</span> <span class='ocrx_word' id='word_1_776' title='bbox 3912 4079 3972 4133; x_wconf 90' lang='lat' dir='ltr'>in</span> 
     </span>
    </p>
   </div>
   <div class='ocr_carea' id='block_1_104' title="bbox 2323 4165 3974 4238">
    <p class='ocr_par' dir='ltr' id='par_1_104' title="bbox 2323 4165 3974 4238">
     <span class='ocr_line' id='line_1_104' title="bbox 2323 4165 3974 4238; baseline 0.001 -18"><span class='ocrx_word' id='word_1_777' title='bbox 2323 4165 2543 4237; x_wconf 90' lang='lat' dir='ltr'>quibus</span> <span class='ocrx_word' id='word_1_778' title='bbox 2566 4166 2690 4237; x_wconf 91' lang='lat' dir='ltr'>ipse</span> <span class='ocrx_word' id='word_1_779' title='bbox 2712 4166 3119 4221; x_wconf 76' lang='lat' dir='ltr'>discumlzebat</span> <span class='ocrx_word' id='word_1_780' title='bbox 3139 4166 3471 4238; x_wconf 88' lang='lat' dir='ltr'>Apostolus.</span> <span class='ocrx_word' id='word_1_781' title='bbox 3496 4166 3642 4229; x_wconf 89' lang='lat' dir='ltr'>Quid</span> <span class='ocrx_word' id='word_1_782' title='bbox 3668 4166 3773 4221; x_wconf 90' lang='lat' dir='ltr'>hoc</span> <span class='ocrx_word' id='word_1_783' title='bbox 3790 4165 3974 4221; x_wconf 87' lang='lat' dir='ltr'>videri</span> 
     </span>
    </p>
   </div>
   <div class='ocr_carea' id='block_1_105' title="bbox 2324 4254 3975 4327">
    <p class='ocr_par' dir='ltr' id='par_1_105' title="bbox 2324 4254 3975 4327">
     <span class='ocr_line' id='line_1_105' title="bbox 2324 4254 3975 4327; baseline 0 -18"><span class='ocrx_word' id='word_1_784' title='bbox 2324 4254 2621 4309; x_wconf 91' lang='lat' dir='ltr'>crudelius</span> <span class='ocrx_word' id='word_1_785' title='bbox 2642 4256 2880 4327; x_wconf 85' lang='lat' dir='ltr'>potest?</span> <span class='ocrx_word' id='word_1_786' title='bbox 2904 4259 3115 4310; x_wconf 88' lang='lat' dir='ltr'>Verum</span> <span class='ocrx_word' id='word_1_787' title='bbox 3142 4255 3280 4327; x_wconf 91' lang='lat' dir='ltr'>quia</span> <span class='ocrx_word' id='word_1_788' title='bbox 3299 4255 3400 4318; x_wconf 92' lang='lat' dir='ltr'>ibi,</span> <span class='ocrx_word' id='word_1_789' title='bbox 3428 4256 3537 4309; x_wconf 91' lang='lat' dir='ltr'>nisi</span> <span class='ocrx_word' id='word_1_790' title='bbox 3560 4260 3755 4311; x_wconf 86' lang='lat' dir='ltr'>tamen</span> <span class='ocrx_word' id='word_1_791' title='bbox 3781 4254 3975 4322; x_wconf 84' lang='lat' dir='ltr'>fallor,</span> 
     </span>
    </p>
   </div>
   <div class='ocr_carea' id='block_1_106' title="bbox 2323 4343 3976 4416">
    <p class='ocr_par' dir='ltr' id='par_1_106' title="bbox 2323 4343 3976 4416">
     <span class='ocr_line' id='line_1_106' title="bbox 2323 4343 3976 4416; baseline 0.001 -17"><span class='ocrx_word' id='word_1_792' title='bbox 2323 4345 2432 4399; x_wconf 93' lang='lat' dir='ltr'>hoc</span> <span class='ocrx_word' id='word_1_793' title='bbox 2471 4345 2643 4399; x_wconf 87' lang='lat' dir='ltr'>etiam</span> <span class='ocrx_word' id='word_1_794' title='bbox 2677 4346 2959 4416; x_wconf 89' lang='lat' dir='ltr'>scriptum</span> <span class='ocrx_word' id='word_1_795' title='bbox 2992 4349 3101 4414; x_wconf 90' lang='lat' dir='ltr'>est,</span> <span class='ocrx_word' id='word_1_796' title='bbox 3136 4344 3289 4416; x_wconf 91' lang='lat' dir='ltr'>quod</span> <span class='ocrx_word' id='word_1_797' title='bbox 3321 4344 3371 4399; x_wconf 90' lang='lat' dir='ltr'>ei</span> <span class='ocrx_word' id='word_1_798' title='bbox 3403 4344 3631 4399; x_wconf 85' lang='lat' dir='ltr'>veniam</span> <span class='ocrx_word' id='word_1_799' title='bbox 3664 4345 3722 4399; x_wconf 91' lang='lat' dir='ltr'>in</span> <span class='ocrx_word' id='word_1_800' title='bbox 3760 4343 3976 4400; x_wconf 70' lang='lat' dir='ltr'>saeculo</span> 
     </span>
    </p>
   </div>
   <div class='ocr_carea' id='block_1_107' title="bbox 2322 4433 3980 4505">
    <p class='ocr_par' dir='ltr' id='par_1_107' title="bbox 2322 4433 3980 4505">
     <span class='ocr_line' id='line_1_107' title="bbox 2322 4433 3980 4505; baseline 0.001 -18"><span class='ocrx_word' id='word_1_801' title='bbox 2322 4435 2521 4489; x_wconf 83' lang='lat' dir='ltr'>futuro</span> <span class='ocrx_word' id='word_1_802' title='bbox 2536 4433 2821 4505; x_wconf 75' lang='lat' dir='ltr'>petiverit,</span> <span class='ocrx_word' id='word_1_803' title='bbox 2842 4435 2994 4488; x_wconf 85' lang='lat' dir='ltr'>facta</span> <span class='ocrx_word' id='word_1_804' title='bbox 3006 4439 3094 4488; x_wconf 91' lang='lat' dir='ltr'>est</span> <span class='ocrx_word' id='word_1_805' title='bbox 3106 4433 3502 4505; x_wconf 88' lang='lat' dir='ltr'>compensatio</span> <span class='ocrx_word' id='word_1_806' title='bbox 3516 4434 3781 4489; x_wconf 77' lang='lat' dir='ltr'>beneficii</span> <span class='ocrx_word' id='word_1_807' title='bbox 3798 4435 3980 4505; x_wconf 85' lang='lat' dir='ltr'>majo-</span> 
     </span>
    </p>
   </div>
   <div class='ocr_carea' id='block_1_108' title="bbox 2324 4523 3981 4595">
    <p class='ocr_par' dir='ltr' id='par_1_108' title="bbox 2324 4523 3981 4595">
     <span class='ocr_line' id='line_1_108' title="bbox 2324 4523 3981 4595; baseline 0.001 -18"><span class='ocrx_word' id='word_1_808' title='bbox 2324 4523 2424 4590; x_wconf 90' lang='lat' dir='ltr'>ris;</span> <span class='ocrx_word' id='word_1_809' title='bbox 2437 4528 2563 4577; x_wconf 89' lang='lat' dir='ltr'>utet</span> <span class='ocrx_word' id='word_1_810' title='bbox 2578 4523 2891 4593; x_wconf 90' lang='lat' dir='ltr'>Apostolus</span> <span class='ocrx_word' id='word_1_811' title='bbox 2907 4539 3083 4595; x_wconf 88' lang='lat' dir='ltr'>quam</span> <span class='ocrx_word' id='word_1_812' title='bbox 3098 4523 3310 4577; x_wconf 90' lang='lat' dir='ltr'>charus</span> <span class='ocrx_word' id='word_1_813' title='bbox 3322 4524 3431 4579; x_wconf 86' lang='lat' dir='ltr'>Deo</span> <span class='ocrx_word' id='word_1_814' title='bbox 3444 4528 3727 4595; x_wconf 89' lang='lat' dir='ltr'>esset,per</span> <span class='ocrx_word' id='word_1_815' title='bbox 3739 4524 3898 4579; x_wconf 90' lang='lat' dir='ltr'>hunc</span> <span class='ocrx_word' id='word_1_816' title='bbox 3913 4524 3981 4579; x_wconf 89' lang='lat' dir='ltr'>ti-</span> 
     </span>
    </p>
   </div>
   <div class='ocr_carea' id='block_1_109' title="bbox 2325 4612 3982 4683">
    <p class='ocr_par' dir='ltr' id='par_1_109' title="bbox 2325 4612 3982 4683">
     <span class='ocr_line' id='line_1_109' title="bbox 2325 4612 3982 4683; baseline 0 -16"><span class='ocrx_word' id='word_1_817' title='bbox 2325 4628 2547 4667; x_wconf 88' lang='lat' dir='ltr'>morem</span> <span class='ocrx_word' id='word_1_818' title='bbox 2564 4612 3319 4683; x_wconf 86' lang='lat' dir='ltr'>commendareturignotis,</span> <span class='ocrx_word' id='word_1_819' title='bbox 3352 4618 3409 4668; x_wconf 88' lang='lat' dir='ltr'>et</span> <span class='ocrx_word' id='word_1_820' title='bbox 3438 4612 3519 4666; x_wconf 89' lang='lat' dir='ltr'>illi</span> <span class='ocrx_word' id='word_1_821' title='bbox 3550 4618 3681 4683; x_wconf 90' lang='lat' dir='ltr'>post</span> <span class='ocrx_word' id='word_1_822' title='bbox 3709 4612 3863 4667; x_wconf 88' lang='lat' dir='ltr'>hanc</span> <span class='ocrx_word' id='word_1_823' title='bbox 3893 4613 3982 4667; x_wconf 87' lang='lat' dir='ltr'>vi-</span> 
     </span>
    </p>
   </div>
   <div class='ocr_carea' id='block_1_110' title="bbox 2325 4700 3982 4771">
    <p class='ocr_par' dir='ltr' id='par_1_110' title="bbox 2325 4700 3982 4771">
     <span class='ocr_line' id='line_1_110' title="bbox 2325 4700 3982 4771; baseline 0.002 -16"><span class='ocrx_word' id='word_1_824' title='bbox 2325 4707 2445 4756; x_wconf 87' lang='lat' dir='ltr'>tam</span> <span class='ocrx_word' id='word_1_825' title='bbox 2508 4700 2861 4771; x_wconf 90' lang='lat' dir='ltr'>quandoque</span> <span class='ocrx_word' id='word_1_826' title='bbox 2914 4701 3232 4756; x_wconf 81' lang='lat' dir='ltr'>ﬁniendam</span> <span class='ocrx_word' id='word_1_827' title='bbox 3287 4701 3345 4755; x_wconf 89' lang='lat' dir='ltr'>in</span> <span class='ocrx_word' id='word_1_828' title='bbox 3396 4706 3677 4757; x_wconf 60' lang='lat' dir='ltr'>aiternum</span> <span class='ocrx_word' id='word_1_829' title='bbox 3705 4701 3982 4758; x_wconf 89' lang='lat' dir='ltr'>consule-</span> 
     </span>
    </p>
   </div>
   <div class='ocr_carea' id='block_1_111' title="bbox 2326 4790 3981 4860">
    <p class='ocr_par' dir='ltr' id='par_1_111' title="bbox 2326 4790 3981 4860">
     <span class='ocr_line' id='line_1_111' title="bbox 2326 4790 3981 4860; baseline 0.001 -15"><span class='ocrx_word' id='word_1_830' title='bbox 2326 4795 2507 4846; x_wconf 90' lang='lat' dir='ltr'>retur.</span> <span class='ocrx_word' id='word_1_831' title='bbox 2568 4790 2769 4845; x_wconf 89' lang='lat' dir='ltr'>Utrum</span> <span class='ocrx_word' id='word_1_832' title='bbox 2828 4790 2927 4845; x_wconf 87' lang='lat' dir='ltr'>illa</span> <span class='ocrx_word' id='word_1_833' title='bbox 2980 4807 3115 4845; x_wconf 86' lang='lat' dir='ltr'>vera</span> <span class='ocrx_word' id='word_1_834' title='bbox 3167 4792 3241 4846; x_wconf 89' lang='lat' dir='ltr'>sit</span> <span class='ocrx_word' id='word_1_835' title='bbox 3292 4796 3394 4847; x_wconf 89' lang='lat' dir='ltr'>aut</span> <span class='ocrx_word' id='word_1_836' title='bbox 3419 4792 3669 4847; x_wconf 84' lang='lat' dir='ltr'>conﬁcta</span> <span class='ocrx_word' id='word_1_837' title='bbox 3698 4791 3981 4860; x_wconf 85' lang='lat' dir='ltr'>narratio,</span> 
     </span>
    </p>
   </div>
   <div class='ocr_carea' id='block_1_112' title="bbox 2330 4878 3983 4951">
    <p class='ocr_par' dir='ltr' id='par_1_112' title="bbox 2330 4878 3983 4951">
     <span class='ocr_line' id='line_1_112' title="bbox 2330 4878 3983 4951; baseline 0.001 -17"><span class='ocrx_word' id='word_1_838' title='bbox 2330 4878 2474 4934; x_wconf 89' lang='lat' dir='ltr'>nihil</span> <span class='ocrx_word' id='word_1_839' title='bbox 2521 4895 2651 4933; x_wconf 89' lang='lat' dir='ltr'>mea</span> <span class='ocrx_word' id='word_1_840' title='bbox 2712 4896 2867 4933; x_wconf 90' lang='lat' dir='ltr'>nunc</span> <span class='ocrx_word' id='word_1_841' title='bbox 2922 4879 3183 4935; x_wconf 87' lang='lat' dir='ltr'>interest.</span> <span class='ocrx_word' id='word_1_842' title='bbox 3231 4885 3391 4936; x_wconf 90' lang='lat' dir='ltr'>Certe</span> <span class='ocrx_word' id='word_1_843' title='bbox 3447 4881 3601 4935; x_wconf 87' lang='lat' dir='ltr'>enim</span> <span class='ocrx_word' id='word_1_844' title='bbox 3652 4880 3983 4951; x_wconf 65' lang='lat' dir='ltr'>Manichaei,</span> 
     </span>
    </p>
   </div>
   <div class='ocr_carea' id='block_1_113' title="bbox 2326 4966 3980 5040">
    <p class='ocr_par' dir='ltr' id='par_1_113' title="bbox 2326 4966 3980 5040">
     <span class='ocr_line' id='line_1_113' title="bbox 2326 4966 3980 5040; baseline 0.001 -17"><span class='ocrx_word' id='word_1_845' title='bbox 2326 4985 2360 5023; x_wconf 88' lang='lat' dir='ltr'>a</span> <span class='ocrx_word' id='word_1_846' title='bbox 2404 4968 2624 5039; x_wconf 90' lang='lat' dir='ltr'>quibus</span> <span class='ocrx_word' id='word_1_847' title='bbox 2670 4966 2782 5021; x_wconf 65' lang='lat' dir='ltr'>illm</span> <span class='ocrx_word' id='word_1_848' title='bbox 2832 4966 3158 5039; x_wconf 61' lang='lat' dir='ltr'>scripture,</span> <span class='ocrx_word' id='word_1_849' title='bbox 3219 4985 3366 5040; x_wconf 90' lang='lat' dir='ltr'>quas</span> <span class='ocrx_word' id='word_1_850' title='bbox 3396 4973 3590 5025; x_wconf 85' lang='lat' dir='ltr'>Canon</span> <span class='ocrx_word' id='word_1_851' title='bbox 3621 4968 3980 5025; x_wconf 87' lang='lat' dir='ltr'>ecclesiasti-</span> 
     </span>
    </p>
   </div>
   <div class='ocr_carea' id='block_1_114' title="bbox 2331 5055 3983 5131">
    <p class='ocr_par' dir='ltr' id='par_1_114' title="bbox 2331 5055 3983 5131">
     <span class='ocr_line' id='line_1_114' title="bbox 2331 5055 3983 5131; baseline 0.001 -19"><span class='ocrx_word' id='word_1_852' title='bbox 2331 5074 2434 5113; x_wconf 92' lang='lat' dir='ltr'>cus</span> <span class='ocrx_word' id='word_1_853' title='bbox 2468 5055 2713 5127; x_wconf 87' lang='lat' dir='ltr'>respuit,</span> <span class='ocrx_word' id='word_1_854' title='bbox 2765 5062 3047 5127; x_wconf 88' lang='lat' dir='ltr'>tanquam</span> <span class='ocrx_word' id='word_1_855' title='bbox 3097 5075 3239 5113; x_wconf 72' lang='lat' dir='ltr'>versa</span> <span class='ocrx_word' id='word_1_856' title='bbox 3288 5064 3461 5129; x_wconf 89' lang='lat' dir='ltr'>atque</span> <span class='ocrx_word' id='word_1_857' title='bbox 3512 5060 3747 5113; x_wconf 68' lang='lat' dir='ltr'>sincerae</span> <span class='ocrx_word' id='word_1_858' title='bbox 3777 5074 3983 5131; x_wconf 88' lang='lat' dir='ltr'>accep-</span> 
     </span>
    </p>
   </div>
   <div class='ocr_carea' id='block_1_115' title="bbox 2328 5144 3985 5218">
    <p class='ocr_par' dir='ltr' id='par_1_115' title="bbox 2328 5144 3985 5218">
     <span class='ocr_line' id='line_1_115' title="bbox 2328 5144 3985 5218; baseline 0.001 -16"><span class='ocrx_word' id='word_1_859' title='bbox 2328 5151 2548 5213; x_wconf 87' lang='lat' dir='ltr'>tantur,</span> <span class='ocrx_word' id='word_1_860' title='bbox 2586 5144 2792 5201; x_wconf 87' lang='lat' dir='ltr'>saltem</span> <span class='ocrx_word' id='word_1_861' title='bbox 2843 5145 2978 5200; x_wconf 86' lang='lat' dir='ltr'>hinc</span> <span class='ocrx_word' id='word_1_862' title='bbox 3027 5153 3317 5218; x_wconf 88' lang='lat' dir='ltr'>coguntur</span> <span class='ocrx_word' id='word_1_863' title='bbox 3363 5148 3551 5213; x_wconf 80' lang='lat' dir='ltr'>fateri,</span> <span class='ocrx_word' id='word_1_864' title='bbox 3606 5147 3883 5201; x_wconf 90' lang='lat' dir='ltr'>virtutem</span> <span class='ocrx_word' id='word_1_865' title='bbox 3909 5148 3985 5203; x_wconf 90' lang='lat' dir='ltr'>il-</span> 
     </span>
    </p>
   </div>
   <div class='ocr_carea' id='block_1_116' title="bbox 2328 5235 3989 5306">
    <p class='ocr_par' dir='ltr' id='par_1_116' title="bbox 2328 5235 3989 5306">
     <span class='ocr_line' id='line_1_116' title="bbox 2328 5235 3989 5306; baseline 0.001 -16"><span class='ocrx_word' id='word_1_866' title='bbox 2328 5236 2447 5290; x_wconf 88' lang='lat' dir='ltr'>lam</span> <span class='ocrx_word' id='word_1_867' title='bbox 2478 5235 2791 5306; x_wconf 71' lang='lat' dir='ltr'>patientiae,</span> <span class='ocrx_word' id='word_1_868' title='bbox 2844 5252 3019 5305; x_wconf 90' lang='lat' dir='ltr'>quam</span> <span class='ocrx_word' id='word_1_869' title='bbox 3075 5237 3242 5290; x_wconf 89' lang='lat' dir='ltr'>docet</span> <span class='ocrx_word' id='word_1_870' title='bbox 3297 5237 3605 5303; x_wconf 90' lang='lat' dir='ltr'>Dominus,</span> <span class='ocrx_word' id='word_1_871' title='bbox 3663 5236 3888 5303; x_wconf 90' lang='lat' dir='ltr'>dicens,</span> <span class='ocrx_word' id='word_1_872' title='bbox 3925 5235 3989 5292; x_wconf 85' lang='lat' dir='ltr'>Si</span> 
     </span>
    </p>
   </div>
   <div class='ocr_carea' id='block_1_117' title="bbox 2333 5325 3989 5397">
    <p class='ocr_par' dir='ltr' id='par_1_117' title="bbox 2333 5325 3989 5397">
     <span class='ocr_line' id='line_1_117' title="bbox 2333 5325 3989 5397; baseline 0.001 -17"><span class='ocrx_word' id='word_1_873' title='bbox 2333 5327 2454 5397; x_wconf 88' lang='lat' dir='ltr'>quis</span> <span class='ocrx_word' id='word_1_874' title='bbox 2487 5330 2536 5379; x_wconf 79' lang='lat' dir='ltr'>te</span> <span class='ocrx_word' id='word_1_875' title='bbox 2564 5326 2892 5394; x_wconf 75' lang='lat' dir='ltr'>percusserit</span> <span class='ocrx_word' id='word_1_876' title='bbox 2914 5325 2973 5379; x_wconf 89' lang='lat' dir='ltr'>in</span> <span class='ocrx_word' id='word_1_877' title='bbox 2996 5326 3285 5381; x_wconf 74' lang='lat' dir='ltr'>maxillam</span> <span class='ocrx_word' id='word_1_878' title='bbox 3304 5335 3456 5381; x_wconf 84' lang='lat' dir='ltr'>tuam</span> <span class='ocrx_word' id='word_1_879' title='bbox 3473 5326 3771 5395; x_wconf 70' lang='lat' dir='ltr'>dexteram,</span> <span class='ocrx_word' id='word_1_880' title='bbox 3790 5326 3989 5397; x_wconf 66' lang='lat' dir='ltr'>praebe</span> 
     </span>
    </p>
   </div>
   <div class='ocr_carea' id='block_1_118' title="bbox 2399 5492 3987 5560">
    <p class='ocr_par' dir='ltr' id='par_1_118' title="bbox 2399 5492 3987 5560">
     <span class='ocr_line' id='line_1_118' title="bbox 2399 5492 3987 5560; baseline 0.003 -19"><span class='ocrx_word' id='word_1_881' title='bbox 2399 5492 2629 5560; x_wconf 69' lang='lat' dir='ltr'>1_Editi,_</span> <span class='ocrx_word' id='word_1_882' title='bbox 2665 5492 2950 5560; x_wconf 60' lang='lat' dir='ltr'>impetrari.</span> <span class='ocrx_word' id='word_1_883' title='bbox 3010 5496 3074 5543; x_wconf 86' lang='lat' dir='ltr'>At</span> <span class='ocrx_word' id='word_1_884' title='bbox 3116 5496 3257 5553; x_wconf 59' lang='lat' dir='ltr'>Mss,</span> <span class='ocrx_word' id='word_1_885' title='bbox 3308 5496 3587 5560; x_wconf 81' lang='lat' dir='ltr'>imperari;</span> <span class='ocrx_word' id='word_1_886' title='bbox 3621 5498 3849 5557; x_wconf 84' lang='lat' dir='ltr'>excepto</span> <span class='ocrx_word' id='word_1_887' title='bbox 3878 5508 3987 5545; x_wconf 90' lang='lat' dir='ltr'>uno</span> 
     </span>
    </p>
   </div>
   <div class='ocr_carea' id='block_1_119' title="bbox 2329 5555 3322 5619">
    <p class='ocr_par' dir='ltr' id='par_1_119' title="bbox 2329 5555 3322 5619">
     <span class='ocr_line' id='line_1_119' title="bbox 2329 5555 3322 5619; baseline 0.001 -14"><span class='ocrx_word' id='word_1_888' title='bbox 2329 5555 2652 5619; x_wconf 84' lang='lat' dir='ltr'>Corbeiensi,</span> <span class='ocrx_word' id='word_1_889' title='bbox 2686 5555 2777 5616; x_wconf 90' lang='lat' dir='ltr'>qui</span> <span class='ocrx_word' id='word_1_890' title='bbox 2809 5555 2988 5617; x_wconf 89' lang='lat' dir='ltr'>habet,</span> <span class='ocrx_word' id='word_1_891' title='bbox 3030 5560 3322 5619; x_wconf 76' lang='lat' dir='ltr'>temperari.</span> 
     </span>
    </p>
   </div>
   <div class='ocr_carea' id='block_1_120' title="bbox 2394 5618 3488 5675">
    <p class='ocr_par' dir='ltr' id='par_1_120' title="bbox 2394 5618 3488 5675">
     <span class='ocr_line' id='line_1_120' title="bbox 2394 5618 3488 5675; baseline 0.004 -10"><span class='ocrx_word' id='word_1_892' title='bbox 2394 5620 2415 5653; x_wconf 72' lang='grc' dir='ltr'><strong>ε</strong></span> <span class='ocrx_word' id='word_1_893' title='bbox 2441 5618 2781 5665; x_wconf 69' lang='lat' dir='ltr'>Corbeieusis</span> <span class='ocrx_word' id='word_1_894' title='bbox 2811 5619 2999 5675; x_wconf 85' lang='lat' dir='ltr'>codex,</span> <span class='ocrx_word' id='word_1_895' title='bbox 3032 5628 3077 5665; x_wconf 77' lang='lat' dir='ltr'>et</span> <span class='ocrx_word' id='word_1_896' title='bbox 3111 5618 3200 5669; x_wconf 81' lang='lat' dir='ltr'>uni</span> <span class='ocrx_word' id='word_1_897' title='bbox 3228 5623 3337 5669; x_wconf 77' lang='lat' dir='ltr'>viro</span> <span class='ocrx_word' id='word_1_898' title='bbox 3367 5622 3488 5669; x_wconf 88' lang='lat' dir='ltr'>Deo.</span> 
     </span>
    </p>
   </div>
   <div class='ocr_carea' id='block_1_121' title="bbox 2393 5680 3986 5752">
    <p class='ocr_par' dir='ltr' id='par_1_121' title="bbox 2393 5680 3986 5752">
     <span class='ocr_line' id='line_1_121' title="bbox 2393 5680 3986 5752; baseline 0.001 -23"><span class='ocrx_word' id='word_1_899' title='bbox 2393 5682 2414 5715; x_wconf 75' lang='lat'><strong><em>3</em></strong></span> <span class='ocrx_word' id='word_1_900' title='bbox 2429 5681 2490 5729; x_wconf 85' lang='lat' dir='ltr'>In</span> <span class='ocrx_word' id='word_1_901' title='bbox 2506 5682 2639 5752; x_wconf 75' lang='lat' dir='ltr'>_Mss_.</span> <span class='ocrx_word' id='word_1_902' title='bbox 2662 5680 2946 5752; x_wconf 72' lang='lat' dir='ltr'>plerisque,</span> <span class='ocrx_word' id='word_1_903' title='bbox 2970 5681 3212 5752; x_wconf 53' lang='lat' dir='ltr'>voluisset</span> <span class='ocrx_word' id='word_1_904' title='bbox 3228 5685 3451 5752; x_wconf 70' lang='lat' dir='ltr'>inferrt_,</span> <span class='ocrx_word' id='word_1_905' title='bbox 3475 5683 3677 5752; x_wconf 76' lang='lat' dir='ltr'>omissa</span> <span class='ocrx_word' id='word_1_906' title='bbox 3698 5682 3834 5752; x_wconf 72' lang='lat' dir='ltr'>parti</span> <span class='ocrx_word' id='word_1_907' title='bbox 3846 5682 3986 5741; x_wconf 70' lang='lat' dir='ltr'>cule,</span> 
     </span>
    </p>
   </div>
   <div class='ocr_carea' id='block_1_122' title="bbox 2335 5742 3834 5809">
    <p class='ocr_par' dir='ltr' id='par_1_122' title="bbox 2335 5742 3834 5809">
     <span class='ocr_line' id='line_1_122' title="bbox 2335 5742 3834 5809; baseline 0.001 -16"><span class='ocrx_word' id='word_1_908' title='bbox 2335 5757 2473 5794; x_wconf 73' lang='lat' dir='ltr'>mox.</span> <span class='ocrx_word' id='word_1_909' title='bbox 2504 5744 2563 5793; x_wconf 84' lang='lat' dir='ltr'>In</span> <span class='ocrx_word' id='word_1_910' title='bbox 2591 5742 2922 5799; x_wconf 83' lang='lat' dir='ltr'>Corbeiensis</span> <span class='ocrx_word' id='word_1_911' title='bbox 2948 5746 3127 5797; x_wconf 81' lang='lat' dir='ltr'>autem</span> <span class='ocrx_word' id='word_1_912' title='bbox 3157 5742 3316 5808; x_wconf 71' lang='lat' dir='ltr'>um,</span> <span class='ocrx_word' id='word_1_913' title='bbox 3347 5742 3583 5799; x_wconf 72' lang='lat' dir='ltr'>uoluisset</span> <span class='ocrx_word' id='word_1_914' title='bbox 3611 5742 3834 5809; x_wconf 75' lang='lat' dir='ltr'>auferri.</span> 
     </span>
    </p>
   </div>
   <div class='ocr_carea' id='block_1_123' title="bbox 4199 34 4202 810">
    <p class='ocr_par' dir='ltr' id='par_1_123' title="bbox 4199 484 4201 810">
     <span class='ocr_line' id='line_1_123' title="bbox 4200 484 4201 543; baseline 0 0"><span class='ocrx_word' id='word_1_915' title='bbox 4200 484 4201 543; x_wconf 80' lang='lat' dir='ltr'>l</span> 
     </span>
     <span class='ocr_line' id='line_1_124' title="bbox 4200 736 4201 759; baseline 0 0"><span class='ocrx_word' id='word_1_916' title='bbox 4200 736 4201 759; x_wconf 59' lang='grc' dir='ltr'>ι</span> 
     </span>
     <span class='ocr_line' id='line_1_125' title="bbox 4199 770 4201 810; baseline 0 0"><span class='ocrx_word' id='word_1_917' title='bbox 4199 770 4201 810; x_wconf 76' lang='lat'>1</span> 
     </span>
    </p>
   </div>
  </div>
