4462 6522
147 495 245 554 461

145 627 293 698 (nam
325 621 456 676 inde
476 626 644 677 erant
674 625 731 676 et
762 621 1043 694 Apostoli,
1073 621 1208 676 inde
1231 627 1309 678 tot
1359 622 1542 678 millia
1571 639 1695 694 quae
1727 621 1784 675 in

148 711 460 768 Jerusalem
481 710 773 781 Apostolis
805 711 1026 766 sociata
1055 715 1193 765 sunt
1225 713 1361 782 (Act.
1399 727 1459 775 ιι,
1491 712 1579 781 41,
1612 715 1662 765 et
1706 727 1783 775 ιν,

150 805 218 873 4),
242 801 368 855 inde
390 799 655 855 Ecclesiae
696 801 765 854 de
801 800 1014 871 quibus
1048 801 1118 855 ad
1152 800 1384 856 Galatas
1415 800 1573 868 dicit,
1623 802 1786 854 Eram

149 899 319 946 autem
340 891 560 959 ignotus
575 889 722 963 facie
741 890 991 944 Ecclesiis
1009 889 1211 946 ludam
1223 905 1344 960 quae
1354 898 1482 945 sunt
1500 892 1558 944 in
1570 889 1785 944 Christo

146 980 333 1051 [GalaL
370 996 408 1045 ι,
434 979 564 1048 22]:
602 979 754 1032 unde
785 983 841 1033 et
872 978 1126 1050 lapidem
1161 979 1500 1050 angularem
1531 978 1589 1032 in
1623 978 1784 1032 Psal-

145 1069 248 1123 mis
278 1065 630 1138 appellatum
658 1067 969 1121 Dominum
996 1067 1166 1138 [Psal.
1191 1083 1361 1136 cxvu,
1384 1067 1475 1136 22)
1499 1067 1581 1122 sic
1602 1067 1781 1122 inter-

142 1162 412 1229 pretatur,
439 1156 596 1226 quod
627 1157 776 1211 duos
800 1155 1052 1227 parietes
1076 1156 1134 1211 in
1158 1172 1218 1211 se
1243 1156 1369 1227 ipso
1393 1155 1779 1227 conjunxerit,

141 1244 588 1302 circumcisionis
611 1243 876 1301 videlicet
898 1248 956 1300 et
977 1244 1267 1317 praaputii,
1289 1249 1346 1299 ut
1366 1245 1498 1300 duos
1535 1245 1784 1301 conderet

140 1337 194 1390 in
220 1351 273 1390 se
303 1351 476 1388 unum
504 1349 707 1388 novum
737 1335 1030 1403 hominem,
1063 1335 1276 1406 faciens
1305 1349 1513 1405 pacem,
1545 1341 1595 1389 et
1629 1350 1780 1389 com-

138 1429 370 1479 mutaret
389 1432 644 1493 utrosque
663 1425 724 1477 in
743 1439 852 1478 uno
873 1438 1102 1494 corpore
1120 1423 1243 1489 Deo,
1264 1438 1362 1494 per
1373 1439 1589 1477 erucem
1611 1424 1781 1478 inter—

138 1515 313 1585 ﬁciens
336 1513 667 1567 inimicitias
689 1514 748 1566 in
766 1514 1127 1583 semetipso,et
1142 1514 1367 1567 veniens
1386 1513 1780 1582 evangelisaret

134 1618 311 1673 pacem
342 1603 411 1656 iis
434 1603 530 1673 qui
561 1602 716 1672 longe
746 1605 798 1656 et
829 1603 898 1655 iis
928 1603 1024 1672 qui
1048 1617 1238 1672 prope,
1271 1601 1327 1654 id
1362 1606 1469 1671 est,
1496 1600 1780 1657 Gentibus

136 1689 298 1762 longe
319 1695 375 1745 et
404 1691 625 1745 Judzsis
659 1707 834 1761 prope
857 1707 869 1757 ;
905 1692 1018 1760 ipse
1049 1699 1126 1745 est
1152 1692 1300 1745 enim
1319 1707 1433 1761 pax
1451 1695 1659 1755 nostra,
1685 1691 1782 1762 qui

132 1782 254 1850 fecit
283 1787 517 1851 utraque
550 1796 723 1833 unum
754 1779 970 1850 [Ephes.
1002 1796 1060 1846 ιι,
1088 1780 1293 1849 11-22])
1320 1796 1332 1844 ;
1359 1780 1565 1834 merito
1591 1784 1647 1833 et
1667 1778 1778 1833 iste

135 1868 426 1938 propheta,
460 1867 608 1923 ﬁlios
640 1867 797 1922 Juda
828 1885 1049 1938 ponens
1081 1885 1182 1939 pro
1216 1867 1454 1937 Judaeis,
1513 1872 1570 1922 et
1626 1867 1776 1923 ﬁlios

133 1956 299 2012 Israel
327 1973 432 2028 pro
463 1956 773 2024 Gentibus,
807 1958 873 2012 Et
902 1957 1392 2027 congregabantur,
1424 1956 1633 2027 inquit,
1667 1957 1779 2026 ﬁlii

131 2046 262 2101 Juda
281 2049 328 2100 et
354 2046 636 2116 ﬁliilsrael
659 2047 1774 2117 pariter,etponent,sibimetcaputunum,

131 2138 174 2190 et
192 2134 478 2190 ascenderit
509 2135 572 2189 de
592 2139 766 2188 terra.
791 2134 933 2189 Huic
962 2134 1155 2205 itaque
1174 2135 1485 2205 prophetiae
1507 2139 1626 2189 tam
1656 2152 1775 2188 ma-

131 2223 468 2294 nifesteipso
483 2240 674 2278 rerum
701 2223 907 2278 effectu
936 2223 1777 2294 declarate,quisquiscontra-

129 2312 401 2376 dicit,non
427 2310 622 2366 solum
648 2311 1232 2382 prOpheticis,verum
1248 2311 1423 2366 etiam
1441 2310 1775 2381 apostolicis

132 2401 354 2454 Litteris
373 2417 501 2466 -,nec
520 2401 708 2455 solum
734 2399 1096 2471 quibuslibet
1117 2399 1348 2469 litteris,
1374 2417 1574 2454 verum
1599 2401 1775 2455 etiam

130 2490 296 2544 rebus
315 2488 576 2560 impletis
606 2494 662 2543 et
685 2488 1014 2543 clarissima
1031 2488 1160 2544 luce
1182 2488 1773 2560 perfusis,impuden-

127 2577 344 2633 tissime
358 2577 728 2633 contradicit.
753 2576 986 2648 Aliquid
1014 2594 1151 2649 ergo
1169 2578 1433 2633 fortassis
1453 2577 1776 2648 diligentio-

129 2666 201 2721 ris
231 2668 567 2737 requirebat
623 2666 966 2721 intentionis
1020 2666 1180 2720 Judae
1240 2666 1479 2733 factum,
1542 2670 1606 2720 ut
1658 2665 1777 2720 haec

131 2755 463 2822 fornicaria,
499 2773 629 2826 quae
658 2754 950 2827 signiﬁcat
982 2753 1297 2810 Ecclesiam
1340 2756 1411 2810 de
1468 2754 1776 2827 gentilium

129 2844 613 2914 superstitionum
648 2844 1063 2916 prostitutione
1097 2843 1420 2911 collectam,
1459 2843 1516 2897 in
1573 2843 1776 2898 habitu

131 2932 388 2988 mulieris
421 2932 582 2987 illius
605 2949 731 3003 quae
754 2932 1008 2987 Thamar
1034 2931 1323 3004 appellata
1344 2937 1654 3004 est,posset
1678 2948 1777 3004 ag-

133 3023 321 3077 nosci:
357 3021 455 3077 hic
489 3026 682 3076 autem
711 3037 843 3076 cum
877 3022 1004 3092 ipsa
1059 3021 1360 3092 Scriptura
1418 3037 1479 3076 se
1535 3021 1776 3093 aperiat,

132 3127 378 3182 cumque
402 3109 812 3182 Apostolorum
853 3110 1315 3165 consonantibus
1347 3109 1582 3165 Litteris
1613 3110 1777 3166 illus-

130 3205 334 3270 tretur,
372 3200 516 3272 quid
549 3199 644 3254 hic
675 3198 921 3254 ulterius
944 3198 1347 3266 immoramur,
1381 3215 1447 3254 ac
1488 3215 1600 3253 non
1650 3200 1777 3269 jam

128 3288 393 3344 videmus
425 3289 584 3361 quod
620 3293 801 3344 restat
830 3289 899 3343 de
928 3287 1146 3343 famulo
1205 3287 1303 3342 Dei
1365 3288 1578 3359 Moyse,
1637 3289 1776 3360 quid

129 3377 297 3432 etiam
332 3379 465 3449 ipsa
500 3377 833 3449 signiﬁcent
862 3394 988 3448 quae
1019 3377 1270 3432 Faustus
1300 3377 1512 3447 objecit
1532 3377 1558 3431 ‘I

196 3467 432 3523 CAPUT
460 3467 647 3523 XC.—
663 3466 825 3532 Quod
849 3467 1001 3521 enim
1025 3466 1259 3521 fratrem
1277 3467 1612 3537 defendens,
1628 3466 1776 3522 occi-

129 3556 210 3610 dit
231 3556 595 3629 ngyptium,
625 3555 809 3610 cuivis
845 3554 1118 3610 facillime
1149 3555 1775 3626 occurrit,injuriosum

127 3646 291 3701 nobis
324 3647 383 3700 in
447 3645 560 3700 hac
620 3644 1082 3716 peregrinatione
1142 3643 1437 3699 diabolum
1470 3661 1503 3698 a
1535 3644 1778 3699 Domino

127 3733 351 3790 Christo
385 3734 562 3789 nobis
593 3732 847 3788 defensis
887 3733 1092 3788 occidi.
1126 3734 1284 3798 Quod
1317 3750 1448 3788 vero
1499 3733 1558 3787 in
1605 3749 1780 3788 arena

128 3823 316 3877 obruit
341 3823 774 3893 interemptum
805 3822 995 3892 (Exod.
1031 3838 1093 3890 ιι,
1129 3823 1237 3892 12),
1271 3822 1645 3877 manifestum
1691 3827 1782 3877 est

128 3911 248 3980 ejus
268 3913 399 3982 jam
435 3912 813 3966 morticinam
848 3911 1216 3982 praesentiam
1251 3912 1309 3964 in
1343 3911 1426 3965 eis
1457 3910 1653 3977 latere,
1679 3911 1778 3982 qui

127 4017 237 4054 non
271 4001 502 4056 habent
533 3999 741 4055 stabile
775 4000 1244 4054 fundamentum.
1280 3999 1436 4055 Unde
1467 3998 1780 4055 Ecclesiam

121 4090 403 4146 Dominus
439 4105 621 4162 super
653 4093 874 4160 petram
907 4088 1188 4143 adiﬁcat:
1224 4092 1280 4142 et
1301 4105 1398 4143 eos
1421 4089 1784 4160 quiaudiunt

121 4179 362 4234 verbum
386 4181 523 4250 ejus
554 4183 612 4232 et
642 4177 885 4248 faciunt,
918 4181 1219 4248 comparat
1244 4177 1515 4248 prudenti
1542 4177 1659 4234 viro
1683 4179 1782 4250 qui

126 4267 371 4322 azdiﬁcat
393 4269 643 4322 domum
667 4283 833 4321 suam
857 4282 1034 4336 super
1064 4269 1310 4336 petram,
1334 4282 1405 4321 ne
1445 4267 1784 4323 tentationi-

129 4355 236 4409 bus
267 4357 446 4411 cedat
477 4361 535 4410 et
565 4360 837 4410 corruat:
870 4353 1004 4409 illos
1034 4357 1225 4408 autem
1261 4354 1359 4425 qui
1409 4355 1676 4422 audiunt,
1726 4359 1785 4410 et

128 4460 239 4499 non
292 4445 544 4514 faciunt,
579 4447 878 4513 comparat
908 4441 1084 4497 stulto
1116 4441 1421 4496 aediﬁcanti
1454 4459 1632 4513 super
1659 4460 1782 4498 are-

126 4550 281 4601 nam,
315 4539 494 4597 cujus
527 4536 756 4588 tentata
785 4531 1019 4595 domus,
1055 4529 1224 4584 ruina
1255 4529 1320 4584 ﬁt
1341 4530 1780 4601 magna(Matth.

124 4639 220 4692 vix,
252 4622 481 4694 24-27).

200 4712 441 4768 CAPUT
455 4710 790 4773 CI.-—Quod
803 4725 936 4765 vero
948 4706 1290 4778 exspoliavit
1305 4707 1595 4780 [Egyptios
1608 4709 1782 4779 jussu

125 4800 355 4856 Domini
394 4802 494 4856 Dei
529 4799 849 4868 sui(Exod.
885 4815 969 4863 ιιι,
1027 4798 1120 4863 22,
1177 4813 1255 4864 x1,
1311 4797 1369 4864 2,
1424 4806 1480 4852 et
1536 4815 1634 4864 xu,
1693 4799 1781 4868 35,

121 4891 230 4961 36),
265 4891 419 4945 nihil
452 4889 570 4944 nisi
596 4889 932 4959 justissima
958 4884 1243 4956 jubentis,
1273 4885 1412 4957 quid
1449 4887 1784 4957 praeﬁgura-

120 4981 281 5050 verit,
308 4981 444 5051 jam
481 4980 540 5033 in
576 4978 929 5050 quibusdam
963 4974 1150 5043 libris,
1186 4990 1333 5045 quos
1392 4975 1462 5030 de
1519 4977 1786 5032 Doctrina

118 5067 467 5124 Christiana
489 5068 827 5139 praenotavi,
853 5069 1138 5138 quantum
1166 5062 1310 5118 mihi
1328 5067 1468 5118 tunc
1516 5065 1784 5132 occurrit,

120 5172 210 5212 me
235 5157 434 5214 recolo
469 5156 743 5229 posuisse
774 5155 914 5226 (Lib.
945 5157 1001 5221 2,
1025 5168 1145 5224 cap.
1181 5152 1270 5219 40)
1298 5168 1310 5206 :
1346 5153 1497 5222 quod
1532 5170 1672 5208 auro
1732 5158 1788 5208 et

123 5252 366 5318 argento
380 5251 442 5301 et
455 5245 1015 5317 veste/Egyptiorum
1035 5241 1374 5312 signiﬁcate
1391 5242 1506 5295 sint
1520 5244 1785 5312 quaedam

123 5337 430 5403 doctrinae,
468 5351 603 5405 quas
635 5335 694 5388 in
726 5334 854 5405 ipsa
881 5330 1301 5387 consuetudine
1352 5330 1623 5386 Gentium
1673 5348 1787 5386 non

124 5424 315 5481 inutili
342 5423 556 5480 studio
581 5423 902 5478 discantur.
927 5421 1037 5477 Sed
1063 5420 1180 5475 sive
1201 5419 1308 5474 hoc
1331 5418 1640 5490 signiﬁcet,
1670 5420 1788 5476 sive

122 5513 264 5569 illud
291 5513 454 5586 quod
482 5508 1493 5583 exipsisGentibusanimzepretiosae
1507 5513 1786 5580 tanquam

121 5619 258 5660 vasa
279 5619 469 5660 aurea
492 5606 553 5657 et
572 5606 861 5673 argentea,
888 5616 1018 5656 cum
1045 5598 1168 5655 suis
1197 5599 1399 5668 utique
1425 5598 1786 5669 corporibus,

120 5774 168 5823 id
193 5779 292 5838 est,
325 5775 394 5826 de
433 5773 530 5824 illo
561 5772 721 5823 Israel
751 5772 1046 5822 secundum
1080 5783 1321 5833 carnem,
1352 5770 1443 5834 qui
1472 5773 1550 5820 est
1576 5769 1785 5821 Judeo-

117 5851 252 5890 rum.

1236 492 1468 551 LIBER
1516 487 1940 550 VIGESIMUS
1988 490 2420 552 SECUNDUS.

3416 497 3531 556 462

1903 621 2056 692 quod
2079 627 2269 677 vestes
2292 622 2645 694 signiﬁcant,
2664 623 2994 696 adjungunt
3017 641 3078 680 se
3101 625 3312 697 populo
3337 627 3532 695 Dei,ut

1891 711 2069 765 simul
2093 711 2161 765 de
2184 711 2289 766 hoc
2313 711 2522 767 sacculo
2536 717 2810 784 tanquam
2834 714 2903 768 de
2924 714 3528 786 Egyptoliberentur,

1889 799 2009 854 sive
2031 799 2139 855 hoc
2161 816 2316 872 ergo,
2341 801 2459 855 sive
2486 801 2652 867 illud,
2678 801 2795 857 sive
2815 803 3031 874 aliquid
3057 803 3210 859 aliud
3253 807 3388 861 hinc
3413 807 3530 862 fue-

1889 889 1965 943 rit
1995 889 2337 960 ﬁguratum.
2362 895 2585 946 certum
2611 896 2698 946 est
2717 896 2911 946 tamen
2936 893 3017 947 eis
3041 894 3138 964 qui
3157 894 3263 949 has
3289 896 3529 952 Litteras

1887 977 1979 1048 pie
2011 977 2233 1050 legunt,
2269 996 2382 1034 non
2415 979 2635 1034 frustra
2667 995 2854 1051 neque
2885 981 3010 1035 sine
3040 983 3528 1052 praenuntiatione

1887 1067 2221 1122 futurorum
2255 1084 2382 1124 esse
2411 1067 2512 1123 illa
2533 1069 2725 1140 jussa,
2761 1070 2930 1139 facta,
2959 1069 3304 1141 conscripta.

1955 1155 2187 1212 CAPUT
2207 1156 2480 1212 XCII.—J
2486 1173 2579 1212 am
2600 1173 2768 1228 porro
2785 1157 2854 1212 de
2867 1156 3036 1212 bellis
3050 1173 3178 1230 quae
3190 1159 3527 1231 perMoysen

1885 1249 2047 1315 gesta
2068 1250 2224 1312 sunt,
2251 1245 2426 1300 nimis
2449 1245 2689 1317 longum
2713 1250 2799 1300 est
2822 1247 3019 1301 omnia
3041 1251 3410 1317 pertractare.
3434 1249 3532 1304 Sa-

1883 1332 1958 1387 tis
1990 1349 2124 1406 ergo
2156 1336 2232 1390 sit
2262 1335 2415 1406 quod
2448 1335 2519 1389 de
2541 1333 2641 1390 illo
2671 1333 2822 1390 bello
2854 1341 3017 1407 gesto
3062 1352 3197 1390 cum
3254 1336 3528 1392 Amalech

1883 1421 2568 1495 (Exod.xvu,8.16),jam
2602 1423 2951 1494 superiusin
3003 1424 3110 1480 hoc
3160 1425 3286 1497 ipso
3335 1442 3529 1498 opere,

1884 1527 1998 1581 quo
2030 1511 2238 1566 Fausto
2271 1513 2613 1584 respondeo,
2648 1516 2931 1582 quantum
2966 1513 3108 1568 satis
3131 1530 3234 1584 pro
3255 1519 3528 1586 suscepto

1883 1600 2111 1670 negotio
2133 1600 2452 1670 videbatur,
2469 1601 2604 1670 quid
2630 1601 2939 1671 prophetia:
2963 1602 3357 1672 praemitteret,
3386 1603 3526 1674 quid

1884 1687 2142 1760 mysterii
2176 1688 2520 1754 contineret,
2552 1689 2813 1760 exposui.
2839 1689 3164 1744 Nuncillud
3198 1691 3524 1761 videamus,

1881 1775 1941 1831 in
1975 1794 2088 1848 quo
2118 1776 2478 1832 crudelitatis
2495 1777 2700 1832 vitium
2724 1777 2911 1833 solent
2934 1779 3182 1848 objicere
3205 1779 3410 1851 Moysi,
3435 1779 3523 1836 vel

1882 1865 2104 1920 inimici
2129 1865 2340 1920 harum
2365 1866 2824 1933 Litterarum,vel
2853 1873 3115 1937 expertes
3137 1868 3402 1922 omnium
3427 1869 3522 1924 lit-

1883 1957 2138 2008 terarum
2157 1954 2330 2024 :quod
2355 1953 2591 2025 quidem
2616 1954 2863 2009 Faustus
2881 1971 2993 2009 non
3019 1972 3285 2026 expresse
3308 1957 3522 2028 posuit,

1882 2060 2015 2098 cum
2038 2043 2254 2098 diceret
2277 2044 2423 2112 quod
2443 2042 2700 2098 crudelia
2722 2043 2908 2098 multa
2929 2050 2985 2098 et
3021 2045 3315 2100 mandarit
3356 2050 3412 2101 et
3447 2046 3524 2102 fe-

1881 2132 2042 2188 cerit.
2063 2131 2169 2186 Sed
2196 2132 2332 2203 quia
2355 2132 2486 2186 novi
2511 2125 2648 2203 quid
2671 2132 2919 2186 maxime
2941 2136 2997 2187 et
3020 2133 3299 2188 invidiose
3317 2136 3527 2198 iactare

1881 2221 2288 2276 consueverint
2311 2223 2351 2289 ί,
2387 2221 2515 2275 ideo
2548 2221 2673 2292 ipse
2706 2220 2812 2276 hoc
2844 2223 3314 2290 commemoravi,
3357 2240 3528 2284 supe-

1883 2310 2122 2379 riusque
2143 2309 2394 2376 defendi,
2418 2326 2489 2364 ne
2511 2310 2831 2380 quidquam
2860 2311 2919 2364 in
2959 2327 3024 2365 eo
3067 2311 3214 2366 facto
3257 2328 3386 2367 esse
3416 2312 3528 2367 cri-

1882 2398 2297 2468 minis,velipsi
2323 2397 2622 2452 Manichaai
2648 2398 2969 2470 quicorrigi
2988 2399 3223 2464 vellent,
3247 2401 3334 2455 vel
3373 2401 3530 2472 quis-

1883 2504 2058 2558 quam
2083 2486 2648 2558 aliusimperitorum
2663 2492 2768 2541 aut
2782 2487 3095 2558 impiorum
3113 2490 3528 2559 putaret.Nunc

1882 2582 2077 2631 autem
2096 2576 2233 2646 quid
2250 2576 2423 2630 etiam
2441 2574 2788 2647 prophetica
2803 2577 3248 2646 signiﬁcationis
3262 2577 3530 2633 habuerit

1883 2666 2296 2736 requirendum
2325 2669 2431 2726 est,
2459 2665 2611 2736 quod
2645 2680 2711 2719 ex
2743 2665 2825 2720 eis
2855 2665 3092 2735 multos,
3120 2667 3218 2736 qui
3252 2667 3360 2722 sibi
3393 2668 3524 2722 abs-

1882 2759 2012 2809 ente
2034 2754 2160 2825 ipso
2180 2754 2400 2808 idolum
2427 2753 2873 2820 fabricaverunt,
2893 2754 3017 2809 sine
3042 2753 3520 2826 ullacujusquam

1883 2843 2332 2898 necessitudinis
2358 2842 2916 2912 distinctionejussit
2936 2841 3186 2898 interimi
3209 2844 3520 2917 (Id.xxxn).

1882 2931 2071 2987 Facile
2098 2935 2187 2987 est
2221 2930 2663 3002 utintelligatur
2723 2930 3028 2986 hominum
3079 2931 3315 2987 illorum
3374 2933 3520 2989 inte-

1884 3021 2290 3092 remptionem,
2323 3019 2652 3091 signiﬁcare
2701 3020 2971 3076 vitiorum
3031 3019 3232 3076 talium
3290 3022 3524 3078 insecu-

1882 3108 2435 3181 tionem9,qualibus
2452 3107 2534 3162 illi
2558 3109 2628 3163 ad
2652 3110 2914 3163 eamdem
2938 3108 3326 3166 idololatriam
3340 3111 3527 3167 deﬁu-

1883 3203 2108 3255 xerunt.
2135 3197 2198 3253 In
2230 3197 2368 3252 talia
2398 3198 2616 3268 quippe
2647 3196 2784 3251 vitia
2811 3198 3008 3253 saevire
3040 3216 3144 3254 nos
3165 3200 3336 3269 jubet
3368 3200 3532 3256 Psal-

1885 3305 2037 3357 mus,
2072 3303 2205 3342 cum
2238 3286 2412 3340 dicit:
2449 3287 2775 3342 Irascimim'
2802 3291 2852 3342 et
2881 3288 3054 3342 nolite
3079 3304 3304 3359 peccare
3360 3289 3530 3360 (Psal.

1883 3395 1960 3448 Iv,
1983 3377 2058 3448 5).
2085 3378 2148 3431 In
2175 3375 2310 3431 talia
2333 3375 2474 3430 vitia
2495 3375 2695 3429 saevire
2719 3376 3008 3446 nosjubet
3026 3375 3360 3448 Apostolus,
3397 3393 3532 3432 cum

1887 3466 2059 3521 dicit:
2085 3465 2412 3533 Mortiﬁcate
2453 3464 2696 3520 membra
2726 3474 2902 3519 vestra
2933 3480 3057 3536 quae
3085 3469 3212 3520 sunt
3238 3482 3404 3537 super
3431 3470 3536 3521 ter-

1884 3573 2008 3610 ram
2039 3581 2052 3622 ;
2072 3555 2522 3626 fornicationem,
2547 3552 2981 3621 immunditiam,
3007 3555 3320 3621 luxuriam,
3341 3571 3534 3610 concu-

1882 3645 2205 3715 piscentiam
2226 3644 2458 3707 malam,
2481 3646 2531 3696 et
2552 3643 2872 3712 avaritiam,
2898 3658 3016 3714 qua;
3037 3653 3113 3699 est
3133 3644 3406 3699 idolorum
3426 3661 3539 3700 ser-

1884 3734 2032 3787 vitus
2065 3733 2292 3800 (Coloss.
2322 3748 2406 3798 ιιι,
2438 3730 2518 3800 5).

1956 3821 2187 3875 CAPUT
2211 3820 2477 3874 XClIl.——
2497 3820 2606 3874 Sed
2632 3821 2768 3891 quid
2786 3821 2898 3876 sibi
2920 3820 3241 3892 velit,quod
3267 3823 3429 3894 prius
3453 3822 3540 3879 fe-

1887 3909 1988 3975 cit,
2015 3915 2080 3964 ut
2100 3911 2293 3980 ipsum
2317 3907 2566 3963 vitulum
2599 3908 2731 3980 igne
2762 3911 3147 3980 combureret,
3174 3912 3540 3966 minutatim-

1889 4015 1998 4068 que
2029 3999 2380 4066 concideret,
2414 4003 2472 4052 et
2501 3998 2560 4052 in
2594 4015 2804 4068 aquam
2855 4008 3172 4072 spargeret,
3232 4006 3287 4055 et
3333 4006 3539 4072 potum

1890 4087 2103 4159 populo
2125 4087 2601 4157 daret;majorem
2620 4087 2997 4142 intentionem
3016 4105 3247 4157 perscru
3259 4091 3445 4144 tandae
3463 4089 3542 4146 si-

1890 4175 2281 4249 gniﬁcationis
2312 4175 2578 4246 inquirit.
2613 4176 2670 4231 Si
2700 4175 2854 4230 enim
2886 4177 3138 4241 tabulas,
3180 4194 3324 4248 quas
3355 4179 3543 4251 digito

1893 4265 2013 4331 Dei,
2039 4264 2144 4320 hoc
2163 4268 2252 4320 est
2276 4265 2611 4336 operatione
2633 4265 2888 4335 Spiritus
2933 4266 3139 4332 sancti,
3173 4266 3418 4337 scriptas
3449 4283 3541 4321 ac-

1892 4359 2139 4426 ceperat,
2169 4354 2296 4408 ideo
2330 4352 2516 4424 fregit,
2541 4353 2678 4424 quia
2697 4353 2966 4424 indignos
2988 4369 3086 4408 eos
3101 4355 3316 4425 quibus
3334 4371 3431 4410 eas
3459 4355 3542 4411 le-

1892 4442 2428 4516 geret,judicavit:si
2445 4442 2695 4513 denique
2710 4447 2773 4497 ut
2787 4444 2857 4497 ab
2871 4443 2954 4498 eis
2968 4441 3062 4498 ille
3075 4443 3296 4499 vitulus
3313 4445 3544 4515 penitus

1893 4530 2241 4602 aboleretur,
2277 4531 2534 4586 incendit
2561 4548 2715 4599 eum,
2751 4531 3039 4600 contrivit,
3068 4532 3124 4586 in
3147 4549 3302 4603 aqua
3327 4533 3545 4604 sparsit

1893 4626 2066 4692 atque
2088 4620 2426 4685 submersit,
2447 4620 2654 4692 utquid
2673 4625 2729 4675 et
2752 4625 2950 4691 potum
2975 4620 3082 4676 hoc
3105 4621 3320 4692 populo
3345 4622 3543 4677 dedit?

1893 4709 2074 4774 Quem
2093 4726 2204 4764 non
2218 4709 2426 4764 excitet
2441 4710 2659 4764 factum
2675 4709 2781 4764 hoc
2795 4710 2864 4764 ad
2883 4710 3290 4781 inquirendam
3307 4710 3541 4766 etintel-

1893 4797 2587 4870 ligendampropheticam
2602 4797 3394 4869 signiﬁcationem?Occurrat
3407 4814 3543 4869 ergo

1887 4890 2012 4960 jam
2036 4886 2276 4942 intentis
2301 4887 2902 4958 mentibus,tanquam
2926 4887 3140 4943 diaboli
3157 4903 3369 4958 corpus
3392 4886 3541 4940 invi-
3593 4930 3595 4932 .

1845 5037 1872 5044 ν
1896 4978 2038 5045 tulo,
2069 4976 2125 5030 id
2163 4981 2269 5040 est,
2304 4975 2572 5031 homines
2600 4976 2656 5030 in
2690 4976 2963 5031 omnibus
2985 4977 3278 5048 gentibus,
3328 4975 3542 5047 quibus

1897 5069 1967 5122 ad
2000 5067 2121 5121 hac
2143 5064 2446 5136 sacrilegia
2469 5065 2781 5136 caput,hoc
2802 5070 3122 5135 est,auctor
3141 5069 3228 5120 est
3253 5064 3540 5119 diabolus.

1895 5162 2155 5211 Aureum
2186 5159 2510 5225 propterea,
2546 5155 2684 5224 quia
2712 5155 2986 5210 videntur
3025 5152 3361 5208 idololatriae
3393 5153 3542 5209 ritus

1897 5245 2057 5301 velut
2079 5261 2111 5298 a
2134 5242 2767 5314 sapientibusinstituti
2787 5259 2798 5298 ε
2820 5244 2888 5298 de
2903 5243 3118 5314 quibus
3142 5242 3282 5296 dicit
3303 5245 3547 5313 Aposto-

1898 5334 2294 5404 lus,Quoniam
2310 5337 2680 5401 cognoscentes
2709 5333 2898 5398 Deum,
2929 5347 3037 5386 non
3059 5333 3197 5385 sicut
3226 5331 3392 5385 Deum
3420 5329 3545 5402 glo-

1897 5423 2276 5493 riﬁcaverunt,
2302 5428 2404 5474 aut
2421 5422 2625 5490 gratias
2647 5425 2876 5488 egerunt
2895 5419 3012 5481 ,'sed
3036 5420 3455 5474 evanueruntin
3466 5434 3550 5474 co-

1897 5513 2130 5581 gitation
2141 5513 2261 5565 ibus
2274 5511 2467 5579 suis,et
2479 5508 2826 5563 obscuratum
2838 5510 2913 5562 est
2937 5509 3208 5579 insipiens
3219 5524 3312 5563 cor
3324 5523 3511 5564 eorum
3527 5523 3547 5564 :

1898 5601 2136 5658 dicentes
2153 5615 2209 5655 se
2237 5614 2348 5654 esse
2368 5599 2658 5669 sapientes,
2679 5597 2833 5652 stulti
2850 5599 2989 5667 facti
3029 5606 3176 5665 sunt,
3204 5603 3257 5655 et
3289 5600 3544 5655 immuta-

1963 5774 1980 5806 ί
2016 5771 2100 5821 Sic
2132 5771 2256 5818 Mss.
2290 5767 2424 5816 Editi
2453 5779 2580 5815 vero
2608 5769 2940 5819 consueverit.

1959 5835 1980 5870 ³
2009 5835 2133 5884 Mss.
2164 5831 2420 5883 omittunt
2459 5829 2698 5891 verbum,
2733 5830 3115 5886 insecutionem.
