4462 6516
671 416 789 478 463

669 550 863 603 verunt
882 548 1123 618 gloriam
1154 548 1599 618 inrorruptibitiz
1651 548 1747 602 Dei
1782 548 1843 601 in
1881 541 2308 600 similitudinem

670 637 932 707 imaginis
953 637 1333 707 corruptibilis
1356 636 1675 705 hominis,et
1698 629 2315 703 volucrum,etquadru-

669 724 886 796 pedum,
918 728 973 779 et
1003 727 1339 796 serpentium
1370 726 1541 795 (Rom.
1572 742 1613 789 ι,
1642 724 1853 795 21-23).
1886 724 1965 778 Ex
2001 721 2111 776 hac
2142 718 2309 791 quasi

670 812 957 885 sapientia
984 814 1096 869 iste
1127 813 1346 869 vitulus
1374 831 1607 881 aureus,
1641 813 1837 886 qualia
1858 811 2123 868 solebant
2142 809 2312 881 [Egy—

666 901 922 974 ptiorum
936 901 1109 957 etiam
1119 903 1166 957 si
1182 902 1195 955 i
1205 902 1290 973 psi
1315 903 1588 974 primates
1602 908 1656 957 et
1667 908 1942 973 tanquam
1959 900 2109 955 docti
2128 898 2311 953 homi-

667 1007 769 1045 nes
787 991 1026 1046 adorare
1040 991 1459 1064 ﬁgmenta.Hoc
1472 1008 1606 1063 ergo
1620 990 1798 1045 vitulo
1812 990 2205 1061 signiﬁcatum
2222 990 2312 1041 est

662 1094 833 1134 omne
867 1096 1100 1151 corpus,
1133 1080 1189 1135 id
1222 1084 1330 1150 est,
1363 1080 1554 1135 omnis
1576 1079 1824 1135 societas
1839 1077 2157 1134 Gentilium
2178 1076 2307 1131 ido-

661 1166 907 1223 lolatriae
928 1168 1275 1224 deditorum.
1304 1173 1463 1224 Hanc
1486 1168 1825 1239 sacrilegam
1844 1166 2177 1222 societatem
2208 1166 2309 1220 Do-

665 1256 862 1311 minus
884 1256 1152 1312 Christus
1185 1256 1283 1313 illo
1316 1257 1448 1330 igne
1478 1258 1786 1324 comburit,
1816 1257 1886 1311 de
1905 1271 2017 1326 quo
2037 1254 2095 1309 in
2120 1254 2305 1309 Evan-

660 1344 809 1416 gelio
832 1345 995 1413 dicit,
1020 1346 1201 1417 Ignem
1224 1348 1350 1401 veni
1366 1349 1582 1402 mittere
1602 1348 1663 1401 in
1682 1354 1891 1401 terram
1913 1345 2059 1413 (Luc.
2081 1344 2303 1415 x11,49):

659 1438 726 1490 ut
759 1436 1036 1505 quoniam
1070 1451 1183 1490 non
1205 1440 1293 1491 est
1322 1435 1423 1507 qui
1458 1452 1520 1491 se
1553 1435 1873 1491 abscondat
1899 1450 1932 1488 a
1960 1433 2148 1489 calore
2177 1433 2305 1503 ejus

656 1523 832 1594 (Psat.
866 1540 1024 1588 xvm,
1055 1524 1132 1591 6),
1167 1524 1307 1579 dum
1340 1524 1398 1579 in
1432 1541 1566 1580 eum
1598 1524 1844 1579 credunt
1891 1522 2124 1587 Gentes,
2171 1521 2307 1593 igne

654 1612 886 1668 virtutis
917 1614 1045 1683 ejus
1076 1613 1366 1668 diabolica
1393 1613 1454 1668 in
1487 1613 1571 1668 eis
1603 1613 1789 1668 forma
1806 1611 2302 1667 solvatur.’l‘otum

654 1699 862 1756 deinde
879 1717 1090 1773 corpus
1114 1700 1255 1757 illud
1284 1702 1793 1769 comminuitur,id
1819 1702 2006 1767 est,ab
2022 1699 2121 1754 illa
2139 1699 2301 1755 malea

654 1788 1105 1860 conspirationis
1129 1790 1477 1845 conflatione
1498 1790 1834 1853 discissum,
1856 1791 2028 1844 verbo
2042 1789 2300 1844 veritatis

654 1876 1032 1932 humiliatur:
1067 1882 1122 1933 et
1152 1880 1585 1934 comminutum
1621 1880 1679 1933 in
1713 1895 1927 1950 aquam
1954 1878 2300 1945 mittitur,ut

651 1981 750 2021 eos
780 1963 1074 2034 lsraelitae,
1133 1966 1191 2021 id
1240 1972 1348 2033 est,
1398 1968 1692 2045 Evangelii
1752 1967 2177 2040 praedicatores,
2231 1983 2300 2022 ex

651 2054 950 2126 Baptismo
976 2055 1030 2108 in
1056 2071 1165 2110 sua
1188 2056 1467 2122 membra,
1493 2056 1601 2111 hoc
1623 2060 1730 2123 est,
1773 2055 1830 2110 in
1872 2071 2084 2127 corpus
2124 2056 2300 2111 domi-

648 2143 849 2198 nicum
885 2144 1258 2199 transferant.
1292 2143 1549 2207 Quorum
1581 2142 1973 2199 Israelitarum
2007 2143 2173 2199 Petro
2226 2144 2299 2200 de

647 2231 789 2302 ipsis
815 2231 1098 2287 Gentibus
1128 2232 1347 2288 dictum
1379 2240 1487 2299 est,
1522 2234 1765 2288 Maclaet
1785 2232 2056 2288 manduca
2078 2234 2213 2304 (Act.
2237 2251 2292 2301 x,

651 2320 758 2388 13).
793 2320 872 2389 Si,
904 2321 1076 2377 Macta
1096 2325 1147 2377 et
1165 2323 1433 2377 manduca
1449 2339 1471 2385 ;
1500 2339 1680 2393 quare
1701 2339 1815 2377 non
1837 2322 2032 2383 etiam.
2050 2322 2295 2379 Concide

648 2414 709 2465 et
737 2409 869 2465 bibe
897 2411 924 2464 ‘t
959 2416 1040 2465 Ita
1070 2410 1165 2466 ille
1194 2411 1411 2466 vitulus
1444 2428 1546 2483 per
1576 2412 1785 2483 ,ignem
1844 2410 1951 2466 zeli
2001 2415 2060 2466 et
2109 2412 2292 2468 aciem

648 2498 805 2552 verbi
840 2504 897 2554 et
928 2516 1142 2571 aquam
1173 2499 1478 2572 Baptismi,
1513 2502 1584 2555 ab
1610 2500 1696 2555 eis
1746 2500 1940 2572 potius
1991 2517 2139 2573 quos
2186 2502 2292 2555 ab-

644 2586 879 2642 sorbere
912 2588 1257 2656 conabatur,
1289 2588 1602 2660 absorptus
1632 2592 1739 2645 est.

711 2675 940 2732 CAPUT
979 2675 1167 2732 XCIV.
1197 2707 1266 2718 -—-
1288 2676 1347 2731 Si
1381 2693 1516 2749 ergo
1542 2676 1664 2733 haec
1694 2692 1927 2747 quoque
1957 2676 2083 2733 loca
2131 2679 2287 2734 Scri-

640 2766 1046 2836 pturarum,de
1068 2764 1284 2837 quibus
1298 2765 1841 2838 eisdemScripturis
1854 2765 2290 2822 calumniantur

642 2853 915 2922 haeretici,
949 2859 1331 2926 perscrutata,
1364 2858 1420 2909 et
1442 2856 1696 2926 quodam
1716 2856 1887 2910 modo
1908 2855 2285 2928 interrogata,

638 2946 859 3012 quanto
880 2942 1156 2997 videntur
1176 2943 1538 3008 obscuriora,
1564 2948 1728 2999 tanto
1743 2943 2129 3000 mirabiliores
2148 2944 2206 2999 in
2226 2962 2287 3001 se

639 3033 1051 3101 mysteriorum
1073 3031 1382 3087 thesauros
1422 3032 1602 3087 latere
1650 3034 2039 3104 respondent;
2069 3038 2285 3104 quanto

636 3119 826 3189 magis
840 3119 1151 3192 impiorum
1168 3120 1510 3191 blaspheme
1522 3137 1622 3175 ora
1634 3122 2035 3177 obmutescere
2048 3123 2283 3179 omnino

636 3207 878 3273 debent;
902 3224 1033 3263 cum
1055 3208 1390 3280 oppilantur
1407 3210 1774 3280 apertissima
1792 3211 2051 3277 veritate,
2080 3218 2284 3267 contra

634 3312 815 3369 quam
848 3298 1152 3369 praefocato
1181 3297 1390 3370 spiritu
1423 3299 1561 3370 quid
1599 3299 1932 3369 mussitent,
1975 3317 2090 3355 non
2122 3301 2278 3357 inve-

630 3386 803 3441 niunt
825 3392 899 3453 ;et
913 3387 1141 3442 malunt
1156 3386 1348 3443 miseri
1371 3388 1839 3443 manifestatione
1852 3391 1979 3460 ejus
1998 3405 2135 3445 suas
2150 3391 2278 3446 fau-

627 3490 725 3530 ces
738 3475 1201 3547 obturari,quam
1216 3477 1626 3548 suavitatepecl
1639 3476 2273 3549 usimpleri?Christum

619 3561 802 3634 igitur
816 3569 1026 3619 sonant
1047 3564 1164 3620 haec
1188 3566 1740 3637 omnia;caputillud
1758 3567 2043 3638 quodjam
2064 3584 2270 3624 ascen-

619 3651 704 3706 dit
726 3653 784 3706 in
811 3654 1104 3722 ccelum,et
1126 3653 1231 3708 hoc
1253 3669 1465 3725 corpus
1488 3656 1615 3725 ejus
1629 3656 1780 3726 quod
1806 3672 1991 3728 usque
2014 3656 2071 3711 in
2093 3658 2266 3712 ﬁnem

617 3737 846 3795 laborat
868 3740 926 3794 in
960 3744 1135 3808 terra,
1169 3742 1554 3797 scribentium
1586 3743 1836 3799 Litteras
1892 3761 2022 3799 vere
2071 3762 2267 3802 sacras

617 3827 811 3883 omnis
826 3829 1135 3899 parturivit
1154 3830 1531 3887 intentioznec
1549 3848 1677 3887 esse
1690 3832 2010 3903 quidquam
2025 3834 2264 3889 creden-

613 3916 754 3972 dum
768 3922 858 3973 est
880 3917 1179 3973 Librorum
1202 3918 1672 3990 propheticorum
1691 3922 2057 3976 contextione
2072 3940 2263 3979 narra-

610 4005 924 4076 tum,quod
950 4022 1061 4061 non
1086 4006 1375 4077 significet
1395 4006 1614 4079 aliquid
1636 4008 2109 4078 futurorum;nisi
2134 4027 2262 4082 qum

606 4092 741 4149 ideo
774 4095 964 4165 posita
980 4100 1138 4159 sunt,
1174 4100 1239 4150 ut
1267 4112 1334 4151 ex
1364 4097 1447 4151 eis
1470 4097 1720 4168 quodam
1748 4099 1918 4153 modo
1943 4097 2262 4170 religentur

608 4198 697 4251 ea,
725 4199 851 4254 quae
872 4183 1036 4239 illum
1062 4200 1251 4256 regem
1275 4185 1674 4257 populumque
1690 4187 1963 4257 ejus,sive
1986 4188 2256 4260 propriis,

606 4272 731 4326 sive
747 4271 1011 4343 ﬁguratis
1023 4272 1414 4329 locutionibus
1429 4276 1671 4330 rebusve
1686 4276 2259 4347 praenuntientsicut

607 4358 765 4415 enim
788 4360 848 4415 in
871 4360 1111 4417 citharis
1132 4362 1603 4433 ethujuscemodi
1620 4364 1854 4436 organis
1870 4364 2252 4435 musicis,nou

602 4448 838 4518 quidem
855 4451 1053 4504 omnia
1070 4466 1197 4521 qua:
1214 4455 1845 4523 tanguntur,canorum
1861 4452 2080 4526 aliquid
2095 4470 2252 4511 reso-

600 4541 771 4606 nant,
804 4538 906 4592 sed
938 4543 1170 4594 tantum
1205 4539 1436 4595 chordae
1452 4561 1473 4608 ,-
1492 4545 1697 4597 caetera
1725 4546 1917 4597 tamen
1936 4542 1993 4596 in
2017 4547 2138 4597 toto
2163 4544 2251 4597 ei-

598 4623 781 4680 tharaa
806 4642 1044 4698 corpore
1066 4627 1195 4684 ideo
1218 4628 1496 4684 fabricata
1518 4635 1677 4695 sunt,
1703 4635 1767 4685 ut
1785 4635 1941 4686 esset
1957 4631 2056 4686 ubi
2079 4632 2252 4687 vinci.

598 4718 823 4786 rentur,
859 4716 1011 4771 unde
1033 4721 1089 4771 et
1108 4733 1224 4789 quo
1250 4719 1626 4774 tenderentur
1648 4719 1780 4784 illae,
1801 4737 1949 4792 quas
1969 4720 2041 4775 ad
2060 4722 2250 4776 canti-

593 4800 738 4857 lena
770 4803 1119 4860 suavitatem
1152 4805 1563 4863 modulaturus
1612 4812 1671 4862 et
1723 4825 2110 4879 percussurus
2158 4815 2249 4867 est

594 4890 800 4946 artifex
824 4909 836 4947 :
864 4892 942 4947 ita
966 4892 1022 4947 in
1047 4893 1140 4948 his
1163 4894 1519 4966 prepheticis
1543 4897 1996 4964 narrationibus,
2017 4914 2144 4969 quae
2175 4899 2246 4955 de

594 4980 769 5036 rebus
783 4981 965 5053 gestis
978 4982 1282 5037 hominum
1304 4983 1640 5055 prophetico
1655 4986 1863 5054 spiritu
1882 4984 2242 5058 deliguntur,

594 5073 697 5123 aut
716 5070 936 5141 aliquid
952 5069 1079 5139 jam
1103 5077 1314 5126 sonant
1336 5072 1762 5143 significatione
1784 5074 2246 5142 futurorum;aut

588 5155 639 5212 si
662 5157 809 5212 nihil
839 5158 952 5213 tale
978 5159 1336 5231 signiﬁcant,
1361 5161 1429 5215 ad
1458 5160 1564 5215 hoc
1587 5160 2063 5232 interponuntur,
2082 5169 2146 5218 ut
2166 5165 2243 5219 sit

586 5246 1260 5320 undeillasigniﬁcantia
1276 5253 1555 5319 tanquam
1592 5250 1862 5305 sonantia
1888 5257 2240 5307 conuectan-

582 5339 701 5390 tur.

653 5422 883 5479 CAPUT
902 5424 1062 5479 XCV.
1084 5455 1155 5465 -—
1175 5425 1291 5480 Has
1316 5430 1515 5481 autem
1539 5444 1733 5482 rerum
1759 5433 2053 5500 gestarum
2094 5429 2234 5485 alle-

575 5511 804 5584 goricas
832 5516 1217 5585 narrationes,
1243 5515 1291 5570 si
1320 5514 1815 5586 noluntharelici,
1836 5520 1985 5573 sicut
2008 5537 2042 5574 a
2064 5519 2232 5576 nobis

574 5606 967 5672 exponuntur,
1001 5604 1284 5675 accipere,
1315 5603 1403 5659 vel
1421 5604 1597 5661 etiam
1624 5606 1770 5661 nihil
1793 5624 1912 5679 eas,
1937 5607 2049 5664 nisi
2073 5609 2230 5680 quod

575 5690 808 5761 proprie
833 5697 1066 5760 sonant,
1101 5693 1432 5765 signiﬁcare
1461 5696 1823 5752 contendunt
1848 5713 1863 5767 ;
1893 5714 2008 5753 non
2024 5701 2113 5753 est
2134 5696 2228 5753 lu-

572 5778 852 5842 ctaudum
865 5780 1482 5856 cumhominibus,qui
1494 5783 1850 5855 dicunt,Non
1862 5786 2018 5861 sapit
2030 5786 2226 5861 palato

1430 416 1741 477 CONTRA
1787 410 2161 475 FAUSTUM
2210 409 2733 484 MANICH/EUM,
2777 412 2841 473 S.
2880 410 3311 475 AUGUS'l‘lNI

3961 411 4077 470 464

2418 557 2565 609 meo,
2591 543 2741 611 quod
2766 560 2971 615 sapere
3001 543 3148 599 dicis
3178 548 3311 599 tuo:
3346 543 3485 598 dum
3518 546 3711 598 tamen
3732 558 3800 598 ea
3821 558 3956 614 qum
3980 542 4070 596 di-

2415 631 2553 685 vinit
2567 649 2632 685 us
2649 632 3194 703 praecipiunturmut
3210 648 3396 687 mores
3413 632 3804 707 pietatemque
3818 633 4071 686 formare

2415 724 2516 774 aut
2538 720 2757 792 aliquid
2785 721 3029 793 ﬁgurate
3055 721 3383 793 signiﬁcare
3405 721 3491 776 vel
3514 721 3827 776 credantur
3855 719 3944 775 vel
3977 720 4067 775 in-

2414 807 2772 879 telligantur,
2800 816 2903 865 aut
2933 814 3248 881 utrumque
3278 810 3470 882 potius
3506 826 3680 881 quam
3718 814 3998 865 neutrum
4042 825 4055 864 :

2414 897 2553 951 dum
2580 902 2776 954 tamen
2808 905 2864 953 et
2895 904 3041 971 ipsa,
3074 916 3201 971 qua:
3232 900 3478 971 ﬁgurate
3507 899 3662 954 dicta
3687 897 3774 954 vel
3798 900 3951 954 facta
3973 898 4063 953 in-

2416 985 2781 1058 telliguntur,
2816 989 2887 1043 ad
2919 989 3155 1043 eosdem
3189 1004 3379 1043 mores
3432 989 3614 1043 bonos
3664 988 4062 1059 pietatemque

2412 1074 2756 1131 referantur.
2788 1079 2867 1131 Ac
2889 1093 2991 1147 per
3014 1076 3123 1132 hoc
3143 1076 3319 1132 etiam
3356 1076 3403 1132 si
3428 1075 3783 1145 Manichaais,
3814 1076 3904 1132 vel
3928 1075 4063 1148 qui-

2411 1164 2640 1234 busque
2667 1162 2818 1235 aliis,
2852 1165 2922 1219 de
2954 1166 3045 1221 his
3076 1166 3280 1237 ﬁguris
3312 1180 3506 1221 rerum
3536 1170 3833 1237 gestarum
3862 1170 4064 1220 noster

2412 1252 2681 1323 displicet
2710 1252 3061 1325 intellectus,
3096 1253 3179 1310 vel
3213 1253 3386 1321 ratio,
3408 1253 3495 1310 vel
3517 1253 3749 1326 opinio;
3774 1252 3920 1309 illud
3945 1254 4067 1309 suf-

2412 1341 2588 1410 ﬁciat,
2622 1343 2775 1413 quod
2832 1348 3026 1415 patres
3076 1344 3282 1410 nostri,
3339 1343 3552 1415 quibus
3603 1344 3750 1399 Deus
3794 1343 4063 1415 perhibet

2411 1428 2571 1485 bona:
2600 1431 2729 1486 vitae
2761 1437 2935 1503 atque
2964 1432 3022 1487 in
3056 1431 3178 1487 suis
3210 1432 3515 1504 praeceptis
3544 1431 3887 1488 obedientiaa
3935 1437 4061 1489 tes-

2406 1518 2741 1588 timonium,
2765 1536 2832 1575 ea
2856 1521 3115 1576 veritatis
3137 1519 3340 1592 regula
3360 1520 3772 1588 defenduntur,
3794 1537 3923 1592 quas
3946 1520 4064 1576 nisi

2407 1608 2600 1678 pravis
2629 1614 2686 1663 et
2717 1609 2984 1665 distortis
3016 1610 3290 1665 cordibus
3320 1608 3629 1681 displicere
3657 1626 3775 1665 non
3832 1610 4058 1681 possit;

2404 1700 2462 1751 et
2491 1698 2643 1767 quod
2677 1713 2744 1753 ea
2773 1698 3089 1769 Scriptura,
3124 1699 3216 1753 cui
3250 1700 3596 1770 perversitas
3626 1699 3838 1753 erroris
3892 1698 4054 1756 illius

2405 1784 2642 1840 inimica
2671 1791 2781 1853 est,
2811 1787 2869 1841 in
2899 1786 3257 1859 quibuslibet
3316 1786 3623 1842 hominum
3676 1787 3869 1855 factis,
3922 1805 4053 1859 que

2400 1872 2489 1927 vel
2520 1872 2779 1930 laudavit
2811 1876 2895 1930 vel
2928 1876 3225 1946 redarguit
3252 1874 3338 1931 vel
3371 1881 3598 1931 tantum
3624 1882 3860 1932 narrata
3877 1876 4048 1933 nobis

2392 1960 2719 2031 judicanda
2749 1965 3067 2037 proposuit,
3100 1965 3228 2037 ipsa
3259 1964 3631 2037 inculpabilis
3663 1965 4051 2023 venerabilis-

2402 2066 2516 2121 que
2548 2053 2827 2123 persistit.

2471 2140 2701 2196 CAPUT
2715 2142 2903 2198 XCVI.
2930 2172 2995 2185 —
3019 2143 3165 2208 Quid
3180 2160 3310 2200 vero
3331 2143 3534 2198 utilius
3551 2146 3728 2215 atque
3748 2143 4049 2201 salubrius

2401 2229 2492 2300 pie
2532 2229 2858 2302 legentibus
2888 2231 2975 2286 vel
3008 2232 3380 2288 audientibus
3410 2232 3540 2289 illas
3572 2250 3767 2289 sacras
3803 2233 4045 2290 Litteras

2398 2319 2620 2374 consuli
2646 2336 2713 2375 ac
2743 2320 2995 2393 prospici
3020 2323 3409 2393 potuit,quam
3434 2327 3499 2377 ut
3518 2339 3633 2378 non
3657 2322 3847 2378 solum
3872 2322 3933 2378 in
3959 2322 4045 2378 eis

2396 2406 2722 2464 laudabiles
2736 2410 3001 2465 homines
3014 2411 3085 2465 ad
3109 2410 3545 2480 imitandum,et
3558 2410 4048 2483 reprehensibiles

2397 2497 2467 2551 ad
2499 2499 2819 2554 cavendum
2839 2505 3298 2571 proponerentur
3318 2516 3547 2565 ;verum
3569 2499 3744 2556 etiam
3771 2501 4043 2572 quadam

2395 2585 2682 2642 bonorum
2713 2587 3133 2644 declinationes
3158 2594 3216 2644 et
3245 2588 3448 2661 lapsus
3500 2589 3559 2645 in
3618 2589 3864 2661 malum,
3922 2590 4045 2647 sive

2393 2672 2592 2729 itidem
2624 2676 2815 2731 denuo
2846 2677 3087 2732 correcti
3121 2676 3179 2732 in
3212 2676 3363 2732 viam
3408 2678 3668 2748 redeant,
3722 2678 3844 2733 sive
3894 2678 4045 2734 irre-

2393 2762 2679 2818 vocabiles
2698 2770 2972 2819 maneant
2988 2783 2999 2832 ;
3017 2770 3074 2820 et
3088 2783 3291 2821 rursus
3309 2766 3573 2837 quaedam
3598 2766 3889 2822 malorum
3916 2785 4043 2823 mu-

2390 2850 2640 2906 tationes
2667 2859 2723 2907 et
2746 2859 3053 2924 provectus
3075 2854 3133 2908 in
3158 2855 3402 2921 bonum,
3425 2854 3545 2910 sive
3587 2857 4041 2927 perseveraturi,

2390 2940 2507 2995 sive
2538 2941 2595 2995 in
2628 2942 2874 3012 pristina
2904 2943 3114 2998 iterum
3146 2942 3430 3015 relapsuri
3456 2961 3469 3007 ;
3507 2948 3573 2998 ut
3602 2944 3947 3015 nequejusti
3978 2946 4041 3001 in

2389 3030 2722 3101 BUperbiam
2750 3031 3059 3086 securitate
3088 3031 3459 3101 extollantur,
3491 3032 3800 3104 neciniqui
3834 3039 4042 3089 contra

2390 3119 2739 3173 medicinam
2753 3120 3159 3191 desperatione
3176 3122 3285 3176 obd
3296 3120 3574 3177 urentur?
3592 3120 3777 3176 Atilla
3794 3138 3925 3193 quas
3942 3139 4039 3178 ne-

2386 3223 2501 3278 que
2532 3208 2603 3262 ad
2638 3208 2989 3263 imitandum
3009 3225 3199 3282 neque
3225 3211 3295 3265 ad
3319 3211 3640 3266 cavendum
3664 3210 3819 3265 facta
3838 3210 4037 3267 homi-

2386 3312 2525 3350 num
2562 3296 2869 3368 pertinent,
2898 3302 2955 3352 et
2982 3303 3176 3353 tamen
3210 3299 3268 3353 in
3302 3304 3505 3354 sancta
3531 3300 3833 3371 Scriptura
3862 3318 4034 3373 repe-

2384 3384 2643 3441 riuntur:
2670 3390 2769 3441 aut
2786 3386 2857 3441 ad
2883 3385 3042 3442 illam
3065 3387 3479 3442 connexionem
3499 3387 3689 3460 posita
3710 3393 3871 3458 sunt,
3901 3391 4036 3461 qui-

2381 3475 2490 3529 bus
2520 3475 2929 3530 occasionibus
2952 3476 3023 3530 ad
3050 3492 3141 3531 res
3164 3476 3524 3532 necessarias
3546 3476 3948 3545 veniatur,aut
3966 3496 4034 3536 eo

2379 3563 2505 3634 ipso
2537 3580 2650 3635 quo
2676 3563 2950 3618 videntur
2977 3564 3298 3637 superﬂua,
3331 3564 3474 3621 satis
3495 3565 3833 3635 admonent,
3859 3566 3917 3622 in
3944 3567 4031 3624 eis

2373 3653 2547 3722 quaeri
2564 3657 2826 3724 oportere
2840 3654 3092 3724 mysticae
3106 3652 4028 3725 alicujussigniﬁcationisoracu-

2371 3739 2515 3796 lum.
2550 3741 2749 3813 Neque
2779 3742 2935 3797 enim
2968 3743 3039 3797 de
3069 3743 3160 3798 his
3181 3742 3347 3798 libris
3370 3741 3693 3814 loquimur,
3715 3743 3773 3798 in
3797 3744 4016 3816 quibus

2368 3829 2641 3900 nulla,vel
2666 3847 2927 3901 paucaac
2950 3848 3063 3887 non
3089 3830 3655 3903 multaapertissima
3676 3832 4015 3903 prophetico

2367 3918 2574 3989 spiritu
2584 3920 3117 3996 praenuntiata,jam
3132 3934 3286 3990 quoq
3298 3935 3368 3974 ue
3381 3919 3526 3991 ipsis
3542 3920 3714 3975 rebus
3727 3920 4012 3993 impletis,

2365 4008 2772 4063 auctoritatem
2794 4009 3050 4063 divinam
3075 4008 3422 4064 ﬁdelissima
3464 4014 3522 4065 et
3559 4009 4015 4081 praeclarissima

2361 4095 2620 4150 veritatis
2648 4096 2775 4152 luce
2806 4102 3130 4153 testantur:
3166 4102 3230 4152 ut
3258 4098 3497 4154 omnino
3528 4099 3798 4170 desipiat,
3851 4101 4013 4172 quis-

2363 4184 2497 4256 quis
2527 4201 2624 4240 eos
2657 4186 2949 4257 superflue
2979 4186 3065 4241 vel
3097 4186 3265 4257 quasi
3299 4187 3455 4243 fatue
3501 4187 3724 4244 locutos
3781 4187 4011 4261 aliquid

2360 4278 2544 4345 putat,
2578 4275 2794 4346 quibus
2825 4293 2937 4331 non
2972 4275 3161 4332 solum
3188 4276 3388 4332 omnia
3417 4277 3721 4333 hominum
3744 4279 4011 4351 ingenio-

2359 4380 2610 4434 rumque
2640 4365 2877 4420 subdita
2907 4364 3080 4432 videt,
3112 4382 3311 4421 verum
3334 4367 3509 4422 etiam
3533 4366 3641 4423 hoc
3657 4368 3729 4423 ab
3753 4368 3840 4423 eis
3862 4386 4010 4441 pra-

2358 4451 2576 4506 dictum
2609 4454 2769 4525 tegit,
2802 4453 3243 4525 perfectumque
3273 4456 3591 4527 cognoscit.

2427 4539 2656 4596 CAPUT
2673 4542 2887 4597 XCVII.
2914 4572 2978 4583 —
3001 4542 3439 4614 Numquidnam
3458 4543 4007 4617 ergo,siquisquam

2353 4628 2553 4700 legens
2575 4630 2793 4685 factum
2812 4631 3191 4701 David,cujus
3214 4647 3351 4686 eum
3373 4630 3618 4687 Domino
3641 4639 3925 4704 arguente
3940 4652 4008 4691 ac

2354 4717 2615 4773 minante
2646 4718 2939 4790 paenituit,
2963 4719 3101 4775 inde
3123 4718 3235 4775 sibi
3261 4720 3332 4774 ad
3354 4721 3712 4791 peccandum
3736 4723 4006 4779 fomitem

2352 4806 2625 4880 praebeat,
2660 4807 2762 4862 illa
2789 4808 3087 4880 Scriptura
3112 4807 3407 4880 culpanda
3436 4813 3559 4878 est;
3595 4826 3661 4865 ac
3693 4826 3807 4865 non
3840 4817 4006 4868 tanto

2349 4895 2608 4955 severius
2630 4896 2727 4952 ille
2748 4897 3143 4967 damnandus,
3170 4903 3390 4968 quanto
3409 4898 3604 4969 potius
3630 4899 3699 4954 ad
3723 4916 3784 4955 se
3806 4900 4008 4957 vulne-

2350 4984 2594 5039 randum
2628 4990 2728 5040 aut
2757 4985 3135 5041 occidendum
3172 4986 3329 5041 abuti
3362 4986 3545 5042 voluit
3572 5004 3639 5042 ea
3667 5004 3750 5054 re,
3774 5005 3905 5060 quae
3928 4992 3998 5047 ad

2348 5075 2675 5129 sanandum
2694 5074 3180 5146 liberandumque
3197 5075 3529 5147 conscripta
3545 5081 3635 5132 est
3652 5077 4000 5142 ‘PQuiaenim

2346 5161 2614 5218 homines
2646 5163 2706 5218 in
2740 5170 3043 5236 peccatum
3076 5164 3247 5236 lapsi,
3281 5163 3367 5219 vel
3398 5165 3671 5235 superbia
3691 5165 4003 5239 negligant

2344 5251 2696 5321 pauitantia:
2721 5252 3184 5319 medicinam,vel
3206 5252 3546 5324 recipiendae
3569 5254 3775 5309 salutis
3788 5255 3999 5313 venia:-

2342 5357 2455 5412 que
2471 5343 2867 5411 promerendae
2882 5342 3206 5396 diffidentia
3219 5342 3450 5412 penitus
3466 5344 3808 5414 pereunt,de
3828 5348 4000 5402 tanto

2339 5430 2460 5484 viro
2473 5429 2803 5501 exemplum
2827 5431 3192 5501 propositum
3215 5433 3445 5501 est,quo
3468 5436 3750 5487 sanentur
3769 5434 3996 5505 egroti,

2338 5536 2451 5574 non
2488 5538 2601 5590 quo
2632 5520 2694 5573 hi
2725 5519 2824 5590 qui
2857 5520 2985 5575 sani
3019 5524 3158 5574 sunt
3187 5519 3547 5575 sancientur.
3581 5520 3780 5593 Neque
3833 5524 3995 5579 enim

2336 5607 2644 5663 medicinae
2674 5608 2879 5663 vitium
2904 5612 3014 5674 est,
3046 5607 3095 5662 si
3126 5606 3212 5662 vel
3244 5607 3437 5664 insani
3466 5625 3529 5664 se
3559 5610 3739 5681 ipsos,
3760 5610 3850 5667 vel
3874 5628 3997 5668 ma-

2330 5695 2475 5768 ligni
2507 5696 2652 5754 alios
2684 5694 3057 5753 ferramentis
3087 5695 3538 5754 medicinalibus
3565 5698 3883 5772 perimant.

2396 5785 2632 5844 CAPUT
2672 5785 2917 5846 XCVIII.
2946 5817 3013 5831 -
3043 5786 3157 5847 Sed
3185 5790 3385 5847 tamen
3437 5785 3503 5846 bi
3552 5790 3751 5862 patres
3801 5790 3991 5852 nostri
