4462 6440
658 401 772 462 467

1414 399 1727 461 CONTRA
1769 399 2150 463 FAUSTUM
2195 399 2714 471 MANICHAZUM,
2763 401 2828 461 S.
2870 400 3300 464 AUGUSTINI

3950 397 4074 457 468

1473 668 1847 762 LIBER
1923 666 2601 764 VIGESIMUS
2671 669 3221 764 TERTIUS.

731 974 963 1033 CAPUT
994 971 1296 1029 PRIMUM.
1329 1002 1396 1012 —
1436 972 1696 1027 FAUSTUS
1745 971 1931 1026 dixit:
1966 971 2301 1043 Disputanti

663 1065 808 1122 mihi
838 1061 1422 1134 aliquando.quidam
1455 1077 1523 1115 ex
1555 1076 1866 1115 numerosa
1887 1059 2050 1132 plebe
2071 1077 2306 1132 respon-

663 1156 807 1211 dens
836 1153 916 1209 ait
940 1169 952 1207 :
988 1151 1212 1222 Accipis
1239 1151 1439 1206 Jesum
1472 1150 1542 1203 de
1576 1149 1756 1204 Maria
1785 1149 2026 1204 natum?
2052 1149 2150 1204 Cui
2173 1164 2299 1221 ego:

661 1239 1398 1312 Quemnam,inquam,diei
1428 1239 1632 1294 Jesum
1662 1237 1690 1293 ‘I
1719 1238 1864 1293 Nam
1899 1237 2094 1310 plures
2115 1237 2173 1293 in
2191 1239 2304 1294 He-

664 1331 917 1388 braismo
950 1332 1184 1385 fuerunt
1208 1329 1382 1384 Jesus
1418 1345 1430 1395 ;
1468 1344 1621 1382 unus
1654 1327 1890 1398 quidem
1942 1327 2092 1384 Nave
2128 1327 2303 1398 ﬁlius,

663 1419 995 1491 discipulus
1025 1418 1204 1491 Moysi
1237 1417 1435 1489 (Exod.
1471 1417 1824 1483 xxxm,11,et
1853 1417 2028 1471 Eccli.
2058 1417 2301 1486 va1,i):

664 1510 810 1565 alter
839 1525 970 1564 vero
993 1507 1148 1562 ﬁlius
1171 1506 1452 1562 Josedech
1479 1506 1798 1562 sacerdotis
1819 1506 2017 1578 magni
2042 1506 2251 1576 (Aggaei
2268 1523 2306 1575 ι,

667 1601 746 1671 1);
772 1599 907 1654 item
934 1597 1083 1652 alius
1107 1596 1204 1668 qui
1227 1595 1420 1652 dictus
1446 1599 1535 1650 est
1555 1595 1710 1650 ﬁlius
1731 1595 1909 1650 David
1941 1595 2309 1666 (Rom.1,1-3),

667 1689 817 1743 alius
849 1704 979 1742 vero
1013 1685 1192 1742 Filius
1227 1685 1323 1740 Dei
1358 1687 1550 1748 (Marc.
1587 1701 1626 1755 ι,
1674 1685 1725 1755 1)
1761 1700 1774 1739 :
1809 1699 2124 1755 quemnam
2175 1699 2310 1754 ergo

665 1778 912 1833 istorum
946 1777 1015 1830 de
1047 1774 1225 1830 Maria
1249 1779 1448 1828 natum
1474 1773 1688 1844 quaeris
1717 1789 1786 1828 ex
1807 1790 1898 1828 me
1930 1777 2127 1827 utrum
2161 1772 2309 1828 acci-

669 1868 825 1940 piam
857 1866 884 1919 ‘2
913 1864 1144 1935 Utique,
1177 1864 1388 1934 inquit,
1408 1862 1616 1917 Filium
1653 1863 1771 1916 Dei.
1796 1862 1896 1917 Cui
1931 1878 2034 1934 ego
2073 1863 2178 1917 :Et
2200 1879 2312 1933 quo

671 1961 906 2011 auctore
938 1969 1122 2026 quove
1146 1953 1425 2023 magistro
1448 1952 1688 2006 docente
1711 1951 1864 2006 istud
1894 1952 2173 2023 accipiam
2196 1951 2223 2004 ?
2245 1955 2315 2006 At

669 2044 769 2099 ille
801 2060 814 2096 :
848 2043 1134 2104 Mattheo,
1166 2041 1497 2113 inquit.Cui
1532 2056 1768 2095 rursum
1800 2057 1903 2112 ego
1934 2058 1947 2108 ;
1979 2041 2124 2104 Quid
2157 2040 2314 2094 enim

672 2133 979 2188 Matthzeus
1011 2130 1285 2201 scripsit?
1319 2130 1384 2184 Et
1415 2129 1509 2183 ille
1541 2146 1554 2184 :
1588 2131 1752 2184 Liber
1785 2131 2156 2198 generationis
2182 2134 2315 2186 Jesu

672 2223 878 2278 Christi
908 2221 1015 2291 ﬁlii
1046 2219 1240 2284 David,
1271 2219 1380 2289 ﬁlii
1417 2218 1711 2287 Abraham,
1759 2224 1868 2274 etc.
1923 2220 2132 2291 (Matth.
2167 2236 2206 2286 ι,
2241 2219 2316 2290 1),

669 2311 819 2366 Tum
851 2325 957 2382 ego
993 2327 1004 2364 :
1039 2307 1831 2378 Putaveram,inquam,quia
1861 2323 2019 2364 esses
2052 2309 2316 2363 dicturus

673 2400 844 2456 Liber
871 2396 1258 2472 generationis
1286 2396 1426 2452 Jesu
1460 2396 1672 2452 Christi
1707 2396 1828 2451 Filii
1859 2397 1980 2466 Dei;
2015 2402 2071 2452 et
2102 2414 2192 2452 me
2223 2415 2319 2468 pa-

672 2504 930 2545 raveram
965 2487 1035 2542 ad
1070 2486 1561 2558 praescribendum
1597 2502 1609 2540 :
1645 2486 1741 2541 sed
1785 2486 1921 2555 quia
1951 2503 2106 2541 nunc
2133 2486 2315 2541 ﬁdeli-

672 2583 761 2633 ter
784 2576 1107 2648 capitulum
1141 2574 1500 2640 memorasti,
1535 2575 1940 2630 admonendus
1973 2581 2198 2630 tantum
2232 2592 2313 2642 es,

673 2671 739 2722 ut
771 2666 826 2721 id
860 2665 1009 2734 quod
1044 2665 1318 2730 recitasti,
1352 2664 1706 2719 consideres.
1754 2663 1952 2735 Neque
1980 2665 2136 2720 enim
2170 2664 2316 2720 Mat-

674 2755 862 2810 thtBUS
893 2754 988 2809 hic
1017 2770 1078 2808 se
1115 2754 1207 2808 Dei
1230 2753 1803 2823 Filiigenerationem
1826 2753 2080 2808 scribere
2110 2754 2321 2809 fatetur

675 2843 1025 2909 instituisse,
1059 2843 1158 2898 sed
1196 2841 1293 2896 ﬁlii
1326 2841 1526 2897 David.

748 2933 978 2989 CAPUT
1013 2932 1081 2988 II.
1109 2963 1179 2973 -—-
1207 2931 1280 2986 Ut
1309 2947 1444 3002 ergo
1475 2931 1612 2986 huic
1662 2931 1901 2986 interim
1950 2931 2164 2987 dicenti
2197 2949 2318 2987 cre-

676 3025 834 3093 dam,
869 3021 1025 3076 ﬁlius
1054 3021 1230 3076 David
1263 3021 1373 3075 erit
1402 3020 1544 3075 mihi
1580 3021 1648 3076 de
1678 3020 1854 3075 Maria
1875 3025 2047 3075 natus
2083 3038 2095 3076 ι
2130 3023 2320 3077 adhuc

675 3114 746 3168 de
777 3112 870 3166 Dei
902 3110 1044 3165 Filio
1078 3110 1134 3164 in
1168 3109 1276 3164 hoc
1309 3110 1465 3163 omni
1499 3110 1859 3182 generationi
1889 3115 2044 3165 textu
2079 3110 2239 3165 nulla
2259 3111 2322 3164 ﬁt

675 3200 914 3270 mentio,
950 3215 1135 3270 usque
1169 3200 1238 3253 ad
1275 3199 1638 3269 baptismum
1697 3198 1934 3269 scilicet,
1988 3201 2322 3271 frustraque

676 3289 1031 3347 calumniam
1084 3305 1185 3342 vos
1230 3287 1496 3359 ingeritis
1551 3288 1842 3359 scriptori,
1885 3293 2168 3360 tanquam
2220 3288 2321 3343 Dei

675 3380 773 3436 ille
809 3379 1016 3434 Filium
1047 3378 1107 3432 in
1160 3382 1322 3432 utero
1374 3376 1633 3432 mulieris
1688 3377 2011 3433 incluserit.
2060 3379 2132 3432 At
2188 3395 2322 3433 vero

679 3468 771 3524 hic
802 3467 1083 3533 clamitat,
1115 3470 1179 3522 ut
1209 3466 1456 3537 videtur,
1507 3471 1563 3522 et
1610 3466 1991 3538 inscriptione
2040 3468 2168 3538 ipsa
2216 3484 2324 3522 sua

679 3574 741 3613 se
773 3572 1014 3629 prorsus
1044 3555 1116 3609 ab
1146 3555 1255 3610 hoc
1286 3555 1589 3628 sacrilegio
1612 3556 1885 3625 vindicat,
1920 3556 2092 3611 David
2135 3556 2322 3612 ﬁlium

681 3647 992 3718 perhibens
1012 3660 1079 3699 ex
1112 3643 1211 3700 illa
1244 3644 1423 3716 stirpe
1452 3645 1767 3700 oriundum
1790 3661 1851 3700 se
1872 3645 2321 3715 scripsisse,non

684 3735 898 3791 Filium
931 3734 1054 3789 Dei.
1086 3733 1233 3788 Nam
1262 3734 1465 3788 Jesum
1524 3733 1762 3804 quidem
1808 3749 1964 3800 eum,
1999 3733 2096 3804 qui
2129 3734 2201 3788 sit
2235 3734 2322 3788 Fi-

679 3823 799 3879 lius
834 3823 1015 3890 Dei,si
1039 3821 1341 3893 scriptoris
1362 3823 1538 3893 hujus
1565 3826 1817 3877 mentem
1845 3821 2325 3894 propositumque

680 3912 1036 3978 consideres,
1070 3928 1181 3966 non
1213 3916 1335 3966 tam
1368 3910 1466 3966 ille
1493 3912 1562 3966 de
1592 3911 1776 3966 Maria
1803 3910 2029 3983 virgine
2058 3911 2183 3965 vult
2219 3929 2325 3968 nos

679 4001 940 4072 accipere
972 4004 1357 4071 procreatum,
1392 4017 1567 4072 quam
1614 4001 1829 4054 factum
1880 3999 2194 4070 aliquando
2225 4016 2327 4070 per

677 4090 1040 4161 baptismum
1073 4090 1224 4161 apud
1261 4090 1480 4145 ﬂuenta
1508 4089 1797 4144 Iordanis.
1841 4087 1964 4143 Illic
1999 4089 2154 4143 enim
2183 4089 2330 4144 dicit

678 4178 1036 4250 baptizatum
1069 4196 1102 4232 a
1130 4178 1351 4233 Joanne
1381 4194 1537 4247 eum,
1571 4193 1754 4249 quem.
1787 4177 1968 4233 David
1999 4178 2059 4232 in
2092 4179 2325 4234 exordio

681 4267 866 4322 ﬁlium
922 4267 1268 4339 designavit,
1321 4269 1538 4321 factum
1585 4267 1904 4338 aliquando
1956 4283 2084 4322 esse
2117 4266 2325 4322 Filium

679 4356 780 4412 Dei
811 4357 910 4427 (Id.
937 4374 1022 4423 ιιι,
1061 4358 1141 4426 16,
1173 4357 1283 4428 l7),
1318 4361 1447 4427 post
1472 4373 1657 4410 annos
1680 4357 1984 4422 duntaxat,
2003 4357 2327 4412 secundum

683 4450 846 4500 Lucae
880 4446 1074 4508 ﬁdem,
1109 4446 1287 4501 ferme
1317 4445 1577 4516 triginta,
1610 4445 1708 4500 ubi
1741 4450 1798 4500 et
1828 4451 2098 4512 vox,tunc
2128 4446 2330 4501 audita

680 4539 788 4603 est,
817 4535 1017 4589 dicens
1044 4535 1112 4589 ad
1164 4551 1298 4590 eum
1334 4552 1346 4589 :
1380 4536 1553 4589 Filius
1602 4550 1757 4589 meus
1807 4550 1862 4589 es
1893 4543 1992 4596 tu;
2029 4551 2122 4606 ego
2170 4534 2330 4591 hodie

681 4626 848 4693 genui
877 4632 926 4679 te
955 4625 1106 4695 (Luc.
1143 4640 1227 4690 ιιι,
1259 4625 1349 4690 23,
1381 4624 1494 4694 22).
1524 4622 1698 4680 Vides
1730 4639 1866 4694 ergo
1898 4624 1954 4678 id
2008 4625 2160 4694 quod
2195 4628 2330 4679 ante

683 4730 868 4768 annos
897 4713 1162 4785 triginta,
1195 4716 1260 4768 ut
1297 4712 1434 4767 huic
1482 4712 1732 4783 videtur,
1781 4707 1852 4767 de
1898 4713 2078 4768 Maria
2126 4718 2326 4768 natum

682 4807 913 4867 est,non
949 4819 1078 4857 esse
1098 4801 1294 4873 ipsum
1321 4801 1530 4857 Filium
1567 4802 1792 4871 Dei,sed
1823 4802 1879 4856 id
1912 4803 2064 4873 quod
2092 4803 2161 4856 de
2183 4803 2330 4874 bap-

681 4892 860 4947 tismo
901 4896 1101 4963 postea
1133 4893 1349 4946 factum
1383 4897 1470 4946 est
1502 4892 1572 4945 ad
1604 4891 2006 4957 Jordanem,id
2039 4896 2129 4946 est
2148 4891 2333 4946 homi-

689 4997 822 5036 nem
857 4997 1095 5049 novum,
1129 4985 1410 5050 tanquam
1442 4981 1499 5034 in
1531 4980 1701 5035 nobis
1754 4997 1888 5034 cum
1933 4980 2226 5035 credimus
2259 4981 2330 5035 ad

687 5071 871 5126 Deum
902 5087 971 5124 ex
1002 5068 1361 5124 Gentilitatis
1391 5085 1584 5124 errore
1614 5069 1873 5124 conversi
1902 5086 1914 5123 :
1949 5069 2103 5138 quod
2136 5069 2330 5140 ipsum

687 5163 884 5214 tamen
918 5158 1110 5213 nescio
1145 5166 1339 5213 utrum
1375 5157 1520 5213 satis
1553 5174 1688 5213 cum
1722 5174 1790 5213 ea
1813 5157 1924 5212 ﬁde
1956 5158 2332 5229 faciat,quam

687 5265 788 5304 vos
819 5246 1167 5302 catholicam
1199 5247 1516 5302 nominatis
1542 5265 1554 5313 ;
1579 5247 1677 5302 sed
1706 5246 1935 5303 interim
1958 5247 2039 5303 sic
2063 5248 2332 5303 Matthao

686 5337 935 5404 videtur,
959 5336 1007 5391 si
1041 5341 1179 5391 sunt
1209 5335 1397 5407 ipsius
1431 5335 1777 5407 haec.Neque
1807 5336 1961 5391 enim
1996 5354 2246 5408 usquam
2273 5337 2333 5391 in

689 5425 1175 5497 parturitionibus
1202 5424 1392 5478 Maria:
1430 5424 1650 5478 dictum
1701 5423 1912 5496 legitur
1959 5425 2123 5492 illud,
2159 5427 2336 5482 Filius

689 5529 841 5568 meus
871 5529 926 5568 es
957 5521 1034 5578 tu,
1067 5528 1164 5580 ego
1197 5511 1356 5566 hodie
1411 5515 1586 5585 genni
1616 5522 1707 5576 te;
1739 5519 1860 5580 aut,
1896 5515 1993 5570 Hic
2039 5518 2118 5570 est
2166 5515 2338 5569 Filius

690 5618 840 5657 meus
869 5600 1345 5668 dilectissimus,in
1376 5618 1476 5674 quo
1505 5604 1638 5658 bene
1667 5604 1977 5675 complacui
1995 5620 2016 5666 ,ο
2047 5603 2145 5658 sed
2169 5602 2229 5656 in
2247 5618 2339 5657 ex-

695 5690 950 5762 piatione
981 5691 1107 5760 ejus
1138 5691 1290 5762 apud
1322 5692 1827 5758 Jordanem.0uod
1877 5693 1926 5747 si
1958 5698 2013 5747 et
2042 5696 2103 5745 tu
2135 5692 2338 5748 credas

693 5779 775 5833 ita
807 5780 1162 5850 utscriptum
1183 5780 1554 5852 est,erisjam
1586 5779 2338 5853 quidemMatthaeanus;sic

698 5867 852 5924 enim
867 5868 1011 5924 mihi
1030 5869 1339 5926 dicendum
1360 5869 1795 5928 estzcatholicus
1813 5885 1944 5927 vero
1963 5885 2336 5941 nequaquam

2412 970 2558 1025 Nam
2588 968 2932 1025 catholicam
2966 970 3138 1025 ﬁdem
3170 971 3440 1025 novimus
3469 987 3481 1038 ;
3516 986 3640 1041 qua:
3690 972 3852 1024 tanto
3893 967 4075 1040 longe

2414 1061 2578 1114 abest
2603 1061 2675 1114 ab
2694 1059 2801 1114 hac
2832 1059 3487 1130 protessioneMatthaei,
3521 1063 3739 1130 quanto
3758 1057 3960 1130 procul
3979 1061 4076 1113 est

2416 1152 2474 1202 et
2503 1165 2534 1203 a
2563 1163 2722 1203 vero.
2755 1147 3056 1219 Siquidem
3089 1147 3420 1220 symbolum
3452 1153 3714 1202 vestrum
3764 1147 3847 1202 ita
3872 1164 3933 1202 se
3961 1147 4073 1201 ha-

2417 1237 2568 1304 beat,
2603 1241 2667 1291 ut
2697 1236 2947 1292 credatis
2977 1236 3035 1291 in
3085 1236 3285 1292 Jesum
3342 1237 3639 1293 Christum
3678 1234 3886 1290 Filium
3943 1234 4072 1302 Dei,

2418 1326 2517 1397 qui
2550 1326 2626 1380 sit
2658 1331 2830 1381 natus
2859 1342 2926 1380 ex
2958 1326 3180 1397 virgine
3213 1325 3395 1380 Maria
3428 1342 3440 1378 :
3479 1329 3737 1380 vestrum
3787 1328 3876 1380 est
3905 1339 4073 1396 ergo,

2419 1416 2490 1470 de
2522 1414 2703 1469 Maria
2747 1414 3006 1486 accipere
3055 1414 3267 1469 Filium
3317 1414 3458 1482 Dei;
3488 1413 3767 1484 Matthsei,
3820 1414 3892 1468 ab
3939 1413 4075 1468 Jor-

2421 1505 2605 1571 dane;
2643 1507 2930 1571 nostrum,
2982 1519 3050 1559 ex
3102 1504 3218 1559 Deo
3252 1509 3283 1570 εἴ
3317 1520 3382 1558 ac
3431 1519 3533 1575 per
3586 1505 3694 1558 hoc
3750 1507 3872 1557 tam
3911 1502 4078 1558 vobis

2422 1591 2751 1661 Matthmus,
2785 1593 2834 1647 si
2865 1593 2985 1648 haec
3013 1594 3139 1663 ejus
3172 1609 3273 1664 pro
3325 1597 3477 1648 certo
3530 1597 3688 1661 sunt,
3739 1592 4077 1647 contrarius

2422 1681 2578 1736 estin
2605 1681 2961 1752 professione
2976 1681 3086 1736 ista
3099 1697 3409 1752 sua,quam
3425 1680 3733 1748 nobis;nisi
3749 1681 3903 1752 quod
3921 1696 4078 1751 pau-

2422 1769 2476 1824 lo
2509 1770 2850 1840 prudentior
2879 1771 3042 1827 vobis
3071 1771 3340 1826 inventus
3371 1774 3550 1836 est,ut
3579 1775 3769 1825 ortum
3804 1786 3873 1825 ex
3903 1769 4076 1824 femi-

2424 1875 2530 1913 neo
2554 1875 2714 1926 sexu,
2745 1860 2923 1914 David
2958 1860 3073 1915 ﬁlio
3105 1861 3422 1916 ascriberet
3454 1860 3663 1932 magis,
3697 1875 3874 1932 quam
3929 1860 4076 1914 Filio

2426 1949 2909 2020 Dei.0uapropter
2939 1950 3007 2005 de
3033 1950 3265 2003 duobus
3286 1966 3384 2004 vos
3416 1966 3598 2003 unum
3625 1950 3787 2003 fateri
3820 1952 4074 2019 oportet.

2425 2044 2526 2091 aut
2555 2036 2710 2093 hunc
2744 2056 2857 2093 non
2890 2055 3018 2093 esse
3053 2038 3528 2109 Matthzeum,qui
3564 2038 3682 2092 haec
3715 2038 3945 2093 videtur
3975 2055 4078 2093 as-

2426 2141 2615 2181 serere
2642 2145 2654 2194 ;
2691 2132 2790 2182 aut
2821 2144 2921 2182 vos
2953 2144 3066 2181 non
3099 2132 3293 2182 tenere
3322 2125 3701 2198 apostolicam
3737 2127 3937 2181 ﬁdem.

2497 2202 2730 2272 CAPUT
2765 2216 2932 2270 II[.——
2961 2216 3077 2270 Nos
3109 2233 3240 2270 vero
3269 2215 3534 2286 quamvis
3557 2216 3626 2270 de
3644 2214 3751 2270 bac
3781 2216 4081 2271 sententia

2428 2322 2598 2360 nemo
2631 2321 2870 2376 prorsus
2900 2304 3153 2375 dejiciat,
3203 2321 3270 2358 ex
3319 2305 3434 2359 Deo
3485 2304 3807 2375 accipiendi
3859 2303 4080 2359 Filium

2430 2394 2547 2464 Dei,
2580 2398 2774 2449 tamen
2809 2399 2874 2448 ut
2918 2393 3170 2448 multum
3217 2392 3626 2464 imprudentiae
3656 2393 4079 2461 concedamus,

2429 2487 2493 2537 ut
2522 2483 2830 2555 adigamur
2861 2487 2916 2537 et
2962 2483 3128 2537 falsis
3175 2483 3426 2550 credere,
3487 2499 3554 2536 ex
3601 2482 3856 2536 Jordane
3906 2482 4080 2537 nobis

2428 2571 2538 2627 erit
2571 2572 2756 2626 factus
2786 2571 2957 2626 Jesus
2992 2572 3085 2626 Dei
3121 2570 3322 2640 Filius,
3356 2588 3532 2642 quam
3566 2576 3738 2626 natus
3796 2588 3864 2626 ex
3911 2575 4082 2626 utero

2431 2661 3063 2731 mulieris.Quanquam
3083 2661 3324 2732 necipse
3346 2660 3694 2732 quidemille
3708 2660 4078 2729 quemMaria

2429 2750 2672 2821 peperit,
2705 2750 2753 2804 si
2787 2749 2943 2805 ullus
2973 2755 3115 2816 erat,
3151 2754 3304 2805 recte
3336 2750 3512 2804 David
3538 2749 3695 2804 ﬁlius
3726 2748 4082 2821 appelletur,

2430 2839 2543 2894 nisi
2575 2855 2707 2894 eum
2740 2843 2965 2894 constet
2985 2856 3054 2894 ex
3087 2844 3246 2910 patre
3275 2839 3488 2910 Joseph
3525 2839 4081 2902 seminatum.Quod

2431 2928 2569 3000 quia
2599 2929 2844 2999 negatis,
2878 2927 3020 2982 illud
3055 2929 3229 2983 etiam
3263 2927 3561 2982 fateamini
3594 2943 3831 2983 necesse
3862 2932 3972 2994 est,
4009 2945 4083 2983 ne

2430 3018 2625 3090 ipsum
2660 3016 2889 3088 quidem
2925 3034 3051 3072 esse
3083 3016 3258 3072 David
3295 3016 3802 3080 ﬁlium.Quoniam
3839 3016 4080 3087 quidem

2430 3107 2722 3178 generatio
2754 3107 2824 3160 ab
2861 3107 3153 3161 Abraham
3189 3123 3372 3177 usque
3415 3106 3484 3160 ad
3516 3105 3719 3172 David,
3751 3110 3807 3160 et
3839 3122 3873 3159 a
3906 3105 4084 3161 David

2429 3196 2644 3267 Joseph
2682 3197 2946 3267 adusque
2979 3197 3308 3265 deducitur,
3340 3212 3442 3265 per
3472 3211 3675 3249 omnes
3730 3193 3952 3250 scilicet
3980 3195 4088 3251 He-

2431 3285 2714 3340 braeorum
2748 3291 2980 3355 patres:
3016 3302 3084 3339 ex
3106 3302 3219 3355 quo
3259 3285 3397 3356 quia
3426 3285 3599 3339 Jesus
3622 3289 3934 3355 conceptus
3968 3301 4088 3339 non

2431 3379 2539 3441 est,
2576 3379 2637 3428 ut
2666 3373 2899 3446 legitur,
2935 3391 3040 3429 nec
3071 3374 3233 3429 ﬁlius
3262 3374 3372 3429 erit
3403 3373 3584 3428 David
3619 3391 3631 3428 :
3665 3373 3952 3445 longeque
3981 3374 4090 3429 de-

2433 3480 2600 3519 mens
2631 3469 2738 3530 est,
2769 3463 2866 3534 qui
2900 3479 3074 3534 quem
3107 3463 3234 3518 sine
3259 3463 3411 3518 coitu
3435 3462 3651 3533 Joseph
3686 3463 3758 3518 de
3781 3463 3964 3517 Maria
3983 3479 4091 3517 na-

2432 3557 2557 3607 tum
2590 3552 2856 3607 dicturus
2887 3557 3029 3618 erat,
3064 3551 3225 3606 hunc
3258 3552 3315 3605 in
3351 3551 3640 3623 principio
3669 3551 3932 3623 posuerit
3960 3567 4092 3607 esse

2435 3640 2620 3696 ﬁlium
2654 3641 2852 3696 David.
2887 3640 3028 3696 Cum
3062 3657 3198 3712 ergo
3231 3657 3302 3696 ne
3329 3641 3453 3712 ipse
3493 3640 3749 3710 quidem,
3782 3639 3882 3712 qui
3914 3640 3992 3695 sit
4021 3657 4095 3695 ex

2435 3731 2618 3786 Maria
2647 3731 2900 3803 genjtus,
2935 3729 3111 3785 David
3148 3735 3298 3785 recte
3348 3730 3506 3784 ﬁlius
3568 3728 3917 3801 appelletur,
3951 3729 4092 3800 quia

2434 3837 2548 3875 non
2573 3821 2650 3875 sit
2682 3823 2853 3874 natus
2883 3835 2951 3873 ex
2980 3819 3194 3890 Joseph
3223 3837 3236 3886 ;
3271 3822 3490 3890 quanto
3521 3819 3714 3890 magis
3737 3817 3918 3874 Filius
3944 3817 4091 3873 Dei?

2505 3908 2736 3964 CAPUT
2770 3907 2860 3962 IV.
2897 3939 2964 3948 -—
2995 3909 3239 3964 Proinde
3270 3924 3374 3963 nec
3430 3907 3674 3979 virginis
3705 3907 3896 3978 ipsius
3927 3907 4090 3979 origo

2435 4016 2503 4054 ex
2531 3998 2638 4053 hac
2664 3998 2819 4052 tribu
2851 3997 3029 4057 fuisse
3058 4002 3443 4064 monstratur,
3491 3998 3647 4052 unde
3678 4001 3913 4052 constat
3961 4012 4092 4052 esse

2436 4087 2652 4157 David;
2687 4087 2813 4142 dico
2844 4092 3040 4142 autem
3069 4088 3307 4155 Judam,
3342 4087 3411 4141 de
3462 4103 3580 4158 quo
3634 4086 3821 4141 Judaei
3872 4102 4040 4157 reges
4075 4101 4090 4140 :

2435 4179 2535 4232 sed
2568 4193 2635 4232 ex
2665 4175 2819 4231 tribu
2864 4175 3014 4242 Levi,
3069 4177 3224 4230 unde
3277 4178 3606 4231 sacerdotes
3641 4193 3653 4230 :
3689 4175 3843 4247 quod
3893 4175 4090 4247 ipsum

2437 4266 2627 4339 palam
2659 4265 2918 4336 est,quia
2945 4265 3144 4319 eadem
3181 4268 3404 4335 patrem
3429 4263 3700 4319 habuerit
3730 4265 4092 4318 sacerdotem

2438 4356 2751 4427 quemdam
2803 4353 3037 4409 nomine
3087 4353 3372 4419 Joachim,
3428 4354 3596 4424 cujus
3638 4358 3836 4408 tamen
3887 4353 3948 4407 in
3980 4353 4093 4408 hac

2438 4441 2806 4514 generatione
2839 4440 3000 4495 nulla
3033 4457 3280 4512 usquam
3317 4440 3518 4495 habita
3551 4440 3770 4495 mentio
3804 4444 3912 4496 est.
3947 4441 4087 4504 Quo-

2439 4532 2612 4586 modo
2643 4546 2779 4602 ergo
2825 4531 2894 4583 ad
2949 4530 3094 4583 hanc
3140 4529 3428 4584 Davidicae
3485 4529 3848 4601 cognationis
3882 4545 4088 4601 prosa-

2440 4621 2594 4692 piam
2629 4618 2808 4674 Maria
2828 4618 3114 4690 pertinere
3148 4618 3392 4683 dicetur,
3423 4618 3483 4672 in
3516 4635 3632 4689 qua
3689 4634 3816 4673 eam
3850 4634 3958 4672 nec
3993 4635 4094 4690 pa-

2437 4713 2585 4764 trem
2617 4708 2830 4763 habere
2858 4707 3078 4773 videas,
3111 4724 3215 4762 nec
3246 4706 3518 4762 maritum
3550 4707 3577 4761 ?
3609 4709 3687 4762 Ac
3713 4724 3815 4778 per
3845 4707 3954 4762 hoc
3981 4723 4087 4762 nec

2440 4798 2537 4854 ille
2569 4797 2741 4852 David
2777 4796 2929 4851 ﬁlius
2969 4797 3374 4868 erit,quisquis
3417 4813 3485 4851 ex
3514 4797 3715 4851 eadem
3764 4796 4028 4851 nascitur
4069 4813 4082 4850 :

2443 4887 2555 4942 nisi
2585 4887 2712 4957 ejus
2736 4885 2885 4940 hanc
2915 4885 3253 4957 genitricem
3287 4886 3370 4940 sic
3402 4885 3710 4940 admoveas
3739 4883 3987 4956 Joseph,
4031 4888 4100 4939 ut

2442 4977 2571 5046 ejus
2602 4980 2703 5030 aut
2736 4975 2855 5030 ﬁlia
2885 4975 3161 5047 probetur
3191 4980 3292 5030 aut
3324 4975 3558 5044 conjux.

2514 5064 2740 5119 CAPUT
2769 5063 3282 5119 V.—AUGUSTINUS
3316 5063 3616 5134 respondit
3649 5079 3660 5116 :
3699 5061 3867 5117 Fides
3890 5060 4097 5116 catho-

2443 5153 2554 5209 lica
2584 5155 2903 5224 eademque
2933 5152 3247 5223 apostolica
3274 5156 3382 5215 est,
3405 5152 3713 5206 Dominum
3747 5156 4018 5208 nostrum
4043 5153 4099 5205 et

2444 5243 2798 5300 Salvatorem
2829 5243 3026 5298 Jesum
3057 5241 3444 5306 Christum,et
3478 5240 3686 5294 Filium
3723 5240 3817 5294 Dei
3851 5255 3982 5295 esse
4006 5254 4095 5294 se-

2445 5334 2702 5389 cundum
2726 5331 3172 5400 divinitatem,et
3195 5329 3381 5384 ﬁlium
3412 5330 3583 5384 David
3607 5329 3935 5384 secundum
3969 5344 4094 5383 car-

2446 5422 2762 5492 nemzquod
2785 5421 2864 5475 ita
2887 5420 3202 5491 probamus
3224 5435 3293 5474 ex
3317 5418 3665 5490 evangelicis
3682 5422 3738 5473 et
3751 5416 4088 5488 apostolicis

2448 5512 2775 5580 Litteris,ut
2804 5526 2973 5564 nemo
3007 5508 3192 5580 possit
3220 5509 3619 5563 contradicere
3653 5505 4098 5578 probationibus

2448 5598 2804 5666 nostris,nisi
2836 5597 2934 5669 qui
2969 5597 3114 5669 ipsis
3151 5597 3374 5652 Litteris
3398 5596 3914 5651 contradicitznon
3947 5595 4097 5652 sicut

2447 5689 2558 5746 sibi
2578 5690 2828 5745 Faustus
2847 5688 2955 5742 iste
2979 5686 3502 5757 proposuit,nescio
3524 5702 3698 5756 quem
3718 5700 3905 5756 pauca
3924 5685 4100 5740 verba

2448 5779 2750 5846 dixisse,et
2773 5780 2973 5830 cantra
2991 5776 3255 5846 ejusdem
3284 5774 3480 5831 Fausti
3499 5773 3822 5846 versipellis
3849 5773 4099 5830 astutias

2450 5866 2612 5924 nulla
2633 5869 2834 5940 postea
2853 5865 3191 5924 testimonia
3202 5862 3708 5938 protulisse.Quod
3729 5878 3835 5937 ego
3855 5879 3997 5923 cum
4020 5865 4099 5921 fe-
