4462 6478
218 385 343 448 469

219 534 380 590 cero,
405 518 551 575 nihil
575 519 623 576 ei
644 520 794 592 quod
820 521 1171 593 respondeat
1203 522 1548 583 remanebit,
1579 521 1690 576 nisi
1732 520 1875 577 illud

224 609 385 679 quod
398 608 515 663 vim
530 609 1027 666 manifestissimae
1041 610 1301 666 veritatis
1314 611 1373 666 in
1389 612 1510 667 Scri
1517 616 1618 684 ptu
1627 611 1705 667 ris
1717 627 1817 665 san
1827 627 1879 664 c-

218 696 300 752 tis
313 714 585 770 expresse
599 697 847 755 illudere
862 704 1036 771 atque
1049 700 1263 756 evitare
1276 706 1538 767 conatur,
1554 705 1619 755 ut
1647 700 1793 756 falsa
1806 699 1875 755 il-

219 785 283 843 la
298 786 581 843 etdivinis
600 789 902 844 codicibus
920 788 1187 845 immissa
1204 790 1757 862 respondeat.Quam
1775 790 1872 845 de-

217 876 507 931 mentiam
521 878 597 943 ,fu
608 877 937 947 riosamque
950 881 1462 951 praesumptionem
1477 884 1532 933 et
1544 878 1869 947 audaciam,

206 965 342 1035 jam
367 966 640 1038 superius
656 966 715 1021 in
734 966 842 1022 hoc
859 984 1049 1039 opere,
1083 968 1658 1039 quantum‘sufﬁcere
1678 968 1871 1023 visum

212 1054 613 1122 esl,refutavi:
639 1071 745 1111 nec
766 1056 967 1111 eadem
987 1062 1243 1128 repetere
1269 1061 1512 1128 oportet,
1532 1061 1595 1111 ut
1630 1057 1869 1113 modum

214 1143 509 1199 sermonis
540 1145 714 1199 etiam
749 1145 1109 1217 cogitemus.
1134 1146 1281 1213 Quid
1306 1146 1484 1218 igitur
1509 1162 1655 1217 opus
1677 1150 1765 1201 est
1786 1146 1869 1200 di-

213 1248 423 1305 spersa
446 1250 547 1305 per
564 1234 789 1305 Scriptu
800 1251 893 1289 ras
906 1250 1113 1291 omnes
1133 1251 1390 1306 querere
1404 1239 1576 1306 atque
1598 1234 1867 1307 colligere

211 1321 796 1394 testimonia,quibus
816 1327 1020 1379 contra
1041 1323 1220 1380 istum
1240 1323 1574 1396 probemus,
1592 1324 1649 1378 in
1675 1324 1865 1380 Libris

211 1410 823 1483 maximaadivinzsque
846 1412 1231 1479 auctoritatis,
1273 1413 1545 1468 eumdem
1580 1412 1692 1467 dici
1729 1410 1862 1466 Fili-

212 1516 318 1555 um
341 1500 440 1556 Dei
475 1500 843 1571 unigenitum
876 1518 1109 1574 semper
1136 1502 1319 1558 Deum
1346 1503 1499 1573 apud
1536 1506 1739 1567 Deum,
1762 1499 1863 1572 qui

210 1589 434 1645 dicitur
461 1590 636 1645 etiam
660 1590 817 1645 ﬁlius
839 1591 1015 1646 David
1040 1596 1276 1663 propter
1295 1595 1592 1662 acceptam
1612 1591 1858 1645 formam

210 1678 367 1734 servi
395 1695 465 1735 ex
492 1678 716 1751 virgine
764 1680 946 1735 Maria
986 1682 1233 1751 conjuge
1262 1680 1518 1752 Joseph?
1564 1679 1729 1734 Nunc
1778 1679 1862 1733 in-

209 1768 407 1835 terim,
443 1767 581 1838 quia
611 1769 681 1823 de
698 1768 971 1824 Mattheo
1003 1768 1185 1824 voluit
1214 1769 1535 1841 disputare,
1570 1784 1675 1823 nec
1705 1784 1739 1822 a
1767 1783 1861 1823 me

209 1860 377 1913 totus
396 1856 653 1913 Matthaei
674 1857 822 1913 liber
843 1858 978 1913 huic
1005 1858 1260 1914 sermoni
1284 1857 1458 1913 inseri
1484 1861 1694 1929 potest,
1708 1856 1861 1927 legat

208 1944 315 2016 qui
367 1944 635 2014 voluerit,
688 1954 741 2001 et
782 1946 974 2002 videat
1014 1946 1510 2017 quemadmodum
1552 1943 1859 1999 Matthaaus

212 2050 376 2103 eum,
410 2050 586 2106 quem
619 2040 886 2107 parentes
918 2036 1044 2106 ejus
1078 2039 1528 2090 enumeraturus
1565 2033 1708 2088 dicit
1756 2032 1861 2087 ﬁli-

214 2139 320 2179 um
353 2123 559 2189 David,
590 2124 879 2180 narrando
908 2141 1091 2196 usque
1114 2125 1184 2179 ad
1210 2123 1543 2196 passionem
1566 2138 1857 2179 ressurec-

211 2211 556 2284 tionemque
589 2213 894 2283 perducat;
928 2229 1033 2269 nec
1064 2212 1244 2268 alium
1279 2228 1454 2283 quam
1487 2212 1680 2284 ipsum
1705 2212 1861 2267 dicat

212 2320 251 2357 a
281 2301 507 2373 virgine
526 2302 706 2378 Maria
735 2303 807 2357 de
837 2301 1055 2374 Spiritu
1088 2306 1291 2357 sancto
1314 2304 1659 2373 conceptum
1686 2305 1742 2356 et
1764 2317 1862 2355 na-

210 2394 366 2445 tum.
400 2390 503 2446 Cui
524 2391 605 2446 rei
637 2392 875 2447 adhibet
905 2396 962 2448 et
1010 2391 1412 2448 testimonium
1437 2391 1507 2445 de
1538 2390 1857 2462 propheta:

210 2480 350 2536 Ecce
383 2483 532 2552 virgo
562 2483 786 2552 accipiet
817 2482 876 2535 in
917 2485 1091 2545 utero,
1122 2487 1173 2536 et
1198 2482 1385 2552 pariet
1432 2480 1634 2551 ﬁlium,
1664 2488 1715 2535 et
1764 2493 1860 2533 vo-

210 2569 417 2624 cabunt
434 2586 631 2626 nomen
646 2571 767 2636 eius
796 2570 1139 2637 Emmanuel,
1161 2568 1301 2641 quod
1321 2578 1401 2624 est
1423 2569 1858 2639 interpretatum,

212 2657 510 2714 Nobiscum
537 2660 677 2715 Deus
707 2658 854 2730 (Isai.
882 2675 980 2729 v11,
1006 2659 1105 2725 111,-
1152 2658 1335 2713 Matth.
1371 2674 1409 2722 1,
1432 2658 1544 2729 23).
1576 2656 1862 2712 Eumdem

214 2763 335 2818 que
364 2748 721 2820 baptizatum
756 2764 789 2802 a
815 2748 1059 2815 Joanne,
1094 2748 1331 2803 audisse
1362 2747 1433 2802 de
1465 2746 1629 2816 caelo,
1662 2746 1760 2801 Hic
1788 2748 1864 2801 est

212 2838 399 2894 Filius
422 2853 574 2893 meus
602 2838 848 2903 dilectus,
880 2838 942 2893 in
992 2853 1094 2909 quo
1140 2836 1282 2891 mihi
1318 2836 1622 2908 complacui
1649 2834 1860 2902 (Matth.

215 2941 310 2993 111,
338 2927 426 2997 17)
460 2942 473 2981 :
506 2926 576 2982 de
606 2943 723 2998 quo
752 2926 973 2981 dictum
1005 2930 1128 2982 erat
1159 2927 1285 2997 jam
1316 2942 1385 2981 ex
1407 2929 1573 2995 partu
1598 2923 1863 2996 virginis,

215 3014 510 3072 Nobiscum
536 3017 699 3072 Deus.
732 3016 856 3071 Nisi
890 3016 1035 3071 forte
1064 3016 1253 3070 visum
1284 3014 1361 3070 sit
1407 3015 1619 3069 Fausto
1670 3012 1865 3068 minus

217 3119 355 3160 esse
382 3106 532 3176 quod
563 3104 756 3161 dictus
779 3109 868 3161 est
896 3109 1250 3175 Deus,quam
1264 3105 1417 3175 quod
1437 3103 1627 3159 dictus
1657 3108 1748 3158 est
1777 3101 1867 3157 Fi-

216 3191 343 3248 lius
368 3192 575 3249 Dei.Ex
603 3192 712 3249 hoc
732 3192 888 3250 enim
911 3193 1195 3264 conjicere
1216 3197 1460 3248 conatus
1482 3191 1867 3256 est,Matthteo

216 3297 340 3337 non
373 3297 501 3338 esse
530 3281 722 3339 visum
766 3282 923 3353 quod
964 3281 1145 3337 Filius
1178 3280 1276 3335 Dei
1309 3282 1498 3337 factus
1532 3281 1608 3335 sit
1639 3280 1751 3336 nisi
1801 3296 1869 3335 ex

222 3370 544 3442 baptismo,
576 3370 715 3443 quia
744 3371 824 3425 ibi
850 3371 1004 3426 facta
1048 3374 1137 3426 est
1163 3387 1270 3425 vox
1319 3371 1388 3424 de
1437 3368 1602 3435 coelo,
1648 3370 1744 3425 Hic
1790 3376 1868 3424 est

220 3460 406 3515 Filius
433 3476 628 3515 meus:
661 3476 793 3515 cum
841 3459 997 3514 idem
1040 3457 1392 3530 evangelista
1426 3458 1551 3528 jam
1598 3457 1867 3529 superius

222 3548 561 3604 adhibuerit
591 3549 854 3605 divinum
886 3564 955 3603 ex
985 3548 1268 3619 propheta
1301 3546 1719 3611 testimonium,
1769 3546 1867 3602 ubi

219 3637 351 3710 ipse
384 3643 585 3710 partus
613 3637 855 3709 virginis
886 3636 1212 3708 appellatus
1244 3640 1351 3702 est,
1386 3636 1674 3690 Nobiscum
1706 3636 1861 3690 Deus.

297 3727 528 3783 CAPUT
551 3726 897 3781 VI.—Hunc
916 3741 1055 3780 sane
1082 3725 1423 3780 misererum
1458 3722 1635 3779 delire
1666 3740 1869 3796 garru-

220 3815 349 3872 lum
364 3816 646 3872 debemus
660 3814 872 3870 intueri
885 3819 1058 3885 atque
1071 3814 1516 3879 observare,non
1531 3813 1872 3882 praetermit-

221 3910 469 3975 tentem,
503 3905 602 3959 ubi
625 3902 1106 3975 potuerit,lectori
1129 3901 1595 3973 vaniloquiorum
1628 3918 1869 3958 suorum

223 3993 403 4051 etiam
428 3994 497 4049 de
523 3992 953 4064 Scripturarum
976 3990 1286 4047 testimoiis
1302 3989 1545 4046 nebulas
1573 3990 1872 4047 otl‘undere

224 4082 537 4138 falsitatis:
564 4082 717 4137 sicut
735 4082 806 4136 de
817 4078 1109 4136 Abraham
1123 4078 1284 4147 dixit,
1305 4079 1460 4147 quod
1485 4084 1595 4134 Deo
1610 4096 1723 4135 non
1748 4096 1869 4134 cre-

225 4171 457 4228 diderat
477 4171 549 4226 de
579 4170 721 4226 Sara
737 4170 845 4225 sibi
876 4169 1066 4224 ﬁlium
1093 4166 1713 4240 promittenti,quando
1736 4184 1870 4223 cum

226 4258 444 4316 ancilla
464 4258 806 4325 concubuit;
832 4274 965 4313 cum
994 4257 1295 4328 Scriptura
1314 4260 1587 4323 testatur,
1609 4257 1871 4312 nondum

226 4348 313 4405 illi
346 4353 577 4421 partum
609 4348 761 4404 Sara
805 4346 988 4402 fuisse
1020 4338 1375 4417 promissum
1416 4344 1569 4412 (Gen.
1594 4363 1710 4413 xv1,
1738 4347 1790 4413 4,
1822 4350 1873 4402 et

222 4456 367 4507 xvn,
401 4438 491 4503 t7)
516 4454 530 4493 :
554 4436 641 4492 vel
673 4436 827 4507 quod
860 4452 1096 4491 uxorem
1121 4450 1289 4490 suam
1313 4450 1569 4490 sororem
1592 4436 1872 4491 mentitus

226 4528 469 4596 sit;cum
487 4543 672 4600 genus
693 4526 846 4582 Sarus
868 4524 1248 4596 nusquam,in
1268 4522 1616 4578 illisLitteris
1644 4523 1871 4596 legerit,

228 4617 451 4689 quibus
481 4619 553 4672 de
585 4617 693 4671 hac
723 4630 784 4670 re
814 4615 959 4670 ﬁdes
982 4613 1252 4668 habenda
1273 4616 1361 4667 est
1380 4612 1481 4681 (Id.
1501 4613 1872 4683 ιιιι,13,ειχχ,

227 4709 284 4773 2,
320 4707 408 4776 12)
432 4723 445 4762 :
478 4710 536 4761 et
561 4705 630 4760 de
653 4703 770 4760 {ilio
792 4704 919 4775 ejus
943 4704 1124 4767 Isaac,
1149 4702 1302 4773 quod
1326 4702 1500 4757 etiam
1524 4701 1647 4772 ipse
1663 4702 1873 4757 Rebec-

232 4812 364 4851 cam
385 4794 531 4850 falso
559 4793 771 4849 dixerit
793 4807 1052 4848 sororem
1071 4806 1237 4845 suam
1262 4806 1425 4855 cum;
1450 4806 1634 4863 genus
1646 4790 1773 4860 ejus
1795 4790 1876 4845 ibi

233 4889 434 4957 aperte
456 4883 736 4955 scriptum
759 4881 837 4937 sit
853 4880 959 4953 (Id.
983 4897 1132 4947 xxw,
1149 4881 1205 4947 7,
1229 4887 1283 4934 et
1298 4884 1485 4947 xxrv):
1510 4884 1566 4934 et
1586 4879 1656 4934 de
1675 4879 1874 4947 Jacob,

234 4974 391 5045 quod
423 4972 681 5045 quotidie
702 4975 991 5027 certamen
1015 4972 1170 5024 esset
1210 4968 1364 5023 inter
1383 4972 1591 5039 quater
1619 4968 1746 5039 ejus
1781 4985 1879 5023 ux-

232 5079 388 5129 ores,
420 5078 687 5135 quaanam
707 5060 874 5116 illum
899 5060 970 5115 de
983 5074 1120 5130 agro
1138 5057 1461 5112 venientem
1480 5057 1638 5128 prior
1658 5058 1729 5112 ad
1748 5074 1880 5113 con-

235 5151 504 5208 cubitum
536 5154 788 5223 raperet;
831 5149 986 5220 quod
1034 5146 1153 5201 illic
1184 5145 1443 5201 omnimo
1477 5162 1766 5216 nusquam
1798 5146 1879 5202 le-

238 5240 400 5313 gisse
431 5238 812 5295 convincitur.
839 5238 979 5292 Ecce
1008 5233 1204 5308 qualis
1222 5233 1395 5289 homo
1419 5234 1728 5290 mendaces
1741 5236 1884 5289 divi-

241 5345 455 5385 norum
490 5329 791 5384 Librorum
822 5325 1133 5397 scriptores
1164 5339 1226 5378 se
1251 5324 1440 5379 odisse
1462 5322 1757 5393 gloriatur,
1783 5324 1882 5395 qui

242 5420 421 5475 etiam
435 5419 507 5475 de
520 5416 848 5490 evangelico
860 5419 1035 5470 tantae
1049 5412 1411 5469 auctoritatis
1432 5411 1688 5467 culmine
1700 5414 1884 5468 omni-

243 5510 358 5567 bus
379 5513 518 5565 noto
534 5509 575 5578 ί,
596 5505 830 5565 mentiri
858 5504 942 5561 sic
963 5504 1159 5569 audet,
1187 5506 1253 5558 ut
1283 5517 1399 5557 non
1423 5501 1778 5570 Mattbssum,
1813 5519 1885 5559 ne

311 5732 329 5766 ι
348 5728 467 5781 Am.
480 5726 568 5778 Er.
581 5722 825 5789 stptures
835 5717 1056 5781 Mu.,de
1065 5717 1347 5783 Evangelia
1356 5721 1495 5775 noto.
1514 5719 1577 5770 Et
1596 5730 1661 5770 ex
1678 5718 1886 5773 iisdem.

1367 389 1600 449 LIBER
1646 388 2073 451 VIGESIMUS
2120 391 2483 455 TERTIUS.

3509 396 3629 455 470

1991 522 2292 594 apostolici
2313 525 2565 581 nominis
2580 528 2830 597 pondere
2851 525 3291 598 comprimatur,
3311 528 3411 582 sed
3433 526 3625 583 nescio

1990 628 2162 682 quem
2190 612 2369 668 alium
2394 615 2502 669 sub
2524 616 2774 673 Matthssi
2798 616 3031 672 nomine
3050 614 3183 671 velit
3204 614 3396 687 putari
3441 616 3623 688 scrip-

1988 700 2136 756 sisse
2161 702 2231 756 de
2261 702 2511 771 Christo,
2538 705 2658 775 qud
2688 721 2802 759 non
2825 704 2947 759 vult
2973 706 3221 773 credere,
3247 710 3302 758 et
3348 704 3501 775 quod
3530 720 3622 759 ca-

1985 787 2279 846 lumniosa
2308 793 2563 848 versutia
2590 792 2841 849 refutare
2885 799 3145 849 conatur.

2055 878 2286 935 CAPUT
2308 881 2493 937 Vll.—
2516 881 2609 937 Sic
2640 898 2775 954 ergo
2803 882 2872 937 de
2904 881 3043 937 caelo
3076 883 3294 938 dictum
3327 886 3416 938 est
3444 899 3623 955 super

1982 982 2194 1038 aquam
2221 970 2515 1037 Iordanis,
2537 974 2645 1026 Hic
2674 976 2753 1026 est
2782 972 2963 1028 Filius
2984 987 3137 1026 meus
3166 972 3414 1037 dilectus,
3435 973 3496 1027 in
3515 988 3620 1044 quo

1982 1057 2121 1111 mihi
2170 1060 2512 1129 complacui;
2555 1062 3052 1132 quemadmodum
3102 1061 3322 1115 dictum
3354 1064 3444 1116 est
3472 1066 3530 1117 et
3558 1061 3615 1115 in

1979 1152 2176 1201 monte
2198 1147 2415 1219 (Matth.
2449 1166 2584 1218 xvn,
2620 1151 2699 1217 5).
2743 1150 2941 1221 Neque
2970 1150 3125 1204 enim
3159 1150 3297 1220 quia
3337 1154 3393 1204 et
3434 1149 3513 1204 ibi
3547 1150 3617 1206 de

1976 1233 2117 1290 ccelo
2139 1253 2244 1291 vox
2264 1236 2391 1308 ipsa
2412 1239 2628 1309 sonuit,
2654 1238 2834 1294 Filius
2856 1237 2950 1293 Dei
2974 1242 3106 1293 ante
3128 1255 3243 1294 non
3261 1238 3410 1293 fuit:
3436 1254 3617 1309 quan-

1974 1322 2287 1395 doquidem
2310 1342 2377 1381 cx
2401 1331 2565 1382 utero
2583 1327 2823 1399 virginis
2844 1326 2940 1382 ille
2956 1326 3177 1399 accepit
3194 1330 3431 1398 [ormam
3451 1328 3612 1393 servi,

1973 1414 2074 1483 qui
2090 1430 2214 1469 cum
2231 1416 2291 1469 in
2310 1418 2490 1485 [arma
2511 1418 2607 1471 Dei
2628 1426 2783 1483 esset,
2806 1432 2913 1473 non
2935 1417 3192 1488 rapinam
3212 1417 3515 1471 arbitratus
3537 1424 3615 1473 est

1971 1517 2082 1557 esse
2110 1504 2343 1573 aquaelis
2364 1506 2467 1561 Deo
2486 1506 2757 1578 (Philipp.
2784 1522 2845 1573 11,
2867 1507 2922 1572 7,
2945 1507 3022 1573 6).
3044 1506 3300 1577 Denique
3322 1505 3615 1577 idemipse

1969 1590 2265 1660 apostolus
2285 1593 2500 1648 Paulus
2523 1593 2634 1648 alio
2658 1594 2781 1649 loco
2804 1594 3175 1665 apertissime
3196 1593 3497 1659 dicit,Cum
3518 1611 3615 1649 au-

1967 1687 2077 1734 tem
2105 1682 2250 1735 venit
2262 1682 2543 1751 plenitudo
2567 1685 2846 1753 temporis,
2872 1684 3021 1738 misit
3043 1684 3180 1738 Deus
3200 1683 3404 1738 Filium
3424 1700 3607 1751 suum,

1965 1768 2172 1837 factum
2198 1785 2268 1825 ea:
2282 1771 2528 1840 muliere,
2535 1771 2747 1843 factum
2768 1771 2865 1826 sub
2882 1773 3018 1842 Lege
3040 1770 3243 1842 (Galat.
3269 1788 3343 1842 v1,
3365 1773 3416 1839 4)
3436 1788 3449 1826 :
3470 1789 3601 1827 mu-

1967 1854 2165 1912 lierem
2190 1858 2412 1914 scilicet
2452 1876 2611 1915 more
2658 1859 2968 1915 locutionis
3002 1860 3282 1917 hebraicaa
3323 1860 3602 1917 feminam

1966 1945 2288 2017 appellans.
2316 1952 2445 2019 Ipse
2475 1964 2610 2020 ergo
2633 1953 2721 2004 est
2740 1948 2919 2004 Filius
2954 1948 3076 2015 Dei,
3109 1949 3207 2021 qui
3240 1954 3295 2004 et
3324 1949 3605 2005 Dominus

1966 2033 2143 2089 David
2170 2037 2497 2091 secundum
2527 2037 2906 2105 divinitatem;
2929 2038 3155 2093 etidem
3177 2038 3304 2109 ipse
3325 2036 3479 2093 ﬁlius
3495 2038 3605 2094 Da-

1964 2122 2155 2191 vid,ex
2172 2125 2392 2180 semine
2416 2125 2591 2180 David
2614 2127 2940 2182 secundum
2959 2143 3214 2183 carnem.
3240 2127 3400 2191 Quod
3425 2127 3474 2182 si
3498 2143 3605 2183 no-

1965 2211 2056 2267 bis
2084 2214 2318 2269 credere
2340 2231 2453 2269 non
2470 2214 2789 2286 prodesset.
2813 2232 2926 2270 non
2952 2216 3060 2271 hoc
3082 2220 3199 2271 tam
3224 2220 3439 2271 attente
3455 2216 3608 2271 idem

1965 2301 2265 2372 apostolus
2314 2302 2618 2359 Timotheo
2668 2305 3124 2374 commendaret,
3158 2305 3378 2374 dicens,
3404 2306 3611 2361 Memor

1965 2394 2075 2446 esto
2098 2391 2371 2447 Christum
2388 2394 2571 2448 Iesum
2591 2394 2924 2449 resurexisse
2944 2410 2977 2448 a
2999 2396 3250 2464 mortuis,
3292 2410 3366 2450 ea:
3407 2395 3613 2451 semine

1965 2479 2159 2546 David,
2201 2481 2500 2537 secundum
2547 2482 2905 2553 Evangelium
2940 2498 3125 2537 meum
3165 2482 3239 2553 (II
3288 2483 3417 2538 Tim.
3445 2482 3609 2555 11,8).

1968 2568 2177 2624 Contra
2192 2570 2343 2641 quod
2369 2569 2741 2642 Evangeliam
2763 2570 3033 2643 quisquis
3047 2570 3206 2626 aliud
3226 2572 3610 2627 annuntiave-

1968 2656 2062 2727 rit,
2096 2662 2161 2713 ut
2189 2658 2500 2714 anathema
2531 2660 2627 2729 sit,
2660 2676 2873 2732 magna
2903 2676 3045 2716 cura
3074 2659 3275 2716 ﬁdeles
3307 2660 3614 2717 admonuit

1969 2746 2168 2820 (Galat.
2204 2764 2243 2816 1,
2273 2748 2329 2813 8,
2359 2748 2437 2820 9).

2041 2835 2275 2892 CAPUT
2296 2836 2444 2893 VlIl.
2463 2867 2529 2879 —
2543 2837 2690 2903 Quid
2714 2853 2849 2910 ergo
2856 2838 2980 2909 jam
2996 2841 3223 2894 moveat
3238 2837 3423 2894 sancti
3437 2838 3615 2895 Evan-

1972 2921 2084 2996 geli
2107 2927 2600 2999 sectatorem,qud
2624 2925 2751 2982 sine
2773 2925 3085 2982 concubitu
3104 2926 3317 3000 Ioseph
3340 2926 3610 2984 Christus

1973 3018 2149 3068 natus
2200 3029 2269 3069 ex
2315 3013 2561 3087 virgine,
2595 3014 2750 3070 ﬁlius
2798 3018 2993 3071 tamen
3036 3015 3216 3071 David
3264 3014 3612 3087 appellatur,

1972 3117 2104 3158 cum
2135 3102 2597 3174 generatiomum
2636 3103 2844 3159 seriem
2869 3120 2982 3159 non
3016 3119 3203 3175 usque
3246 3105 3315 3159 ad
3345 3104 3613 3172 Mariam,

1973 3192 2074 3246 sed
2103 3207 2289 3263 usque
2316 3192 2387 3247 ad
2418 3191 2634 3264 Joseph
2665 3192 2969 3247 Matthtsus
3008 3191 3364 3264 evangelista
3401 3194 3615 3265 perdu-

1973 3283 2065 3334 cat
2082 3279 2110 3335 ?
2130 3280 2346 3347 Primo,
2370 3281 2510 3352 quia
2531 3281 2725 3337 mariti
2756 3281 2883 3351 ejus
2906 3281 3110 3349 fuerat,
3135 3286 3369 3354 pmpter
3387 3281 3614 3338 virilem

1974 3383 2200 3436 sexum,
2226 3370 2420 3441 potius
2444 3369 2784 3426 honoranda
2802 3385 3077 3441 persona:
3094 3386 3280 3442 neque
3300 3370 3454 3426 enim
3478 3372 3617 3442 quia

1975 3457 2285 3513 concubitu
2312 3476 2428 3513 non
2451 3458 2900 3530 pemixtus,ideo
2917 3475 3029 3514 non
3054 3458 3465 3527 maritus,cum
3490 3460 3615 3531 ipse

1975 3545 2286 3602 Matthisus
2309 3552 2506 3602 narret
2529 3549 2598 3602 ab
2622 3547 2825 3619 angelo
2849 3547 3090 3602 Mariam
3106 3547 3615 3619 conjugemipsius

1975 3635 2348 3707 appellatam,
2385 3637 2482 3707 qui
2508 3640 2705 3691 narrat
2735 3637 2886 3707 quod
2922 3652 3035 3691 non
3067 3636 3255 3707 ipsius
3276 3638 3611 3707 concubitu,

1975 3726 2075 3780 sed
2112 3726 2183 3780 de
2223 3725 2417 3797 Spiriu
2442 3729 2646 3780 sancto
2677 3725 3206 3796 oonceperat.Quod
3240 3724 3289 3780 si
3320 3742 3435 3780 non
3466 3728 3613 3780 Mat-

1974 3812 2161 3869 thaeus
2194 3814 2493 3886 apostolus
2522 3813 2635 3869 ista
2657 3830 2809 3883 vera,
2834 3814 2935 3870 sed
2959 3812 3175 3885 aliquis
3192 3812 3342 3870 alius
3362 3816 3472 3869 sub
3486 3816 3614 3885 ejus

1974 3903 2230 3971 nomine,
2255 3902 2407 3958 sicut
2433 3902 2726 3957 Manicbasi
2752 3906 2980 3974 putant,
3019 3918 3086 3957 ea
3108 3901 3252 3957 falsa
3282 3903 3615 3959 conscribe-

1974 3996 2080 4060 ret;
2118 3992 2274 4047 itane
2302 3992 2414 4047 sibi
2446 3992 2622 4047 etiam
2665 3992 2789 4064 ipse
2820 3990 2879 4045 in
2912 3991 3085 4046 rebus
3127 3991 3518 4062 apertissimis
3557 3996 3615 4047 et

1973 4084 2095 4135 tam
2137 4081 2206 4135 de
2244 4081 2506 4152 proximo
2536 4079 2817 4136 contextis
2848 4081 3140 4135 contraria
3170 4080 3519 4151 loqueretur,
3550 4084 3617 4137 ut

1975 4185 2147 4241 quem
2180 4170 2394 4226 diceret
2416 4169 2592 4225 David
2615 4168 2831 4224 Filium
2857 4168 2926 4223 de
2947 4168 3127 4223 Maria
3143 4167 3361 4239 virgine
3382 4168 3507 4225 sine
3521 4186 3619 4225 cu-

1968 4258 2251 4330 jusquam
2294 4257 2400 4313 viri
2442 4256 2753 4313 concubitu
2786 4260 3012 4322 natum,
3044 4257 3308 4327 ejusdem
3350 4262 3616 4328 parentes

1976 4345 2262 4419 gradatim
2289 4362 2662 4413 enumerans,
2698 4362 2885 4417 usque
2903 4345 2973 4400 ad
3006 4361 3140 4399 eum
3162 4344 3288 4400 sine
3314 4344 3509 4417 aliqua
3532 4364 3619 4402 ra-

1975 4437 2131 4492 tione
2153 4436 2515 4507 perduceret,
2539 4450 2712 4506 quem
2745 4451 2859 4490 non
2883 4432 3262 4489 commixtum
3279 4434 3471 4490 Mariae
3492 4435 3618 4508 ipse

1977 4524 2268 4579 dixisset?
2297 4523 2357 4578 Si
2388 4523 2541 4578 enim
2576 4522 2727 4578 alius
2755 4529 3122 4577 enumeraret
3142 4527 3619 4593 progeneratores

1976 4612 2186 4668 Christi
2206 4629 2241 4667 a
2260 4612 2438 4668 David
2464 4628 2647 4683 usque
2669 4612 2740 4666 ad
2763 4610 3001 4682 Joseph,
3025 4610 3258 4665 discens
3274 4626 3407 4666 eum
3430 4610 3618 4667 ﬁlium

1978 4701 2242 4771 David,et
2262 4700 2411 4757 alius
2432 4716 2565 4756 eum
2580 4700 2707 4756 sine
2726 4698 2902 4755 ullius
2914 4699 3021 4755 viri
3032 4699 3341 4754 concubitu
3355 4716 3423 4755 ex
3440 4700 3621 4757 Maria

1978 4790 2200 4863 virgine
2223 4795 2425 4846 natum
2449 4790 2685 4856 diceret,
2712 4804 2816 4844 nec
2837 4805 2972 4844 eum
2998 4787 3184 4843 ﬁlium
3219 4788 3398 4843 David
3420 4788 3619 4863 appel-

1978 4879 2159 4948 laret;
2195 4896 2298 4934 nec
2316 4879 2400 4935 sic
2422 4878 2696 4935 continuo
2729 4882 2933 4950 putare
2955 4877 3321 4943 deberemus,
3367 4893 3466 4932 eos
3507 4877 3619 4933 sibi

1980 4968 2101 5024 haec
2130 4968 2420 5025 contraria
2440 4967 2665 5023 locutos
2700 4966 2902 5033 fuisse,
2938 4969 3002 5019 ut
3036 4964 3124 5021 vel
3155 4964 3327 5019 ambo
3354 4964 3441 5021 vel
3465 4983 3620 5023 unus

1981 5074 2179 5114 eorum
2204 5056 2476 5113 falsitatis
2502 5055 2959 5111 convinceretur.
2981 5052 3245 5126 Cogitare
3270 5053 3427 5109 enim
3450 5054 3623 5111 debe-

1982 5163 2181 5202 remus
2205 5146 2325 5202 fieri
2358 5144 2616 5217 potuisse
2635 5148 2699 5199 ut
2715 5143 2887 5199 ambo
2909 5158 3042 5197 vera
3061 5142 3337 5209 dicerent,
3366 5146 3430 5197 ut
3445 5147 3502 5198 et
3528 5148 3625 5199 Jo-

1980 5236 2126 5308 seph
2142 5235 2390 5291 maritus
2400 5234 2592 5291 Marias
2607 5230 3149 5301 diceretur,habeus
3171 5246 3300 5286 eam
3312 5232 3622 5304 conjugem

1984 5323 2367 5391 continenter,
2405 5338 2521 5379 non
2543 5320 2874 5391 concubitu,
2910 5320 3012 5374 sed
3035 5319 3275 5387 affectu;
3309 5336 3423 5375 non
3457 5336 3622 5377 com-

1985 5412 2264 5469 mixtione
2284 5427 2615 5484 corporum,
2638 5409 2737 5465 sed
2761 5406 3149 5480 copulatione,
3174 5409 3328 5480 quod
3363 5414 3451 5467 est
3479 5409 3623 5465 cha-

1987 5503 2131 5574 rius,
2150 5501 2481 5558 animorum
2502 5517 2515 5557 :
2535 5499 2732 5555 etideo
2756 5514 2871 5553 non
2886 5495 3159 5553 debuisse
3172 5498 3360 5554 virum
3380 5498 3623 5571 virginis

1986 5656 2112 5706 Mss.
2152 5653 2395 5713 nonnuli,
2434 5652 2495 5701 de
2526 5647 2825 5713 Evangelio,
2855 5649 2998 5699 tanto
3042 5650 3367 5702 auctoritatis
3402 5648 3622 5701 culmine

1986 5716 2220 5770 omnibus
2236 5718 2374 5768 noto.
