4462 6508
635 414 749 473 4⁸71

639 544 844 602 matris
875 543 1085 599 Christi
1107 543 1360 614 separari
1381 559 1416 597 a
1446 541 1592 597 serie
1625 545 1932 612 parentum
1957 538 2204 603 Christi;
2229 541 2286 590 et

639 634 831 706 ipsam
864 633 1101 688 Mariam
1127 631 1384 704 aliquam
1409 633 1479 687 de
1510 631 1693 702 stirpe
1723 629 1901 684 David
1925 645 2128 684 venam
2152 643 2284 681 san-

641 723 837 796 guinis
859 723 1089 788 ducere,
1123 725 1188 776 ut
1203 738 1335 776 caro
1357 720 1572 777 Christi
1594 720 1770 774 etiam
1807 734 1875 773 ex
1909 717 2132 789 virgine
2157 731 2289 785 pro-

643 816 832 868 creata
856 811 981 865 sine
1004 810 1180 864 David
1215 810 1438 865 semine
1461 825 1590 864 esse
1613 824 1730 862 non
1757 814 1973 877 posset.
1995 810 2135 859 Cum
2160 819 2290 859 vero

645 916 800 955 unus
823 900 1095 970 idemque
1113 903 1379 952 narrator
1404 903 1719 967 utrumque
1765 895 1940 961 dicat,
1975 899 2292 962 utrumque

645 988 1036 1049 commendet,
1060 991 1114 1040 et
1138 986 1326 1040 virum
1356 985 1550 1040 Mariae
1570 984 1785 1054 Joseph
1812 989 1869 1037 et
1887 982 2099 1038 Christi
2128 980 2296 1050 virgi-

1393 409 1709 471 CONTRA
1753 403 2126 469 FAUSTUM
2171 403 2692 474 MANICll/EUM,
2739 403 2803 464 S.
2848 402 3274 466 AUGUSTINI
3933 402 4055 462 ιη

2395 535 2659 606 nupisset
2691 536 2747 589 in
2771 535 2923 591 tribu
2955 536 3105 602 Levi,
3133 552 3246 590 non
3270 536 3522 592 absurde
3546 535 3840 592 diceretur
3861 533 4046 590 etiam

2398 624 2554 678 ﬁlius
2589 624 3072 696 David,quisquis
3101 624 3290 681 deilla
3309 630 3367 680 et
3396 625 3455 680 in
3499 626 3658 680 tribu
3708 625 3843 680 Levi
3876 631 4055 680 natus

2400 712 2646 768 fuisset:
2672 712 2754 767 ita
2786 713 2833 768 si
2866 719 3051 769 mater
3080 713 3238 769 illius
3268 713 3559 778 Joachim,
3603 730 3778 784 quem
3823 718 4054 785 patrem

2400 802 2588 856 Mariae
2608 803 2856 858 Faustus
2879 804 3396 867 commemorat,de
3420 804 3575 857 tribu
3596 803 3750 858 Juda
3765 806 3822 857 et
3841 817 4061 875 genere

2403 891 2580 946 David
2603 893 2801 962 nupsit
2825 893 2879 946 in
2899 891 3048 946 tribu
3075 891 3222 961 Levi,
3241 908 3354 946 non
3374 892 3665 947 immerito
3689 891 4061 956 etJoachim,

2405 985 2463 1035 et
2489 980 2694 1049 Maria,
2721 987 2776 1034 et
2807 981 2960 1035 ﬁlius
2993 981 3184 1035 Mariae
3225 980 3398 1036 etiam
3427 981 3509 1036 sic
3544 997 3612 1035 ex
3631 980 3808 1034 David
3831 979 4065 1035 semine

649 1092 781 1131 nem
809 1080 1139 1144 matrem,et
1161 1075 1454 1129 Christum
1477 1091 1544 1128 ex
1558 1076 1779 1129 semine
1803 1072 1980 1127 David
2005 1075 2060 1125 et
2079 1069 2294 1141 Joseph

649 1165 710 1220 in
744 1164 891 1220 serie
915 1172 1421 1236 progeneratorum
1447 1162 1655 1218 Christi
1682 1179 1747 1217 ex
1777 1161 1952 1216 David
1976 1177 1988 1214 :
2015 1159 2152 1230 quid
2178 1175 2297 1214 res-

652 1259 738 1310 tat
769 1257 830 1308 ut
859 1253 1076 1318 credat,
1102 1252 1201 1324 qui
1233 1251 1377 1306 vult1
1412 1251 1605 1306 divino
1637 1249 1968 1321 Evangelio,
1995 1265 2171 1320 quam
2189 1248 2300 1302 hae-

656 1343 968 1398 reticorum
1002 1340 1216 1396 fabulis
1239 1341 1490 1404 credere,
1516 1340 1700 1394 nisiet
1716 1338 1958 1394 Mariam
1983 1354 2095 1391 non
2121 1337 2304 1392 fuisse

657 1436 992 1488 extraneam
1025 1448 1057 1485 a
1078 1430 1420 1501 cognatione
1443 1428 1642 1494 David,
1665 1433 1720 1482 et
1758 1444 1886 1483 eam
1912 1426 2134 1497 Joseph
2160 1442 2302 1481 con-

653 1522 859 1593 jugem
892 1536 1004 1574 non
1036 1520 1252 1574 frustra
1282 1517 1903 1590 appellatam,propter
1923 1515 2188 1570 ordinem
2215 1530 2306 1568 se-

660 1627 770 1665 xus
802 1613 858 1664 et
879 1608 1207 1662 animorum
1232 1605 1801 1671 confmderationem,
1823 1604 2092 1676 quamvis
2114 1603 2164 1657 ei
2193 1619 2307 1657 non

664 1697 838 1753 fuerit
867 1712 1038 1752 carne
1070 1696 1458 1763 commixtus;
1484 1700 1541 1750 et
1571 1693 1787 1764 Joseph
1831 1693 2024 1764 potius
2077 1696 2311 1763 propter

666 1785 1010 1858 dignitatem
1040 1784 1267 1840 virilem
1293 1785 1363 1839 ab
1388 1784 1589 1838 ordine
1607 1781 2047 1854 generationum
2077 1780 2309 1835 illarum

669 1892 782 1931 non
817 1874 997 1929 fuisse
1027 1873 1442 1946 separandum,
1477 1889 1547 1926 ne
1600 1872 1708 1926 hoc
1751 1871 1878 1942 ipso
1910 1869 2205 1925 videretur
2245 1869 2317 1923 ab

668 1963 772 2019 illa
802 1963 1019 2019 femina
1050 1967 1379 2034 separatus,
1401 1962 1493 2015 cui
1522 1977 1656 2016 eum
1680 1960 2072 2031 conjungebat
2105 1958 2319 2013 mentis

679 2053 952 2118 affectus;
987 2056 1043 2106 et
1087 2068 1158 2107 ne
1206 2051 1476 2106 homines
1522 2049 1722 2105 ﬁdeles
1772 2048 2010 2118 Christi,
2065 2048 2121 2102 id
2164 2047 2318 2119 quod

680 2141 794 2197 sibi
825 2141 1101 2213 conjuges
1141 2156 1313 2195 carne
1367 2140 1702 2206 miscentur,
1755 2142 1878 2193 tam
1929 2153 2210 2208 magnum
2260 2135 2320 2190 in

679 2229 951 2302 conjugio
982 2229 1344 2300 deputarent,
1380 2233 1444 2283 ut
1472 2227 1595 2283 sine
1619 2227 1725 2283 hoc
1748 2228 2025 2298 coniuges
2047 2242 2174 2281 esse
2205 2241 2320 2280 non

678 2319 1013 2375 crederent:
1035 2319 1131 2373 sed
1151 2319 1346 2390 potius
1368 2318 1624 2373 dicerent
1649 2316 1844 2371 ﬁdelia
1865 2315 2161 2386 conjugia,
2196 2331 2324 2368 mu-

677 2404 758 2460 lto
789 2403 1116 2459 familiarus
1145 2420 1208 2458 se
1231 2404 1524 2460 adhaerere
1549 2403 1828 2458 membris
1842 2402 2074 2471 Christi,
2104 2404 2323 2473 quanto

677 2493 1006 2566 potuissent
1035 2493 1250 2547 imitari
1282 2497 1552 2564 parentes
1585 2491 1799 2547 Christi
1826 2491 1853 2544 τί

747 2581 979 2637 CAPUT
1021 2581 1110 2636 lV.
1130 2612 1198 2621 -—
1219 2581 1335 2636 Nos
1364 2599 1499 2653 ergo
1541 2580 1833 2636 credimus
1863 2580 2045 2635 etiam
2079 2579 2321 2634 Mariam

683 2670 865 2726 fuisse
884 2671 940 2724 in
962 2670 1305 2742 cognatione
1329 2670 1528 2736 David,
1554 2670 1690 2741 quia
1711 2668 2026 2740 Scripturis
2044 2667 2127 2723 eis
2145 2667 2324 2722 credi-

680 2776 830 2824 mus,
867 2775 989 2830 que:
1026 2764 1341 2830 utrumque
1380 2758 1600 2826 dicunt,
1625 2764 1682 2813 et
1705 2758 1998 2812 Christum
2015 2775 2080 2812 ex
2104 2755 2326 2811 semine

679 2848 858 2906 David
896 2849 1220 2903 secundum
1253 2864 1483 2903 carnem
1513 2849 1684 2919 (Rom.
1712 2865 1753 2912 ι,
1773 2847 1830 2914 3,
1852 2854 1902 2901 et
1925 2847 1973 2900 ΙΙ
1998 2849 2131 2900 Tim.
2163 2863 2226 2911 ιι,
2248 2846 2325 2915 8),

682 2942 740 2994 et
753 2939 878 3007 ejus
896 2943 1140 2992 matrem
1169 2937 1430 3004 Mariam,
1447 2955 1560 2990 non
1576 2953 1706 2991 cum
1724 2937 1845 2991 viro
1861 2936 2323 3000 concumbendo,

683 3026 784 3081 sed
817 3026 1093 3095 virginem
1125 3026 1699 3096 (Matth.i,l8,etLuc.
1720 3045 1754 3091 ι,
1779 3024 2190 3096 27).Quisquis
2211 3023 2328 3077 ita-

689 3130 803 3185 que
827 3114 967 3169 dicit
1006 3114 1247 3168 Mariam
1274 3115 1343 3168 ad
1385 3114 1952 3186 consanguinitatem
1998 3113 2172 3168 David
2215 3128 2327 3166 non

687 3202 1446 3276 pertinuisse,manifestum
1466 3203 1719 3274 estquod
1737 3204 1983 3257 istarum
2007 3201 2330 3272 Scriptura-

685 3306 817 3346 rum
850 3299 965 3345 tam
989 3290 1290 3346 excellenti
1308 3291 1637 3346 auctoritati
1660 3291 1988 3346 obluctetur
2017 3309 2029 3347 :
2057 3291 2180 3362 ipse
2194 3306 2328 3362 ergo

687 3379 990 3435 convincat
1012 3396 1126 3435 non
1159 3396 1284 3435 eam
1339 3380 1686 3452 pertinuisse
1725 3381 1795 3435 ad
1830 3397 2025 3436 semen
2052 3379 2251 3448 David,
2275 3384 2331 3435 et

685 3467 795 3525 hoc
816 3470 1104 3534 ostendat,
1132 3486 1244 3524 non
1265 3485 1332 3524 ex
1355 3469 1821 3542 quibuscumque
1839 3469 2071 3539 litteris,
2099 3469 2201 3525 sed
2233 3485 2328 3524 ec-

685 3555 1052 3622 clesiasticis,
1075 3558 1391 3626 canonicis,
1418 3558 1740 3614 catholicis.
1767 3558 1906 3614 Alias
1931 3559 2145 3630 quippe
2175 3558 2331 3629 apud

686 3663 791 3702 nos
807 3663 922 3702 non
940 3647 1157 3702 habent
1177 3647 1247 3702 ad
1264 3646 1369 3702 has
1382 3664 1472 3702 res
1489 3646 1672 3702 ullum
1689 3649 1919 3719 pondus
1937 3646 2328 3703 auctoritatis:

691 3735 825 3807 ipsa:
858 3741 996 3792 sunt
1024 3737 1179 3791 enim
1215 3753 1362 3808 quas
1388 3737 1590 3808 recipit
1619 3742 1675 3791 et
1704 3742 1863 3792 tenet
1911 3737 2164 3792 Ecclesia
2212 3740 2331 3790 toto

688 3825 825 3880 orbe
851 3825 1218 3897 diffusaque:
1254 3842 1352 3897 per
1380 3824 1511 3880 illas
1541 3829 1630 3880 est
1651 3825 1825 3879 etiam
1859 3825 2205 3896 prophetata
2231 3849 2244 3891 ;
2277 3828 2331 3878 et

690 3914 1182 3985 quemadmodum
1207 3915 1510 3984 promissa,
1536 3913 1619 3969 sic
1643 3914 1884 3969 reddita.
1909 3919 1991 3968 Ac
2013 3929 2115 3984 per
2135 3912 2243 3967 hoc
2263 3911 2331 3966 i1-

686 4001 788 4058 lud
807 4003 959 4074 quod
977 4003 1046 4056 de
1064 4003 1433 4074 generatione
1451 4003 1640 4057 Mariis
1662 4003 1908 4056 Faustus
1926 4000 2142 4072 posuit,
2177 4001 2331 4071 quod

688 4096 910 4165 patrem
934 4091 1203 4146 habuerit
1223 4109 1291 4146 ex
1313 4090 1464 4146 tribu
1495 4091 1616 4146 Levi
1638 4091 1994 4146 sacerdotem
2018 4090 2332 4161 quemdam

687 4181 923 4237 nomine
952 4180 1237 4245 Joachim,
1262 4181 1400 4252 quia
1436 4181 1781 4235 canonicum
1821 4196 1934 4234 non
1961 4184 2071 4248 est,
2104 4195 2217 4233 non
2243 4195 2335 4234 me

686 4270 1037 4341 constringit
1062 4286 1074 4324 :
1102 4270 1202 4324 sed
1221 4269 1449 4324 etiamsi
1475 4269 1583 4324 hoc
1597 4268 2115 4339 crederem,ipsum
2143 4267 2335 4339 potius

686 4359 950 4415 Joachim
973 4358 1226 4413 dicerem
1260 4359 1458 4429 aliquo
1494 4359 1664 4414 modo
1683 4358 1753 4413 ad
1780 4358 1952 4412 David
1985 4358 2333 4428 sanguinem

688 4447 1134 4519 pertinuisse,et
1155 4447 1350 4518 aliquo
1380 4449 1550 4502 modo
1582 4464 1650 4501 ex
1678 4447 1834 4500 tribu
1857 4446 2011 4501 Juda
2033 4446 2090 4500 in
2114 4446 2334 4500 tribum

692 4536 824 4591 Levi
857 4535 1037 4591 fuisse
1062 4538 1427 4606 adoptatum,
1458 4536 1545 4591 vel
1578 4536 1770 4606 ipsum
1801 4535 1889 4590 vel
1912 4537 2041 4605 ejus
2078 4535 2335 4605 aliquem

691 4629 1222 4696 progeneratorem,
1248 4624 1332 4678 vel
1357 4629 1508 4680 certe
1525 4623 1582 4678 in
1606 4624 1761 4679 tribu
1787 4624 1910 4679 Levi
1934 4624 2014 4679 ita
2040 4629 2128 4677 nat
2147 4627 2337 4690 um,ut

693 4714 764 4769 de
782 4711 962 4784 stirpe
988 4713 1162 4766 David
1187 4713 1754 4786 consanguinitatem
1779 4712 2037 4784 aliquam
2062 4713 2331 4767 duceret:

693 4801 849 4857 sicut
879 4800 997 4857 ﬁeri
1024 4800 1281 4872 potuisse
1304 4802 1455 4856 idem
1476 4803 1721 4857 Faustus
1741 4802 2044 4869 fatetur,ut
2070 4801 2251 4856 Maria
2265 4803 2334 4856 de

693 4891 847 4947 tribu
873 4891 1003 4946 Levi
1026 4896 1199 4956 esset,
1227 4907 1400 4962 quam
1434 4895 1632 4946 tamen
1657 4896 1887 4946 constat
1919 4891 2192 4946 traditam
2215 4891 2335 4946 viro

693 4981 793 5051 qui
816 4980 992 5035 fuerit
1022 4981 1092 5035 de
1136 4980 1315 5051 stirpe
1336 4980 1540 5043 David,
1573 4980 1631 5034 id
1664 4985 1753 5036 est
1777 4981 1847 5035 de
1881 4980 2033 5036 tribu
2062 4981 2241 5048 Juda;
2277 4985 2336 5035 et

690 5070 772 5124 ita
804 5069 947 5123 dicit
979 5070 1236 5140 potuisse
1267 5068 1471 5139 accipi,
1511 5068 1808 5124 Christum
1841 5069 2025 5124 ﬁlium
2050 5069 2251 5141 David,
2286 5069 2334 5124 si

691 5157 870 5214 Maria
901 5157 1020 5212 ﬁlia
1055 5157 1268 5228 Joseph
1312 5158 1573 5225 fuisset',
1618 5157 1862 5214 Proinde
1893 5159 1942 5214 si
1968 5157 2088 5214 ﬁlia
2116 5159 2332 5230 Joseph

751 5365 767 5398 ί
804 5364 947 5429 ιρι,
967 5360 1439 5429 quimavult.Editi
1463 5365 1639 5429 autem
1657 5362 1746 5411 alii
1770 5367 1822 5413 et
1835 5363 1978 5429 Mss,
1997 5365 2087 5429 qui
2114 5364 2224 5414 vult
2254 5365 2334 5414 di-

687 5425 815 5491 vi1_20_
835 5425 1128 5491 Evangelia,
1152 5439 1325 5491 quam,
1357 5429 1453 5491 etc.
1474 5426 1556 5491 Sic
1575 5440 1704 5491 vero
1727 5428 1920 5490 passim
1939 5425 2289 5491 Augustinus.

750 5489 771 5522 ³
801 5486 962 5543 Istud,
985 5487 1028 5535 si
1049 5486 1341 5551 Maria/ilia
1355 5487 1535 5551 Joseph
1551 5486 1752 5550 fuisset,
1775 5491 1925 5539 abest
1945 5492 2010 5540 ab
2025 5486 2190 5540 aditis
2212 5492 2332 5541 Am.

689 5550 777 5598 Er.
805 5552 858 5597 et
885 5548 1156 5598 nonnullis
1184 5549 1306 5598 Mss.

2407 1068 2686 1123 veraciter
2709 1069 3105 1140 perhibentur.
3133 1069 3248 1124 Hoc
3270 1084 3405 1139 ergo
3433 1069 3650 1141 potius,
3693 1067 3780 1123 vel
3810 1068 3926 1124 tale
3947 1067 4066 1123 ali-

2410 1157 2550 1227 quid
2588 1157 2972 1223 crederem,si
3008 1157 3168 1213 illius
3203 1157 3544 1230 apocrypha
3593 1156 3919 1229 scriptura,
3953 1157 4063 1211 ubi

2409 1245 2674 1300 Joachim
2709 1252 2871 1317 pater
2892 1246 3087 1302 Mariae
3117 1246 3348 1318 legitur,
3372 1246 3719 1301 auctoritate
3742 1245 4064 1311 detinerer,

2413 1351 2591 1405 quam
2626 1335 2855 1388 mentiri
2889 1334 3264 1407 Evangelium
3297 1335 3353 1389 in
3388 1352 3503 1406 quo
3536 1335 3824 1405 scriptum
3856 1338 3967 1402 est;
4007 1338 4071 1389 et

2412 1424 2610 1479 Jesum
2643 1423 2937 1479 Christum
2972 1423 3179 1480 Filium
3203 1425 3302 1481 Dei
3325 1423 3681 1480 Salvatorem
3705 1429 3975 1479 nostrum
3999 1440 4072 1479 ex

2417 1512 2636 1567 semine
2653 1513 2828 1567 David
2851 1514 3177 1567 secundum
3200 1518 3522 1578 carnem,et
3535 1529 3636 1584 per
3647 1512 3929 1586 virginem
3944 1512 4071 1567 Ma-

2417 1601 2564 1655 riam
2597 1607 2985 1673 procreatum.
3006 1602 3232 1656 Sufﬁcit
3251 1619 3386 1674 ergo
3420 1602 3591 1657 nobis
3615 1601 3771 1674 quod
3798 1600 4067 1672 Scriptu-

2419 1707 2494 1744 rae
2527 1707 2654 1761 quas
2688 1689 2792 1744 hoc
2825 1690 3048 1761 dicunt,
3084 1695 3140 1746 et
3179 1691 3396 1762 quibus
3427 1691 3746 1756 credimus,
3773 1690 3846 1745 ab
3867 1689 4076 1745 inimi-

2421 1779 2504 1834 cis
2531 1779 2654 1833 suis
2681 1779 2752 1834 de
2784 1779 2946 1834 nulla
2979 1785 3229 1851 possunt
3261 1779 3516 1834 falsitate
3553 1779 3842 1834 convinci.

2499 1867 2730 1923 CAPUT
2763 1873 2831 1924 X.
2860 1900 2924 1908 —
2950 1869 3072 1925 Non
3107 1868 3247 1923 mihi
3281 1885 3417 1940 ergo
3445 1868 3706 1924 vicissim
3737 1868 3894 1923 dicat
3917 1885 3932 1923 :
3952 1867 4077 1923 Etsi

2428 1974 2534 2029 ego
2559 1974 2668 2012 non
2693 1959 2936 2013 ostendo
2961 1957 3200 2013 Mariam
3233 1976 3348 2013 non
3385 1958 3564 2013 fuisse
3607 1958 3679 2012 de
3727 1957 4082 2028 cognatione

2430 2047 2701 2113 David,tu
2725 2049 2876 2118 quod
2898 2047 3032 2102 inde
3059 2047 3233 2101 fuerit
3253 2047 3642 2102 ostende.Hoc
3657 2046 3815 2102 enim
3830 2046 4082 2102 ostendo

2430 2135 2756 2191 clarissimo
2781 2137 2951 2207 plane
2970 2142 3144 2206 atque
3177 2136 3496 2191 fortissimo
3519 2137 3894 2198 documento,
3919 2135 4080 2206 quod

2432 2225 2736 2296 Scriptura
2753 2225 3299 2280 comﬁrmatissimaa
3323 2224 3688 2280 auctoritatis
3701 2229 3759 2279 et
3777 2222 4080 2280 Christum

2432 2313 2574 2369 dicit
2603 2330 2670 2368 ex
2692 2314 2914 2369 semine
2958 2314 3157 2379 David,
3195 2319 3252 2369 et
3290 2315 3417 2384 ejus
3465 2318 3712 2369 matrem
3746 2314 3873 2368 sine
3898 2313 4084 2368 ullius

2432 2402 2745 2458 concubitu
2784 2402 3065 2475 virginem
3090 2403 3350 2458 Mariam.
3375 2405 3559 2469 Quam
3590 2418 3725 2458 vero
3759 2402 3872 2457 sibi
3896 2402 4082 2457 Faus-

2432 2497 2529 2548 tus
2551 2493 2858 2562 cujusdam
2894 2493 3060 2564 quasi
3092 2493 3478 2564 turpitudinis
3501 2492 3660 2547 visus
3677 2495 3766 2547 est
3800 2508 4086 2547 verecun-

2435 2582 2719 2637 dissimus
2740 2583 3075 2648 detestator,
3108 2598 3241 2636 cum
3273 2581 3490 2636 diceret
3526 2598 3539 2636 :
3589 2584 3823 2636 Frustra
3862 2597 3954 2635 vos
3994 2597 4088 2635 ca-

2437 2672 2705 2725 lumniam
2735 2672 2987 2741 ingeritis
3010 2672 3550 2741 scriptori,tanquam
3581 2670 3676 2725 Dei
3696 2670 4006 2726 illeFilium
4029 2687 4090 2723 in

2436 2770 2588 2817 utero
2615 2761 2868 2814 mulieris
2898 2760 3226 2815 incluserit!
3246 2759 3368 2814 Non
3405 2758 3578 2831 plane
3611 2758 3897 2814 catholica
3915 2759 4085 2824 ﬁdes,

2437 2867 2566 2921 quas
2596 2850 2890 2904 Christum
2907 2849 3003 2904 Dei
3036 2849 3246 2904 Filium
3275 2854 3475 2903 natum
3501 2849 3828 2902 secundum
3847 2863 4082 2902 carnem

2438 2939 2620 2993 credit
2648 2955 2716 2992 ex
2746 2939 2986 3010 virgine,
3035 2937 3151 2993 ullo
3206 2938 3377 2992 modo
3427 2937 3699 2992 eumdem
3732 2936 3832 2991 Dei
3869 2935 4084 2991 Filium

2438 3029 2522 3084 sic
2553 3029 2611 3082 in
2647 3033 2807 3082 utero
2842 3027 3104 3082 mulieris
3136 3027 3401 3090 includit,
3426 3027 3597 3097 quasi
3642 3029 3803 3080 extra
3833 3042 3950 3080 non
3982 3025 4084 3092 sit,

2440 3118 2609 3189 quasi
2641 3116 2766 3172 οωιι
2809 3125 2864 3170 et
2897 3121 3061 3170 terrae
3110 3114 3678 3170 administrationem
3729 3112 4080 3180 deseruerit,

2439 3206 2605 3278 quasi
2639 3223 2672 3260 a
2704 3205 2869 3260 Patre
2891 3205 3226 3260 recesserit:
3261 3204 3371 3259 Sed
3404 3220 3524 3268 vos,
3559 3201 3884 3265 Manichei,
3908 3202 4088 3256 corde

2439 3294 2558 3365 illo,
2582 3311 2692 3365 quo
2726 3294 2868 3348 nihil
2904 3294 3147 3366 potestis
3179 3294 3288 3348 nisi
3332 3291 3655 3363 corporalia
3673 3291 4091 3363 phantasmata

2439 3383 2695 3455 cogitare
2744 3382 2857 3436 ista
2906 3383 3145 3437 omnino
3195 3399 3308 3436 non
3359 3380 3587 3452 capitis,
3641 3379 3932 3451 quomodo
3984 3377 4090 3434 Dei

2439 3472 2717 3541 Verbum,
2755 3471 2848 3526 Dei
2881 3471 3082 3526 Virtus
3112 3475 3286 3542 atque
3308 3469 3629 3541 Sapientia,
3664 3469 3720 3522 in
3745 3485 3806 3524 se
3837 3484 4088 3524 manens

2440 3567 2497 3619 et
2525 3562 2677 3634 apud
2732 3562 2983 3628 Patrem,
3015 3566 3072 3616 et
3105 3562 3441 3615 universam
3475 3563 3806 3614 creaturam
3853 3573 4088 3630 regens,

2442 3652 2745 3724 pertendat
2774 3668 2807 3705 a
2841 3651 2953 3704 ﬁne
2985 3667 3173 3721 usque
3203 3650 3272 3704 ad
3307 3650 3480 3704 ﬁnem
3515 3649 3760 3715 fortiter,
3793 3651 3849 3703 et
3879 3646 4089 3718 dispo-

2442 3745 2543 3795 nat
2573 3739 2769 3794 omnia
2799 3739 3054 3795 suaviter
3082 3739 3231 3810 (Sap.
3283 3755 3404 3804 νιιι,
3441 3739 3513 3805 1).
3549 3737 3610 3792 In
3633 3737 3807 3807 cujus
3837 3734 4092 3808 disposi-

2442 3829 2616 3884 tionis
2649 3827 2981 3883 admirabili
3010 3833 3067 3882 et
3090 3826 3389 3882 ineffabilli
3442 3825 3715 3882 facilitate
3748 3825 3859 3881 sibi
3909 3823 4088 3879 etiam

2445 3922 2691 3973 matrem
2725 3917 2784 3971 in
2817 3921 2972 3971 terra
3000 3916 3312 3989 disposuit,
3346 3921 3400 3971 et
3441 3920 3675 3988 propter
3705 3931 3902 3971 servos
3947 3930 4090 3969 suos

2443 4007 2514 4062 de
2544 4005 2935 4077 corruptionis
2965 4006 3242 4060 servitute
3292 4003 3623 4060 liberandos
3647 4004 3705 4058 in
3737 4020 3805 4059 ea
3837 4003 4087 4057 formam

2446 4095 2617 4159 servi,
2659 4095 2765 4149 hoc
2795 4099 2903 4163 est,
2934 4093 3175 4149 mortale
3215 4111 3426 4164 corpus
3481 4092 3722 4164 accepit,
3778 4097 4086 4163 acceptum

2448 4184 3335 4254 monstravit,monstratumque
3365 4187 3421 4237 et
3453 4186 3635 4236 morte
3650 4185 3978 4253 prostatum
4006 4196 4092 4235 re-

2449 4273 2807 4328 surrectione
2835 4288 3072 4326 sursum
3106 4273 3339 4340 erexit',
3373 4275 3431 4326 et
3467 4275 3747 4342 tanquam
3794 4269 4083 4340 templum

2446 4361 2702 4417 solutum
2735 4360 2945 4414 iterum
2968 4359 3288 4414 aediﬁcavit.
3322 4359 3437 4415 Vos
3467 4364 3662 4414 tamen
3693 4358 3795 4430 qui
3825 4358 3948 4412 haec
3970 4373 4092 4412 cre-

2445 4450 2579 4505 dere
2610 4449 2777 4520 quasi
2812 4447 3092 4519 sacrilega
3122 4447 3472 4514 formidatis,
3523 4464 3636 4502 non
3689 4447 3954 4502 membra
4001 4444 4091 4500 dei

2445 4539 2617 4594 vestri
2651 4539 2709 4592 in
2743 4543 2906 4592 utero
2938 4536 3200 4608 virginis,
3234 4537 3333 4591 sed
3365 4537 3422 4590 in
3445 4536 3626 4591 uteris
3648 4534 3909 4591 omnium
3931 4533 4090 4590 femi-

2447 4643 2657 4682 narum
2691 4625 3013 4681 carnalium
3047 4625 3118 4680 ab
3147 4624 3474 4697 elephantis
3506 4641 3691 4696 usque
3730 4625 3801 4678 ad
3855 4639 4089 4679 muscas

2447 4715 2768 4771 includitis.
2802 4717 2885 4769 An
2920 4715 3049 4768 ideo
3079 4714 3484 4769 vobisvidetur
3503 4712 3670 4768 vilior
3688 4729 3859 4768 verus
3891 4711 4090 4767 Chris-

2444 4809 2563 4871 tus,
2619 4804 2755 4875 quia
2804 4804 2886 4859 sic
2919 4803 3174 4858 Verbum
3209 4803 3462 4858 dicimus
3497 4819 3730 4857 carnem
3763 4801 3982 4858 factum
4031 4801 4089 4855 in

2446 4897 2611 4948 utero
2637 4891 3008 4963 virginali,ut
3031 4891 3191 4946 nulla
3222 4891 3312 4947 sui
3333 4890 3783 4947 commutatione
3800 4889 3859 4944 in
3884 4893 4094 4945 natura

2444 4981 2678 5054 prepria
2711 4981 3125 5036 inviolabititer
3150 4996 3498 5052 permanens
3529 4979 3813 5051 templum
3847 4979 3960 5035 sibi
3992 4979 4092 5034 ho-

2445 5071 2663 5126 minem
2719 5071 3032 5142 coaptarit;
3089 5074 3147 5124 et
3189 5069 3316 5124 ideo
3374 5069 3536 5123 vobis
3576 5068 3788 5124 charus
3819 5071 3908 5122 est
3951 5067 4094 5123 deus

2443 5159 2804 5230 vesterquia,
2838 5164 2924 5214 tot
2953 5157 3202 5214 vinculis
3251 5157 3514 5211 carnium
3551 5157 3862 5229 colligatus
3904 5159 3961 5212 et
4000 5156 4088 5211 in-

2447 5248 2724 5321 quinatus
2755 5247 2815 5302 in
2858 5247 2960 5302 illa
2981 5251 3142 5318 parte
3173 5263 3289 5317 qua
3318 5246 3495 5301 etiam
3528 5247 3584 5300 in
3612 5246 3782 5316 globa
3823 5246 4094 5317 ﬁgendus

2442 5343 2550 5403 est,
2584 5339 2710 5393 sine
2739 5354 2916 5393 causa
2939 5336 3240 5407 suppetias
3273 5335 3636 5407 deprecatur,
3671 5340 3772 5391 aut
3791 5335 3966 5391 etiam
3992 5351 4088 5408 pe-

2443 5429 2604 5484 nitus
2633 5443 2953 5500 oppressus
2987 5425 3280 5496 deprecari
3315 5441 3427 5480 non
3451 5423 3684 5480 sinitur.

2508 5556 2525 5590 ¹
2557 5553 2741 5604 Plures
2775 5553 2920 5611 Mem,
2950 5563 3155 5599 rursum
3183 5549 3367 5599 erexit.
