4462 6442
647 379 763 440 475

647 513 988 575 duntaxat‘.
1013 516 1439 570 asseverantem
1472 531 1578 569 nos
1604 533 1639 570 ι
1660 515 1774 570 Deo
1806 516 2041 572 formari
2065 542 2079 583 ;
2100 534 2213 572 non
2239 517 2296 572 in

647 601 839 674 priore
870 601 970 657 illa
1000 604 1265 659 obscaena
1295 620 1360 658 ac
1408 604 1780 675 propudiosa,
1814 622 1944 676 quae
1976 623 2081 661 nos
2112 606 2293 662 nihilo

650 692 1028 765 praestantius
1060 709 1247 763 neque
1276 693 1557 749 mundius
1589 694 1947 751 animalibus
1979 696 2202 751 caeteris
2234 697 2291 751 in

651 785 813 837 utero
846 786 1108 837 materno
1131 787 1187 837 et
1206 782 1539 853 concepitet
1562 782 1831 839 formavit
1859 789 1916 839 et
1944 786 2295 856 genuit.Qua

650 871 720 926 de
752 885 812 926 re
843 870 1303 927 animadvertere
1333 871 1380 926 si
1407 870 1727 942 volueritis,
1760 872 2063 929 invenietis
2095 875 2203 930 hac
2234 876 2292 930 in

650 966 815 1032 parte
847 977 950 1015 nos
970 977 1081 1016 non
1103 964 1223 1015 tam
1248 960 1603 1033 professione
1624 979 1657 1017 a
1683 962 1845 1018 vobis
1876 963 2293 1034 distare,quam

650 1049 970 1105 intellectu.
1019 1049 1317 1120 Siquidem
1358 1050 1522 1105 vobis
1572 1050 1854 1122 placuerit
1896 1052 2003 1108 hoc
2035 1054 2211 1109 veteri
2241 1058 2298 1111 et

648 1138 917 1195 exteriori
965 1137 1190 1192 homini
1238 1155 1304 1194 ac
1336 1143 1564 1195 terreno
1608 1140 1881 1209 tribuere,
1917 1146 1981 1197 ut
2013 1142 2089 1197 sit
2118 1160 2150 1199 a
2182 1143 2295 1199 Deo

648 1228 934 1283 formatus
961 1244 972 1293 ;
1000 1244 1104 1283 nos
1142 1245 1275 1283 vero
1307 1234 1502 1284 contra
1553 1228 1769 1286 caelesti
1800 1230 1908 1286 hoc
1938 1232 2293 1301 dederimus,

647 1321 704 1374 et
733 1316 991 1372 interiori
1014 1333 1079 1372 ac
1111 1334 1255 1374 novo
1276 1317 1500 1373 homini
1533 1320 1859 1376 deferamus
1886 1338 1899 1377 :
1929 1338 2117 1393 neque
2138 1322 2193 1377 id
2215 1327 2298 1386 te!

648 1422 805 1461 mere
834 1409 937 1461 aut
965 1407 1396 1480 praesumptive,
1446 1408 1547 1463 sed
1581 1426 1614 1464 a
1651 1408 1853 1465 chriso
1886 1410 2196 1478 discentes,
2241 1416 2297 1468 et

654 1495 782 1565 ejus
812 1495 1128 1567 Apostolis,
1149 1496 1247 1568 qui
1279 1496 1451 1570 primi
1473 1498 1673 1554 eadem
1693 1498 1749 1552 in
1775 1500 1995 1555 mundo
2026 1500 2296 1556 docuisse

650 1590 1073 1641 monstrantur.

586 1730 589 1735 ,
720 1673 955 1729 CAPUT
988 1675 1058 1730 ll.
1082 1706 1150 1716 —
1171 1680 1547 1732 AUGUSTINUS
1571 1678 1903 1748 respondit:
1925 1678 2141 1733 Paulus
2164 1678 2293 1750 qui.

651 1764 782 1819 dem
817 1763 1117 1835 apostolus
1139 1764 1473 1820 interiorem
1500 1766 1791 1821 hominem
1812 1768 1867 1821 in
1894 1768 2102 1838 spiritu
2131 1784 2293 1823 men-

592 1840 595 1845 i
650 1853 727 1908 tis
748 1854 788 1920 ³,
812 1853 1151 1908 exteriorem
1183 1870 1317 1909 vero
1349 1854 1406 1908 in
1438 1871 1677 1928 corpore
1711 1863 1882 1927 atque
1921 1856 2034 1911 ista
2065 1856 2293 1911 mortali

636 1941 765 1999 evita
777 1939 897 1995 vult
914 1941 1178 2013 intelligi:
1208 1958 1319 1997 non
1337 1947 1531 1999 tamen
1552 1948 1867 2016 utrumque
1884 1945 2091 2000 horum
2116 1943 2292 1999 simul

651 2031 799 2086 duos
823 2030 1092 2088 homines
1122 2048 1256 2087 eum
1279 2032 1495 2088 dixisse
1512 2032 1825 2105 aliquando
1845 2034 1901 2088 in
1916 2036 2045 2105 ejus
2064 2034 2294 2089 Litteris

654 2117 898 2191 legitur;
920 2121 1021 2175 sed
1056 2137 1442 2192 unum,quem
1474 2127 1660 2177 totum
1695 2128 1844 2178 Deus
1878 2122 2162 2187 fecerit,id
2185 2125 2292 2187 est,

655 2211 713 2263 et
743 2208 801 2262 id
833 2210 986 2280 quod
1020 2210 1264 2265 interius
1293 2216 1400 2281 est,
1428 2216 1486 2267 et
1515 2211 1570 2266 id
1599 2212 1752 2283 quod
1786 2212 2038 2267 exterius
2069 2217 2175 2267 est:
2194 2213 2293 2267 sed

654 2313 788 2353 eum
818 2300 887 2353 ad
923 2299 1237 2371 imaginem
1270 2317 1434 2355 suam
1463 2318 1577 2357 non
1602 2300 1872 2373 fecit,nisi
1893 2302 2215 2357 secundum
2237 2300 2295 2357 id

656 2388 808 2458 quod
840 2389 1086 2445 interius
1117 2395 1221 2456 est,
1266 2406 1377 2445 non
1414 2390 1605 2446 solum
1646 2392 2074 2463 incorporeum,
2096 2407 2296 2446 verum

653 2477 828 2533 etiam
861 2476 1328 2550 rationale,quod
1361 2480 1667 2551 pecoribus
1700 2499 1813 2536 non
1845 2480 2015 2536 inest.
2040 2481 2163 2535 Non
2195 2480 2298 2535 ita-

651 2583 761 2639 que
793 2584 974 2621 unum
1008 2566 1304 2623 hominem
1334 2568 1467 2624 fecit
1490 2570 1559 2625 ad
1593 2571 1908 2643 imaginem
1944 2574 2195 2637 suam,et
2214 2567 2298 2624 a1-

656 2661 849 2713 terum
880 2656 1015 2712 fecit
1047 2674 1158 2712 non
1194 2658 1265 2712 ad
1298 2658 1612 2732 imaginem
1642 2677 1809 2715 suam
1842 2678 1854 2716 :
1890 2660 1989 2716 sed
2024 2659 2163 2731 quia
2192 2658 2301 2713 hoc

657 2750 973 2817 utrumque
996 2746 1238 2801 interius
1260 2752 1314 2803 et
1334 2750 1586 2805 exterius
1618 2748 1794 2804 simul
1810 2766 1963 2804 unus
1993 2748 2168 2804 homo
2189 2751 2298 2814 est,

662 2833 817 2889 hunc
849 2850 1028 2889 unum
1063 2835 1359 2891 hominem
1384 2838 1455 2892 ad
1480 2838 1797 2911 imaginem
1830 2854 1997 2893 suam
2024 2838 2301 2903 fecit,non

662 2924 987 2978 secundum
1019 2924 1074 2979 id
1102 2926 1255 2997 quod
1280 2925 1454 2981 habet
1472 2942 1684 2998 corpus
1714 2927 2189 2998 corporalemque
2217 2925 2297 2980 vi-

660 3017 778 3068 tam
804 3030 816 3079 ;
843 3012 941 3068 sed
973 3015 1298 3070 secundum
1321 3016 1378 3070 id
1403 3017 1556 3086 quod
1582 3016 1755 3071 habet
1776 3015 2116 3071 rationalem
2139 3032 2303 3070 men-

657 3106 797 3167 tem,
830 3118 948 3173 qua
976 3109 1287 3175 cognoscat
1323 3106 1523 3171 Deum,
1556 3110 1612 3160 et
1642 3106 1915 3160 omnibus
1954 3102 2305 3159 irrationali-

658 3190 770 3246 bus
792 3191 991 3246 eadem
1022 3193 1263 3249 rationis
1280 3194 1616 3250 excellentia
1640 3194 2139 3267 praeponaturﬁed
2162 3192 2306 3248 illud

658 3279 907 3336 interius
939 3281 1201 3337 concedit
1230 3282 1480 3339 Faustus
1511 3301 1544 3338 a
1576 3289 1685 3340 Deo
1709 3284 1997 3353 ﬁeri,Cum
2024 3308 2043 3333 α
2078 3299 2306 3340 renova-

664 3377 784 3435 tur,
819 3393 847 3421 »
876 3372 1074 3443 inquit,
1115 3395 1134 3420 α
1171 3374 1229 3426 in
1261 3374 1543 3441 agnitione
1570 3374 1985 3441 Dei,secundum
2014 3372 2311 3444 imaginem

664 3463 778 3534 ejus
795 3464 891 3532 qui
916 3462 1117 3517 creavit
1136 3477 1277 3516 eum.
1300 3486 1320 3511 ι
1354 3467 1505 3518 Hanc
1522 3463 1910 3534 Apostolicam
1935 3463 2104 3536 plane
2127 3480 2311 3535 agno-

667 3568 765 3607 sco
798 3552 1146 3607 sententiam
1178 3552 1400 3623 (Coloss.
1434 3571 1517 3623 III,
1553 3555 1641 3625 10)
1666 3572 1678 3609 :
1704 3570 1884 3627 quare
1915 3554 2040 3627 ipse
2067 3553 2309 3609 alteram

670 3658 785 3695 non
817 3642 1100 3712 agnoscit,
1128 3643 1262 3696 Deus
1281 3645 1462 3714 posuit
1481 3645 2031 3715 membra,singulum
2063 3643 2313 3713 quodque

668 3747 857 3787 eorum
888 3733 945 3785 in
973 3747 1196 3802 corpore
1221 3737 1383 3802 prout
1411 3734 1582 3789 voluit
1630 3735 1673 3806 (1
1701 3734 1820 3789 Cor.
1855 3751 1957 3798 x11,
1989 3734 2076 3799 18)
2098 3732 2125 3786 ‘I
2168 3733 2313 3786 Ecce

672 3824 821 3875 Deus
835 3819 1009 3874 etiam
1024 3821 1324 3877 exterioris
1348 3822 1605 3878 hominis
1622 3824 1858 3901 effector
1871 3824 1941 3877 ab
1960 3823 2163 3878 eodem
2183 3837 2315 3892 apo—

675 3908 827 3965 stolo
852 3910 1405 3982 prazdicatur:quare
1429 3912 1562 3968 inde
1578 3912 1903 3985 eligitquod
1932 3928 2034 3983 pro
2048 3927 2109 3966 se
2128 3913 2313 3981 putat,

673 4002 731 4053 et
754 4002 904 4053 tacet
917 4000 1250 4071 autrespuit
1270 4001 1422 4071 quod
1440 4002 1741 4057 Manichaei
1776 4000 2002 4056 fabulas
2026 4000 2320 4070 amputat?

677 4089 821 4141 Item
856 4102 988 4141 cum
1038 4087 1109 4142 de
1140 4096 1362 4145 terreno
1407 4095 1463 4145 et
1492 4090 1706 4146 caelesti
1742 4089 1977 4146 homine
2010 4089 2322 4143 dissereret

681 4175 832 4231 idem
850 4176 1246 4243 Paulus,inter
1263 4180 1566 4236 mortalem
1580 4178 2088 4251 immortalemque
2110 4177 2323 4233 discer-

681 4265 1007 4330 nens,inter
1038 4267 1093 4322 id
1126 4270 1279 4340 quod
1306 4270 1362 4324 in
1392 4272 1575 4325 Adam
1609 4275 1906 4335 sumus,et
1936 4269 2079 4323 illud
2095 4268 2322 4339 quodin

683 4354 909 4410 Christo
940 4356 1178 4424 erimus,
1232 4376 1299 4414 ex
1330 4360 1457 4432 ipsa
1500 4361 1661 4432 Lege,
1696 4377 1764 4415 ex
1807 4359 1935 4430 ipso
1970 4356 2118 4413 libro
2161 4361 2217 4411 et
2260 4373 2329 4412 ex

684 4443 811 4515 ipso
842 4444 965 4500 loco
998 4447 1263 4503 adhibuit
1291 4450 1590 4515 terreni,id
1625 4455 1733 4515 est,
1769 4447 2042 4503 animalis
2070 4446 2328 4518 corporis

688 4533 1085 4591 testimonium
1098 4538 1215 4603 ,ubi
1230 4538 1513 4609 scriptum
1533 4543 1621 4594 est
1634 4538 1789 4610 quod
1806 4536 1956 4591 Deus
1970 4536 2144 4591 etiam
2160 4540 2333 4590 terre-

690 4639 833 4677 num
866 4624 1157 4681 hominem
1188 4628 1492 4683 fecit.Nam
1527 4644 1661 4683 cum
1695 4631 1889 4697 ageret
1920 4625 2211 4696 quomodo
2243 4641 2332 4679 re-

696 4717 937 4783 surgent
968 4717 1269 4783 mortui,et
1301 4733 1415 4789 quo
1448 4733 1687 4788 corpore
1716 4715 2107 4781 venient,cum
2142 4713 2333 4770 dedis-

1406 380 1716 443 CONTRA
1758 383 2131 447 FAUSTUM
2178 383 2699 462 MANICHAZUM,
2747 387 2814 448 S.
2853 386 3284 450 AUGUSTINI

3931 390 4052 451 476

2394 519 2553 575 venit
2582 521 2651 575 ad
2684 519 2945 575 carnium
2998 520 3386 577 differentias:
3432 522 3551 578 Non
3586 523 3790 594 omnis,
3828 522 4051 595 inquit,

2394 624 2525 663 caro
2544 610 2728 665 eadem
2748 626 2875 665 caro
2901 628 2918 664 :
2938 610 3073 665 inde
3095 611 3166 666 ad
3191 627 3499 683 corporum
3524 610 3847 669 caelestium
3874 616 4052 686 atque

2394 698 2777 767 terrestrium,
2792 698 2927 754 inde
2946 700 3016 754 ad
3041 700 3422 755 mutationem
3441 702 3699 773 corporis
3720 701 3908 758 nostri
3935 719 4053 773 qua

2396 786 2519 841 ﬁeri
2552 788 2738 859 possit
2758 787 3062 859 spirituale
3096 793 3272 860 atque
3301 789 3531 846 cmleste
3554 806 3567 845 :
3592 791 3938 858 Seminatur,
3962 792 4054 846 in-

2397 876 2544 947 quit,
2565 878 2620 931 in
2648 878 2996 943 contumelia,
3016 882 3196 949 surget
3218 880 3277 933 in
3295 879 3473 949 gloria
3495 896 3514 934 :
3542 881 3851 935 seminatur
3873 882 3937 935 in
3960 882 4049 934 in-

2398 966 2873 1037 ﬁrmitate,surget
2888 967 2946 1021 in
2976 969 3209 1023 virtute:
3238 970 3545 1023 seminatur
3564 984 3758 1040 corpus
3779 970 4053 1039 animale,

2397 1058 2581 1126 surget
2611 1071 2801 1127 corpus
2827 1057 3140 1125 spirituale.
3156 1057 3496 1128 Atqueinde
3512 1056 3712 1113 volens
3735 1058 4051 1113 ostendere

2400 1143 2685 1216 originem
2712 1145 2969 1217 corporis
3000 1145 3302 1201 animalis:
3346 1147 3408 1203 Si
3444 1150 3542 1217 est,
3592 1146 3804 1219 inquit,
3855 1162 4058 1218 corpus

2398 1233 2669 1300 animale,
2698 1238 2779 1289 est
2805 1242 2857 1289 et
2882 1236 3210 1306 spirituale;
3258 1236 3404 1290 sicut
3432 1237 3697 1304 scriptum
3727 1238 3825 1305 est,
3857 1235 4059 1291 Factus

2398 1326 2475 1377 est
2504 1324 2717 1394 primus
2746 1322 2901 1379 homo
2916 1323 3087 1379 Adam
3106 1325 3166 1379 in
3195 1324 3442 1379 animam
3457 1327 3726 1381 viventem
3744 1325 3789 1395 (Ι
3824 1323 4053 1393 Cor.xv,

2397 1412 2737 1483 35-45).Ηοο
2752 1416 2946 1467 autem
2968 1412 3024 1467 in
3048 1412 3256 1469 Genesi
3283 1412 3566 1484 scriptum
3598 1418 3688 1469 est
3707 1412 3865 1483 (Gen.
3889 1413 4058 1485 1|,7),

2400 1500 2499 1555 ubi
2547 1504 2836 1571 narratur,
2869 1502 3158 1572 quomodo
3192 1507 3344 1557 Deus
3394 1501 3694 1557 hominem
3740 1502 3964 1571 fecerit,
3997 1506 4055 1557 et

2401 1605 2613 1662 corpus
2626 1590 2778 1662 quod
2792 1590 2863 1646 de
2874 1595 3027 1646 terra
3040 1591 3388 1647 formaverat
3400 1590 3761 1647 animaverit.
3780 1595 4051 1647 Veterem

2401 1684 2597 1735 autem
2628 1678 2925 1734 hominem
2960 1678 3105 1733 nihil
3139 1679 3297 1735 aliud
3326 1678 3637 1752 Apostolus
3666 1696 3845 1751 quam
3867 1680 4055 1735 vitam

2396 1773 2647 1823 veterem
2679 1768 2838 1837 dicit,
2873 1784 3001 1839 quae
3025 1769 3083 1823 in
3109 1774 3342 1840 peccato
3369 1773 3478 1836 est,
3504 1768 3560 1823 in
3586 1784 3700 1840 quo
3721 1770 4054 1824 secundum

2397 1856 2583 1911 Adam
2614 1856 2831 1911 vivitur
2856 1874 2869 1913 :
2892 1858 2962 1911 de
2985 1873 3100 1930 quo
3124 1857 3285 1924 dicit,
3310 1859 3418 1912 Per
3435 1874 3611 1912 unum
3626 1858 3907 1913 hominem
3923 1874 4055 1930 pec-

2396 1949 2581 2000 catum
2610 1945 2839 2001 intravit
2870 1948 2926 2000 in
2958 1946 3244 2017 mundum,
3277 1954 3327 2001 et
3350 1963 3447 2019 per
3472 1951 3756 2017 peccatum
3780 1962 3929 2002 mors
3950 1963 3973 2009 ;
4003 1952 4056 2001 et

2396 2035 2478 2090 ita
2506 2036 2563 2089 in
2586 2050 2770 2090 omnes
2798 2036 3045 2091 homines
3063 2038 3507 2106 pertransivit,in
3528 2052 3631 2109 quo
3652 2052 3837 2092 omnes
3848 2052 4049 2108 pecca-

2396 2127 2593 2179 verunt
2647 2125 2822 2195 (Rom.
2856 2140 2910 2192 v,
2938 2126 3045 2192 l2),
3096 2124 3243 2197 Ergo
3280 2128 3441 2181 totus
3480 2124 3581 2180 ille
3610 2124 3804 2191 homo,
3842 2124 3901 2179 id
3933 2128 4049 2192 est,

2398 2215 2454 2268 et
2482 2212 2757 2268 interiore
2799 2216 2857 2268 et
2886 2213 3164 2269 exteriore
3194 2213 3285 2268 sui
3328 2218 3510 2285 parte,
3544 2213 3883 2269 inveteravit
3909 2230 4052 2286 pro-

2400 2304 2527 2373 pter
2544 2306 2929 2372 peccatum,et
2951 2319 3129 2373 paenae
3150 2302 3524 2358 mortalitatis
3546 2302 3815 2359 addictus
3845 2308 4054 2357 estzre-

2400 2394 2850 2445 novaturautem
2870 2408 3025 2447 nunc
3037 2392 3361 2447 secundum
3376 2391 3708 2447 interiorem
3723 2390 4054 2462 hominem,

2401 2479 2501 2534 ubi
2531 2480 2854 2535 secundum
2887 2480 2979 2535 sui
3010 2480 3295 2537 Creatoris
3324 2480 3642 2553 imaginem
3676 2480 4055 2551 reformatur,

2402 2585 2617 2625 exuens
2648 2585 2709 2625 se
2739 2569 3113 2639 injustitiam,
3144 2569 3254 2625 hoc
3286 2574 3394 2634 est.
3438 2572 3685 2625 veterem
3713 2569 4057 2637 hominem;

2403 2661 2459 2714 et
2479 2658 3057 2729 induensjustitiam,
3079 2658 3187 2714 hoc
3207 2664 3539 2727 est,novum
3561 2658 4059 2715 hominem.Tuno

2405 2752 2597 2803 autem
2617 2763 2749 2803 cum
2775 2752 3039 2819 resurget
3054 2764 3261 2819 corpus
3279 2747 3607 2819 spirituale,
3624 2748 3779 2821 quod
3797 2747 4058 2803 semina-

2405 2840 2501 2892 tur
2527 2836 2798 2905 animale,
2827 2837 3001 2893 etiam
3032 2837 3279 2893 exterior
3306 2837 3587 2910 percipiet
3616 2836 3866 2893 cmlestis
3888 2834 4057 2892 habi-

2404 2925 2629 2981 tudinis
2662 2926 3005 2999 dignitatem
3034 2944 3046 2982 :
3072 2931 3139 2983 ut
3166 2930 3353 2983 totum
3384 2927 3536 2999 quod
3568 2931 3829 2983 creatum
3856 2930 3947 2981 est
3965 2941 4060 2980 re-

2409 3020 2653 3080 creetur,
2686 3021 2742 3071 et
2768 3020 2954 3071 totum
2973 3018 3128 3087 quod
3151 3017 3366 3072 factum
3399 3022 3487 3072 est
3508 3016 3822 3081 reficietur,
3841 3014 3943 3069 illo
3966 3029 4057 3068 re-

2409 3109 2643 3161 creante
2674 3105 2773 3177 qui
2813 3106 3045 3171 creavit,
3094 3110 3152 3161 et
3198 3105 3491 3161 reficiente
3540 3104 3639 3176 qui
3688 3104 3841 3159 fecit.
3894 3102 4058 3170 Quod

2412 3194 2662 3250 breviter
2691 3193 2958 3266 explicat,
2997 3195 3095 3250 ubi
3122 3194 3202 3250 ait
3228 3212 3240 3250 :
3290 3197 3497 3267 Corpus
3522 3195 3750 3266 quidem
3777 3197 4062 3249 mortuum

2409 3293 2488 3341 est
2514 3292 2733 3355 pr0pter
2755 3292 3059 3356 peccatum,
3092 3286 3320 3356 spiritus
3350 3293 3530 3340 autem
3560 3283 3674 3339 vita
3725 3292 3807 3339 est
3838 3286 4063 3354 propter

2403 3374 2706 3445 justitiam.
2739 3373 2800 3428 Si
2818 3377 3001 3429 autem
3017 3373 3261 3445 Spiritus
3278 3375 3394 3446 ejus
3410 3376 3507 3445 qui
3524 3373 3811 3429 suscitavit
3828 3374 4009 3429 Jesum
4029 3390 4064 3428 a

2411 3464 2663 3528 mortuis,
2697 3462 2907 3517 habitat
2935 3464 2992 3517 in
3023 3464 3170 3519 vobis
3190 3480 3211 3525 ;
3255 3465 3350 3535 qui
3391 3463 3679 3518 suscitavit
3711 3462 3993 3517 Christum
4030 3478 4065 3515 a

2413 3552 2971 3622 mortui.s~,viviﬁcabit
2992 3561 3044 3607 et
3062 3553 3319 3608 mortalia
3338 3567 3566 3624 corpora
3585 3560 3764 3607 vestra
3782 3568 3884 3623 per
3902 3550 4064 3607 inha-

2416 3642 2685 3697 bitantem
2733 3640 3005 3713 Spiritum
3036 3644 3153 3713 ejus
3199 3643 3258 3696 in
3295 3642 3443 3696 vobis
3474 3642 3646 3712 (Rom.
3682 3657 3803 3707 vm,
3829 3642 3915 3708 10,
3954 3640 4063 3710 11).

2414 3731 2561 3787 Nam
2603 3730 2737 3802 quis
2763 3729 3046 3785 catholica
3065 3730 3306 3785 veritate
3337 3730 3661 3785 instructus
3691 3729 3943 3801 ignorat,
3976 3744 4064 3784 se-

2415 3820 2677 3876 cundum
2708 3834 2921 3891 corpus
2951 3835 3080 3874 esse
3110 3818 3258 3874 alios
3289 3817 3556 3874 homines
3591 3817 4068 3883 masculos,alios

2417 3908 2688 3973 feminas,
2723 3924 2836 3963 non
2860 3909 3183 3963 secundum
3210 3908 3482 3980 spiritum
3515 3907 3745 3978 mentis,
3765 3907 3822 3961 in
3848 3923 3963 3978 quo
3986 3922 4070 3961 re-

2418 3998 3037 4054 novamursecundum
3053 3997 3367 4070 imaginem
3379 3996 3918 4052 Dei?Verumtamen
3933 3996 4074 4069 quia

2422 4092 2738 4158 utrumque
2767 4086 2920 4143 Deus
2942 4086 3094 4158 fecit,
3128 4102 3364 4142 rursum
3394 4086 3547 4142 idem
3581 4085 3883 4158 apostolus
3904 4084 4073 4141 testis

2424 4181 2531 4238 est.
2556 4175 2655 4230 ubi
2686 4175 2859 4231 dicit:
2892 4178 3072 4249 Neque
3093 4176 3299 4231 mulier
3326 4178 3446 4231 sine
3479 4177 3613 4243 viro,
3645 4191 3817 4248 neque
3841 4177 3930 4231 vir
3958 4178 4078 4231 sine

2424 4267 2658 4322 muliere
2689 4269 2745 4321 in
2777 4267 3004 4321 Domino
3029 4282 3041 4322 ε
3072 4267 3214 4321 sicut
3240 4268 3389 4321 enim
3417 4265 3653 4321 muliere
3680 4282 3751 4321 ea:
3778 4266 4006 4333 viro,ita
4030 4273 4081 4322 et

2427 4358 2515 4411 vir
2543 4372 2640 4427 per
2666 4356 2959 4411 mulierem
2977 4372 2999 4417 ;
3029 4357 3213 4410 omnia
3236 4364 3423 4410 autem
3452 4370 3521 4409 ea:
3541 4358 3652 4411 Deo
3674 4354 3722 4422 (Ι
3756 4353 3882 4410 Cor.
3901 4356 4077 4422 “,11,

2433 4445 2519 4502 12.
2552 4445 2697 4509 Quid
2722 4446 2790 4501 ad
2822 4444 2944 4500 haec
2976 4444 3115 4499 dicit
3135 4445 3333 4516 inepta
3364 4442 3591 4499 fallacia
3613 4443 3925 4499 hominum
3948 4444 4081 4500 alie-

2433 4539 2703 4590 natorum
2736 4552 2770 4589 a
2798 4533 3028 4588 vltaDei
3061 4549 3163 4605 per
3191 4532 3742 4605 ignorantiam,quaa
3765 4536 3856 4589 est
3878 4533 3938 4588 in
3964 4532 4082 4588 illis

2437 4629 2671 4696 propter
2722 4622 3034 4678 caicitatem
3093 4623 3285 4678 cordis
3341 4639 3541 4677 eorum
3588 4623 3805 4694 (Ephes.
3860 4638 3937 4690 Iv,
3974 4623 4082 4694 18),

2439 4713 2573 4780 nisi,
2607 4713 2669 4768 In
2700 4710 3034 4782 apostolicis
3051 4711 3282 4767 Litteris
3300 4712 3455 4783 quod
3472 4709 3745 4765 volumus
3760 4727 3959 4766 verum
3975 4716 4083 4777 est,

697 4805 785 4855 set
815 4802 1262 4860 similitudinem
1294 4806 1364 4861 de
1387 4805 1711 4861 seminibus
1732 4803 2336 4875 frumentorum,qugi
2440 4802 2595 4875 quod
2630 4800 2906 4857 nolumus
2936 4800 3149 4857 falsum
3180 4800 3303 4856 est?
3336 4800 3429 4856 Sic
3460 4799 3710 4856 delirant
3739 4799 4082 4855 Manichaei:

696 4894 853 4948 nuda
884 4909 1064 4965 grana
1100 4894 1481 4959 seminentur,
1527 4899 1584 4948 et
1636 4895 1782 4949 Deus
1834 4892 1951 4948 illis
2004 4893 2099 4947 det
2128 4873 2339 4964 corp-u-s

694 4984 984 5053 quomodo
998 4983 1261 5047 voluerit,
1274 4982 1588 5052 unicuique
1602 4981 1891 5036 seminum
1909 4980 2205 5052 proprium
2222 4998 2342 5037 cor-

692 5088 835 5143 pus:
858 5072 955 5127 ubi
982 5071 1367 5127 nihilominus
1393 5070 1691 5126 Manichaai
1715 5071 1917 5125 evertit
1939 5087 2213 5141 errorem,
2240 5070 2341 5142 qui

690 5170 749 5219 et
779 5181 956 5235 grana
988 5169 1044 5219 et
1074 5164 1283 5219 herbas
1306 5169 1363 5217 et
1394 5179 1597 5218 omnes
1615 5162 1842 5218 radices
1859 5180 1925 5218 ac
1946 5163 2184 5218 frutices
2200 5179 2339 5234 gen-

692 5260 809 5309 tem
844 5256 1215 5310 tenebrarum
1249 5255 1392 5308 dicit
1422 5269 1636 5324 creare,
1674 5270 1787 5309 non
1819 5258 1999 5309 Deum
2029 5272 2041 5321 ;
2080 5259 2137 5310 et
2167 5254 2225 5308 in
2259 5254 2343 5310 eis

696 5344 901 5399 formis
932 5349 1107 5415 atque
1138 5343 1450 5414 generibus
1484 5359 1674 5398 rerum
1708 5342 1890 5399 Deum
1928 5344 2121 5415 potius
2161 5343 2346 5399 credit

702 5433 1134 5501 alligari,quam
1149 5428 1362 5487 horum
1376 5431 1595 5503 aliquid
1617 5432 1872 5503 operari:
1900 5449 2033 5488 cum
2054 5449 2188 5506 ergo
2207 5449 2344 5488 con-

698 5528 789 5578 tra
810 5522 1103 5578 Manichaei
1133 5521 1478 5594 sacrilegam
1508 5522 1819 5579 vanitatem
1842 5524 2017 5579 etiam
2040 5523 2152 5579 ista
2168 5523 2344 5579 dixis-

764 5695 778 5727 ι
814 5692 1053 5754 Plerique
1075 5692 1219 5749 Mss.,
1253 5690 1602 5755 spiritualium
1627 5692 1903 5743 duntaxat.

759 5758 781 5791 ²
807 5755 920 5806 Am.
952 5756 1033 5807 Er.
1066 5758 1120 5806 et
1147 5755 1293 5813 Msa,
1321 5770 1415 5820 per
1441 5756 1682 5821 spiritum
1712 5758 1909 5809 mentis.

2445 4892 2544 4948 sed
2577 4891 2959 4963 respiscant‘,
2992 4895 3049 4946 et
3078 4906 3193 4945 non
3224 4890 3341 4945 sint
3370 4888 3689 4945 Manichtei.
3710 4891 3753 4945 A
3785 4889 4009 4961 quibus
4041 4889 4089 4945 si

2443 4980 2723 5053 quaeritur
2750 4979 3049 5052 (quoniam
3073 4980 3094 5014 ²
3122 4978 3453 5035 interiorem
3492 4978 3789 5034 hominem
3824 4978 4091 5035 renovari

2444 5069 2847 5142 adimaginem
2867 5069 2965 5125 Dei
2981 5070 3235 5124 fatentur
3258 5086 3271 5135 ;
3294 5072 3351 5124 et
3374 5067 3483 5124 hoc
3505 5067 3912 5123 testimonium
3937 5067 4091 5124 ultro

2444 5159 2617 5216 etiam
2652 5159 2985 5231 proferunt:
3029 5161 3168 5213 tunc
3217 5161 3413 5212 autem
3462 5156 3604 5212 dicit
3650 5157 3904 5213 Faustus
3938 5157 4093 5230 quod

2445 5248 2597 5304 Deus
2629 5248 2801 5303 faciat
2828 5246 3150 5313 hominem,
3183 5245 3417 5317 quando
3440 5245 3682 5300 interior
3710 5245 3767 5299 in
3804 5245 3905 5301 Dei
3930 5247 4095 5318 agni-

2446 5334 2604 5393 tiOne
2635 5334 2986 5407 renovatur),
3012 5339 3208 5389 utrum
3231 5350 3365 5389 eum
3395 5334 3520 5405 ipse
3543 5334 3742 5389 fecerit
3763 5334 3864 5405 qui
3888 5334 4093 5403 reficit,

2446 5427 2571 5499 ipse
2598 5426 2922 5482 condiderit
2977 5424 3078 5496 qui
3128 5427 3398 5488 renovat;
3450 5422 3911 5495 respondebunt,
3947 5424 4093 5496 Ipse.

2447 5517 2551 5573 Cui
2583 5514 2949 5589 responsioni
2979 5528 3204 5581 eorum,
3253 5512 3304 5569 si
3355 5512 3728 5585 adjiciamus,
3768 5518 4096 5583 querentes

2447 5690 2535 5759 ηξ
2562 5684 2924 5759 lAn_Mss‘.,”Sic.
2941 5683 3158 5733 delirant
3185 5682 3551 5759 Μαγξίσήξζηςὲ
3576 5681 3901 5759 ςεᾴρίεσαπέ.

2449 5744 2537 5821 ζ’
2565 5749 2688 5803 Sola
2714 5744 2876 5802 editio
2903 5749 3051 5810 Lov.,
3082 5746 3355 5813 quomodo.
3385 5746 3564 5799 ωηιι.
3592 5744 3751 5799 tum,
