4462 6434
848 357 968 418 483

849 507 884 546 a
900 488 1068 545 nobis
1099 486 1481 556 audiatis,cur
1509 484 1689 540 Etiam
1708 483 2009 539 hominem
2032 481 2493 549 natum,rapturn

850 596 976 635 esse
1006 577 1283 633 divinitus
1314 577 1384 630 de
1428 580 1581 629 terra
1613 573 1941 638 credamus,
1972 571 2268 627 Christum
2301 572 2495 622 autem

851 673 908 724 et
936 684 1003 722 ex
1051 666 1270 737 virgine
1306 680 1429 719 vere
1478 668 1703 731 natum,
1739 667 1795 716 et
1842 662 1900 716 in
1950 676 2119 716 cruce
2167 673 2299 713 vere
2347 672 2497 710 mor-

850 760 1017 811 tuum
1053 773 1065 810 :
1098 754 1217 809 haec
1244 754 1371 809 ideo
1404 753 1720 821 credimus,
1741 750 1877 823 quia
1904 755 1961 805 et
1990 748 2136 803 illud
2168 747 2238 801 de
2268 745 2409 814 Elia,
2442 747 2498 799 et

851 843 959 900 hoc
990 845 1060 899 de
1090 843 1318 900 Christo
1369 847 1571 897 sancta
1621 839 1916 911 Scriptura
1962 843 2213 892 testatur
2238 835 2334 902 (IV
2366 835 2493 901 Reg.

850 951 911 999 ιι,
962 932 1284 1003 11;Matth.
1342 946 1379 999 ι,
1430 932 1521 997 25,
1552 938 1607 985 et
1646 946 1781 996 xvu,
1832 929 1944 999 50),
1998 926 2088 981 cui
2144 940 2313 979 nemo
2364 922 2494 993 pius

848 1023 960 1079 nisi
994 1022 1095 1094 qui
1126 1021 1332 1089 credit,
1363 1020 1473 1075 nisi
1507 1019 1724 1091 impius
1753 1034 1923 1073 nemo
1953 1033 2068 1071 non
2099 1011 2493 1069 creditklllud

851 1116 1048 1167 autem
1080 1112 1149 1167 de
1181 1110 1307 1165 Elia
1336 1126 1436 1164 vos
1464 1107 1709 1180 negatis,
1739 1106 1877 1178 quia
1915 1103 2111 1160 omnia
2157 1100 2448 1157 simulatis
2479 1116 2492 1155 :

850 1201 921 1257 de
951 1200 1180 1257 Christo
1210 1202 1403 1255 autem
1433 1197 1585 1269 quod
1618 1195 1776 1251 nasci
1808 1211 1919 1249 non
1966 1191 2217 1265 potuerit
2260 1194 2316 1246 et
2346 1188 2494 1244 mori

843 1289 1227 1363 potuerit,nec
1255 1305 1357 1344 vos
1388 1286 1620 1353 dicitis;
1654 1285 1753 1340 sed
1785 1284 1911 1353 ejus
1942 1299 2009 1338 ex
2032 1281 2256 1352 virgine
2286 1278 2497 1349 nativi:

842 1384 1029 1435 tatem
1062 1378 1559 1444 nullam,mortem
1592 1378 1784 1429 autem
1808 1374 1864 1427 in
1894 1387 2064 1426 cruce
2086 1369 2292 1425 falsam
2317 1368 2496 1424 fuisse

846 1466 1223 1533 contenditis,
1256 1465 1363 1521 hoc
1411 1468 1501 1520 est
1530 1464 1704 1518 etiam
1754 1462 1941 1533 ipsam
1994 1458 2235 1525 nullam,
2270 1458 2369 1514 sed
2421 1458 2493 1513 ad

845 1555 1235 1611 ludiﬁcandos
1264 1553 1555 1609 humanos
1603 1549 1800 1607 oculos
1832 1548 2167 1605 simulatam
2196 1572 2210 1615 ;
2243 1548 2314 1601 ad
2348 1544 2494 1600 nihil

844 1643 1145 1713 aliud,nisi
1168 1648 1234 1699 ut
1263 1643 1334 1699 ab
1366 1642 1449 1698 eis
1482 1640 1583 1713 qui
1613 1640 1727 1695 ista
1745 1635 2301 1705 crediderint,etiam
2331 1636 2495 1691 vobis

845 1732 1042 1788 omnia
1076 1731 1495 1788 mentientibus
1526 1730 1881 1801 ignoscatur.

914 1821 1143 1879 CAPUT
1172 1820 1294 1875 VII.
1316 1852 1383 1860 —
1413 1818 1554 1886 Quis
1587 1822 1779 1873 autem
1810 1817 1972 1872 vobis
2003 1819 2305 1888 proponat,
2340 1815 2493 1887 quod

840 1912 951 1968 sibi
987 1910 1155 1983 quasi
1189 1927 1257 1965 ex
1309 1925 1557 1981 persona
1586 1907 1851 1963 catholici
1902 1906 2149 1961 Faustus
2206 1904 2493 1977 proponit,

838 2002 990 2058 Iesus
1010 2003 1060 2056 si
1087 2004 1261 2055 natus
1292 2015 1399 2054 non
1430 1997 1800 2069 est,quomodo
1822 2002 2073 2051 mortuus
2100 1998 2222 2050 est?
2254 1994 2362 2049 nisi
2397 1992 2494 2065 qui

842 2106 1051 2162 parum
1083 2076 1413 2144 considerat
1440 2086 1633 2158 ipsum
1667 2086 1850 2140 Adam
1874 2089 1931 2141 et
1964 2088 2165 2139 natum
2200 2100 2311 2138 non
2344 2098 2493 2147 esse,

843 2184 900 2234 et
926 2184 1123 2233 tamen
1176 2180 1472 2232 mortuum
1503 2192 1630 2231 esse
1654 2175 1681 2229 ?
1712 2174 1771 2229 Si
1822 2173 2105 2228 voluisset
2151 2189 2285 2243 ergo
2316 2171 2494 2227 Filius

844 2268 943 2323 Dei
978 2268 1111 2322 inde
1141 2266 1255 2322 sibi
1287 2266 1607 2319 humanam
1630 2280 1863 2319 carnem
1884 2278 2196 2332 veramque
2221 2262 2490 2329 formare,

848 2358 1001 2413 unde
1035 2356 1300 2411 formavit
1326 2358 1381 2410 et
1413 2352 1495 2408 illi
1547 2352 1733 2425 primo
1763 2352 2008 2417 homini,
2041 2351 2319 2422 quoniam
2368 2367 2491 2405 om-

844 2446 941 2502 nia
972 2463 1074 2519 per
1102 2445 1297 2517 ipsum
1331 2444 1481 2499 facta
1506 2447 1643 2497 sunt
1673 2442 1848 2513 (Joan.
1879 2458 1918 2507 ι,
1950 2441 2025 2511 3),
2047 2439 2179 2512 quis
2207 2456 2340 2495 eum
2376 2456 2490 2495 non

841 2536 1104 2608 potuisse
1133 2534 1346 2589 audeat
1396 2530 1735 2587 afﬁrmare?
1764 2530 1822 2585 Si
1857 2530 2110 2602 denique
2163 2530 2233 2584 de
2275 2528 2489 2584 caelesti

838 2624 927 2679 vel
960 2640 1127 2679 aerea
1156 2622 1244 2679 vel
1276 2622 1521 2677 humida
1560 2624 1826 2675 creatura
1857 2636 2066 2690 corpus
2118 2623 2489 2689 assumptum

840 2712 1012 2768 vellet
1055 2717 1418 2768 commutare
1452 2710 1511 2764 in
1561 2709 1830 2764 humanm
1880 2707 2073 2763 carnis
2124 2707 2491 2763 verissimam

841 2802 1209 2874 qualitatem,
1234 2801 1290 2855 in
1326 2816 1440 2869 qua
1469 2803 1525 2853 et
1555 2797 1743 2853 vivere
1777 2802 1839 2852 ut
1867 2795 2131 2852 mortalis
2163 2796 2335 2851 homo
2359 2813 2491 2868 pos-

842 2896 951 2961 set,
984 2895 1041 2946 et
1070 2888 1355 2957 mori,boc
1384 2904 1519 2943 eum
1552 2887 1812 2959 potuisse
1846 2886 2201 2958 facere,quis
2233 2889 2488 2957 negaret,

845 2979 1303 3050 omnipotentem
1354 2976 1769 3047 omnipotentis
1815 2974 2074 3031 Filium?
2104 2980 2401 3031 Postremo
2440 2974 2491 3029 si

842 3067 1125 3125 voluisset
1153 3068 1223 3123 de
1253 3066 1431 3122 nullis
1449 3064 1751 3121 elementis
1769 3066 2212 3137 corporeis,quae
2238 3081 2339 3135 per
2355 3080 2490 3119 eum

842 3162 1033 3213 creata
1064 3160 1438 3228 sunt,corpus
1470 3170 1789 3224 assumere,
1806 3155 1905 3209 sed
1936 3171 2177 3226 prorsus
2208 3169 2277 3208 ex
2308 3153 2489 3208 nihilo

840 3246 952 3303 sibi
983 3261 1177 3302 creare
1225 3260 1419 3300 veram
1469 3260 1724 3309 carnem,
1764 3243 1918 3299 sicut
1966 3259 2066 3315 per
2113 3259 2247 3297 eum
2297 3246 2492 3297 creata

841 3340 981 3391 sunt
1010 3340 1220 3390 cuncta
1250 3351 1377 3405 quas
1411 3350 1525 3388 non
1570 3338 1769 3399 erant;
1797 3333 1930 3404 quis
1964 3336 2228 3388 nostrum
2261 3337 2488 3387 contra-

841 3425 1052 3490 dicere,
1084 3423 1217 3495 quis
1267 3427 1531 3477 nostrum
1567 3421 1687 3477 fieri
1737 3438 1851 3477 non
1886 3421 2145 3493 potuisse
2176 3422 2491 3477 contende-

843 3516 974 3569 ret?
1017 3513 1140 3568 Non
1190 3528 1324 3583 ergo
1374 3511 1501 3566 ideo
1551 3511 1846 3566 credimus
1901 3515 2102 3565 natum
2152 3526 2221 3565 ex
2269 3510 2491 3582 virgine

844 3603 1046 3668 Maria,
1080 3602 1234 3673 quod
1267 3600 1432 3656 aliter
1458 3599 1515 3654 in
1549 3616 1679 3655 vera
1710 3614 1882 3654 carne
1910 3600 2155 3655 existere
2185 3603 2357 3669 atque
2388 3599 2491 3655 bo-

848 3692 1108 3746 minibus
1140 3706 1417 3761 apparere
1448 3706 1563 3744 non
1610 3693 1808 3760 posset
1838 3704 1852 3742 :
1886 3688 1985 3742 sed
2029 3688 2167 3759 quia
2195 3688 2276 3742 sic
2308 3688 2491 3759 scrip-

842 3784 970 3835 tum
1004 3783 1092 3834 est
1120 3778 1179 3833 in
1209 3795 1274 3833 ea
1301 3778 1622 3849 Scriptura,
1655 3778 1747 3833 cui
1782 3777 1893 3832 nisi
1926 3776 2362 3843 crediderimus,
2386 3793 2491 3834 nec

842 3868 1148 3923 christiani
1181 3884 1285 3922 nec
1315 3865 1458 3922 salvi
1492 3883 1620 3921 esse
1650 3865 1990 3937 poterimus.
2023 3866 2323 3920 Credimus
2352 3882 2488 3937 ergo

842 3972 910 4012 ex
943 3956 1121 4012 Maria
1170 3955 1390 4027 virgine
1421 3959 1623 4009 natum
1673 3953 1990 4021 Christum,
2026 3954 2164 4025 quia
2192 3952 2276 4009 sic
2307 3954 2486 4025 scrip-

840 4049 968 4100 tum
1029 4050 1117 4101 est
1171 4044 1229 4098 in
1280 4043 1588 4115 Evangelia
1632 4059 1645 4098 :
1686 4044 1981 4099 credimus
2038 4042 2375 4098 cruciﬁxum
2433 4048 2491 4098 et

846 4139 1162 4201 mortuum,
1197 4133 1335 4205 quia
1382 4132 1466 4189 sic
1515 4134 1798 4204 scriptum
1827 4138 1914 4188 est
1960 4133 2018 4186 in
2051 4132 2357 4203 Evangelio
2387 4149 2400 4187 :
2434 4136 2491 4187 et

844 4239 976 4279 vere
1033 4227 1235 4278 natum
1294 4226 1353 4276 et
1398 4237 1527 4277 vere
1589 4226 1907 4289 mortuum,
1940 4220 2078 4291 quia
2132 4221 2349 4276 veritas
2403 4225 2493 4276 est

846 4310 1245 4385 Evangelium.
1296 4310 1412 4366 Cur
1466 4315 1660 4365 autem
1705 4308 1806 4364 illa
1850 4310 2048 4364 omnia
2102 4308 2159 4363 in
2210 4325 2381 4364 carne
2430 4325 2498 4364 ex

845 4406 1008 4456 utero
1042 4400 1267 4456 feminae
1299 4404 1605 4471 assumpta
1635 4399 1753 4471 pati
1785 4397 2048 4465 voluerit,
2080 4415 2316 4453 summa
2354 4414 2497 4453 con-

848 4490 964 4546 silii
996 4506 1174 4561 penes
1205 4489 1371 4543 illum
1400 4494 1488 4544 est
1525 4506 1538 4543 :
1572 4488 1693 4544 sive
1722 4488 1877 4558 quod
1924 4491 2238 4557 utrumque
2270 4503 2495 4553 sexum,

845 4594 1020 4650 quem
1054 4582 1368 4645 creaverat,
1402 4578 1576 4632 etiam
1609 4576 1717 4632 hoc
1752 4576 1923 4631 modo
1963 4576 2495 4631 commendandum

846 4667 1369 4738 honorandumque
1438 4665 1742 4737 judicavit,
1816 4664 2170 4720 assumendo
2247 4666 2495 4720 formam

846 4755 975 4824 viri,
1009 4762 1065 4810 et
1096 4755 1389 4811 nascendo
1422 4755 1491 4810 de
1536 4754 1791 4821 femina;
1825 4755 1943 4808 sive
1974 4752 2169 4824 aliqua
2198 4752 2311 4808 alia
2359 4770 2494 4809 cau-

844 4862 936 4916 sa,
978 4861 1246 4916 quzenam
1297 4842 1397 4899 illa
1445 4843 1539 4910 sit,
1591 4859 1705 4898 non
1759 4847 1977 4898 temere
2029 4842 2293 4897 dixerim.
2346 4842 2493 4898 Illud

914 4989 929 5022 ί
968 4988 1115 5045 Lov.,
1147 4986 1333 5049 impius
1360 4999 1521 5049 nemo,
1554 4984 1653 5049 nisi
1671 4984 1759 5047 qui
1790 4998 1892 5049 non
1920 4983 2321 5049 Credit.Falsum
2353 4988 2404 5033 et
2431 4998 2496 5033 ex

844 5051 969 5160 (biles.
1003 5047 1377 5111 corrigendum
1404 5048 1503 5097 hoc
1531 5048 1707 5106 modo,
1737 5048 1840 5096 nisi
1875 5047 2061 5110 impius
2091 5061 2236 5095 nemo
2267 5062 2363 5095 non
2393 5062 2500 5096 ore.

882 5114 940 5160 it.

882 5128 940 5161 ιτ.

1645 352 1959 413 CONTRA
2002 345 2375 411 FAUSTUM
2426 344 2942 417 MANICHIEUM,
2994 351 3058 408 S.
3105 350 3531 413 AUGUSTINI

4147 356 4269 415 484

2607 479 2801 532 tamen
2837 480 3083 535 fidenter
3107 481 3431 548 dicam,ncc
3464 482 3632 538 aliter
3660 484 3876 539 factum
3907 501 4058 551 esse,
4080 502 4265 557 quam

2609 568 2941 639 evangelica
2956 570 3169 625 veritas
3188 572 3385 627 docuit
3409 593 3423 637 ;
3456 589 3557 627 uec
3575 573 3742 628 aliter
3764 573 3886 629 fieri
3905 575 4265 646 oportuisse,

2610 672 2785 727 quam
2819 658 2918 713 Dei
2951 660 3241 731 sapientia
3263 661 3572 731 judicavit.
3597 662 3890 735 Evangelii
3925 664 4103 719 fidem
4137 682 4267 720 om-

2609 745 2783 801 nibus
2814 746 3217 805 bmreticorum
3266 750 3760 823 disputationibus
3799 753 4220 825 anteponimus
4249 770 4263 810 :

2609 835 2919 891 consilium
2952 844 3144 894 autem
3195 840 3491 911 sapientia:
3524 839 3621 895 Dei
3648 858 3826 912 supra
3857 858 4030 897 omne
4063 842 4264 899 consi-

2606 922 2753 979 lium
2785 930 3059 981 creaturaa
3091 929 3517 999 cujuscumque
3544 927 3875 987 laudamus.

2677 1014 2910 1069 CAPUT
2944 1016 3157 1071 VtIl.-—
3189 1012 3406 1073 Tamen
3438 1018 3781 1085 Faustus,ut
3812 1018 3923 1075 sibi
3947 1019 4266 1076 credamus

2606 1100 2879 1158 hortatur
2907 1105 3124 1172 dicens,
3160 1107 3224 1162 Et
3253 1109 3303 1162 si
3332 1108 3474 1162 mihi
3501 1124 3630 1163 vera
3660 1108 3866 1164 dicenti
3909 1110 3991 1164 vis
4019 1109 4263 1182 credere,

2606 1192 2833 1265 uterque
2860 1209 3044 1249 eorum
3074 1196 3229 1267 apud
3266 1196 3518 1256 Hebraeos
3566 1197 3767 1267 falsam
3814 1198 3999 1253 traxit
4047 1200 4265 1270 opinio-

2605 1285 2915 1348 nem,Jesus
2944 1282 3010 1337 de
3039 1292 3230 1353 morte,
3263 1293 3315 1339 et
3344 1284 3413 1339 de
3436 1285 3863 1341 immortalitate
3890 1286 4041 1341 Elius
4075 1302 4090 1341 :
4125 1303 4263 1343 cum

2603 1369 2777 1440 paulo
2808 1376 2940 1442 post
2971 1372 3147 1442 dicat,
3185 1375 3247 1429 Ut
3274 1375 3425 1429 enim
3448 1376 3517 1429 ab
3574 1376 3735 1429 initio
3764 1378 3987 1445 sumpta
4016 1375 4266 1431 hominis

2602 1460 2967 1515 similitudine
2995 1477 3183 1516 omnes
3206 1463 3469 1519 humana
3496 1462 3825 1518 conditionis
3853 1464 4140 1519 simulavit
4169 1466 4262 1535 af-

2602 1550 2776 1619 fectus
2800 1552 2917 1611 ;sic
2945 1551 3012 1605 ab
3046 1568 3103 1605 re
3130 1568 3238 1606 non
3270 1552 3471 1613 erat,si
3488 1552 3549 1607 in
3578 1553 3685 1622 ﬁne
3715 1567 3925 1623 quoque
3940 1555 4269 1624 consignan-

2604 1636 2691 1695 daz
2719 1642 3039 1695 wconomize
3066 1644 3245 1711 gratia
3274 1642 3465 1712 fuisset
3495 1643 3641 1696 visus
3670 1646 3721 1696 et
3748 1641 4104 1698 mori.Homo
4136 1659 4261 1714 pes.

2605 1726 2751 1782 sime
2802 1744 2867 1782 ac
2917 1728 3314 1797 fallacissime,
3347 1729 3640 1801 quomodo
3688 1729 3793 1785 tibi
3841 1746 3946 1802 ego
4001 1732 4260 1802 credam,

2606 1816 2774 1887 quasi
2819 1833 2952 1872 vera
3000 1818 3237 1885 dicenti,
3272 1835 3404 1873 cum
3455 1817 3749 1874 Christum
3801 1819 3961 1876 dicas
4010 1825 4265 1876 mortem

2607 1905 2865 1976 potuisse
2915 1906 3199 1960 mentiri?
3229 1907 3374 1977 Ergo
3421 1906 3519 1962 ille
3567 1907 3976 1974 mentiebatur,
4026 1909 4265 1977 quando

2605 1993 2854 2061 dicebat,
2890 1999 3123 2065 Oportet
3152 1997 3356 2050 Filium
3386 1995 3623 2051 hominis
3654 1996 3848 2065 occidi,
3880 2000 3929 2051 et
3971 1998 4145 2051 tertia.
4174 1996 4268 2053 die

2603 2099 2892 2153 resurgere
2920 2084 3067 2155 (Luc.
3100 2102 3248 2151 xxxv,
3280 2086 3336 2155 7)
3372 2102 3383 2140 :
3417 2090 3471 2139 et
3507 2090 3569 2140 tu
3605 2102 3719 2139 non
3759 2084 4048 2151 mentiris,
4083 2090 4142 2140 et
4172 2086 4267 2141 di-

2605 2172 2687 2228 cis
2722 2179 2783 2227 ut
2809 2173 2916 2227 tibi
2966 2191 3099 2228 vera
3152 2174 3365 2229 dicenti
3416 2175 3728 2230 credamus
3752 2174 3780 2229 ?
3809 2174 4081 2230 Veracior
4125 2190 4269 2247 ergo

2603 2261 2829 2331 Petrus,
2862 2263 3095 2333 quando
3126 2262 3177 2316 ei
3210 2263 3379 2327 dixit,
3407 2264 3575 2332 Absit,
3636 2266 3883 2329 Domine,
3917 2279 4028 2318 non
4065 2265 4161 2335 ﬁet
4187 2266 4268 2319 is-

2604 2350 2736 2415 tud;
2786 2355 2844 2406 et
2892 2351 3045 2405 unde
3098 2353 3312 2406 meruit
3362 2352 3586 2417 audire,
3638 2352 3772 2407 Redi
3817 2357 3983 2419 retro,
4032 2358 4269 2410 satanas

2604 2441 2812 2511 (Matth.
2846 2457 2959 2510 xvx,
2992 2443 3080 2511 22,
3110 2441 3221 2512 23).
3260 2442 3326 2496 Et
3354 2440 3451 2495 ille
3482 2441 3721 2513 quidem
3756 2457 3868 2495 non
3897 2441 4004 2496 hoc
4034 2441 4266 2498 infruc-

2601 2532 2768 2584 tuose
2819 2529 3059 2599 audivit,
3111 2530 3211 2600 qui
3262 2546 3390 2584 eam
3447 2534 3648 2601 postea
3696 2530 3995 2586 veritatem
4052 2530 4266 2588 mortis

2602 2618 2817 2673 Christi
2848 2635 3034 2689 usque
3068 2619 3137 2673 ad
3190 2635 3358 2675 suam
3394 2623 3640 2674 mortem
3689 2626 3986 2675 correctus
4036 2622 4261 2692 perfec-

2600 2711 2814 2778 tusque
2846 2706 3419 2779 praedicavit.Verum
3451 2707 3499 2763 si
3532 2706 3790 2777 ille,quia
3820 2712 4053 2763 tantum
4088 2714 4260 2781 puta-

2598 2796 2682 2850 vit
2710 2795 3007 2850 Cbristum
3042 2812 3156 2850 non
3189 2797 3561 2862 moriturum,
3596 2797 3799 2851 audire
3829 2797 4064 2865 meruit,
4089 2797 4260 2853 Sata-

2601 2902 2740 2948 nas;
2769 2891 2832 2940 tu
2865 2886 3005 2956 quid
3055 2878 3295 2941 mereris
3328 2886 3551 2953 audire,
3586 2885 3685 2957 qui
3718 2904 3832 2942 non
3883 2904 4065 2959 negas
4098 2905 4254 2944 mor-

2599 2980 2786 3041 tuum,
2820 2975 2920 3029 sed
2974 2975 3148 3030 etiam
3180 2975 3326 3030 dicis
3376 2981 3621 3031 mortem
3663 2976 3845 3032 fuisse
3894 2976 4259 3033 mentitum?

2600 3064 2711 3119 Sed
2743 3063 3371 3135 ideo,inquis,mortem
3404 3080 3634 3135 quoque
3664 3065 3980 3121 simulasse
4010 3067 4257 3121 creden-

2600 3154 2710 3209 dus
2743 3153 2997 3225 est,quia
3024 3169 3227 3209 omnes
3261 3153 3531 3209 humanae
3565 3154 3917 3209 conditionis
3951 3154 4259 3211 simulavit

2602 3243 3010 3307 aﬂ'ectus.Quis
3036 3243 3193 3298 enim
3215 3243 3321 3299 tibi
3350 3243 3458 3299 hoc
3487 3249 3688 3299 contra
3705 3243 4085 3317 Evangelium
4119 3262 4259 3301 con-

2600 3349 2875 3388 cessurus
2906 3336 3013 3402 est,
3046 3334 3200 3406 quod
3235 3349 3438 3389 omnes
3468 3333 3741 3388 humanae
3792 3333 4153 3389 conditionis
4185 3334 4265 3389 si-

2602 3421 2843 3476 mulavit
2889 3422 3180 3477 aifectus?
3229 3426 3478 3477 Prorsus
3528 3421 3578 3477 si
3628 3422 3829 3477 idixit
3875 3421 4261 3493 evangelista,

2604 3510 2884 3566 Dormivit
2932 3511 3105 3566 Jesus
3137 3510 3231 3581 (Id.
3265 3528 3386 3578 vm,
3418 3512 3547 3582 24);
3584 3511 3634 3565 si
3665 3511 3828 3579 dixit,
3860 3512 4117 3567 Esurivit
4148 3513 4260 3583 (Id.

2603 3616 2677 3665 1v,
2710 3600 2789 3670 2),
2824 3599 3004 3655 sitivit
3052 3601 3232 3671 (Joan.
3285 3601 3421 3671 χιχ),
3469 3600 3847 3655 coniristatus
3897 3606 3987 3655 est
4039 3601 4258 3671 (Matth.

2602 3705 2755 3756 xxvr,
2786 3688 2901 3759 37),
2948 3687 3305 3743 exhilaratus
3354 3693 3465 3757 est,
3498 3692 3556 3743 et
3584 3689 3633 3743 si
3674 3705 3791 3760 qua
3841 3687 3982 3745 talia
4012 3706 4027 3757 ;
4064 3689 4265 3745 omnia

2603 3794 2738 3832 vera
2769 3783 3067 3849 sunt,quaa
3099 3778 3177 3832 ita
3210 3784 3442 3833 narrata
3471 3782 3629 3844 sunt,
3665 3784 3729 3832 ut
3757 3794 3871 3833 non
3907 3795 4041 3833 eum
4074 3779 4263 3834 simu-

2602 3865 2776 3935 lasse,
2810 3866 2910 3921 sed
2943 3866 3113 3937 plane
3161 3865 3365 3922 fecisse
3410 3864 3498 3921 vel
3545 3866 3879 3922 exhibuisse
3928 3867 4265 3939 conscripta

2599 3956 2885 4018 sint,sane
2915 3971 3028 4009 non
3059 3956 3403 4010 necessitate
3421 3954 3905 4017 conditionis.sed
3932 3956 4263 4027 magisterii

2599 4042 2982 4108 voluntate,et
3013 4043 3209 4098 divina
3240 4044 3416 4098 etiam
3450 4043 3903 4116 potestate.Nam
3935 4044 4112 4100 homo
4137 4044 4263 4116 ple-

2603 4148 2854 4202 rumque
2883 4131 2990 4186 etsi
3023 4130 3189 4201 nolit,
3226 4132 3478 4198 dormit;
3510 4132 3619 4186 etsi
3652 4130 3816 4200 nolit,
3849 4132 4263 4202 contristatur;

2608 4220 2714 4275 etsi
2745 4219 2910 4283 nolit,
2962 4220 3213 4288 dormit;
3246 4220 3356 4276 etsi
3389 4219 3555 4285 nolit,
3600 4221 3808 4287 esurit,
3841 4238 3908 4277 ac
3958 4221 4085 4277 sitit
4120 4239 4133 4277 :
4170 4221 4266 4278 ille

2607 4313 2802 4364 autem
2836 4309 3032 4364 omnia
3062 4308 3368 4381 ista’,quia
3398 4308 3701 4366 voluit.Sic
3733 4309 3907 4365 etiam
3940 4316 4267 4367 nascuntur

2606 4397 2872 4453 homines
2902 4403 3075 4470 atque
3107 4398 3558 4469 patiuntur,non
3590 4398 3729 4470 quia
3746 4398 4083 4465 volunt,nec
4107 4401 4262 4471 quod

2605 4485 2807 4542 volunt
2836 4487 2895 4554 ³;
2926 4486 3027 4542 ille
3058 4492 3253 4542 autem
3288 4486 3464 4542 etiam
3497 4486 3630 4558 ista,
3664 4486 3802 4558 quia
3828 4487 4263 4544 voluit.Tamen

2605 4592 2739 4631 vera
2760 4575 2878 4631 haec
2909 4580 2965 4631 et
2995 4576 3065 4630 de
3094 4575 3193 4630 illo
3227 4575 3475 4631 ﬁdeliter
3504 4576 3899 4648 veraciterque
3930 4578 4265 4649 conscripta

2606 4669 2763 4735 sunt,
2798 4669 2863 4719 ut
2891 4663 3158 4735 quisquis
3190 4664 3496 4737 Evangelio
3526 4666 3654 4736 ejus
3686 4666 4265 4733 crediderit,veritate

2605 4753 2951 4819 instruatur,
2984 4770 3099 4808 non
3132 4753 3450 4811 mendaciis
3479 4754 3781 4810 illudatur.

2668 4862 2685 4895 ¹
2717 4860 2832 4909 Am.
2865 4861 2947 4926 Er.
2980 4864 3031 4926 et
3061 4860 3261 4926 plures,
3288 4861 3409 4926 Mss.
3439 4860 3542 4911 hoc
3570 4866 3623 4911 et
3653 4861 3893 4924 proximo
3922 4862 4039 4912 loco
4081 4867 4267 4926 praste-

2604 4928 2763 4971 reunt
2792 4923 3125 4990 particulam,
3153 4925 3213 4990 si.
3241 4924 3405 4990 Paulo
3426 4930 3557 4990 post
3584 4923 3723 4990 apud
3748 4927 3946 4990 Lov.et
3975 4923 4103 4974 Mss:
4123 4927 4267 4990 legi-

2604 4978 3003 5051 tur,_et’si_quid
3029 4978 3193 5051 aliud.
3224 4986 3377 5047 Apud
3551 4990 3603 5051 et
3620 4978 3733 5045 Ἐν..
3764 4992 3813 5037 et
3842 4989 3891 5051 si
3918 5003 4019 5051 qua
4052 4978 4200 5039 talia;

2668 5048 2689 5113 Ξ
2717 5049 2773 5113 l_n
2806 5048 2976 5113 editis,
3007 5049 3150 5110 fecit,
3181 5052 3301 5112 quia
3334 5049 3508 5097 voluit.
3534 5050 3717 5113 Abest.
3748 5050 3888 5113 fecit,
3925 5048 3957 5099 ἁ
3986 5052 4118 5108 Ma.

2666 5112 2687 5144 ³
2717 5110 2898 5159 Plures
2927 5112 3071 5169 Mss.,
3105 5110 3200 5159 nec
3221 5114 3429 5174 quando
3459 5111 3650 5161 volunt.

1623 5282 2004 5375 LIBER
2082 5282 2751 5378 VIGESIMUS
2832 5284 3470 5381 SEPTIMUS.

916 5509 1144 5568 CAPUT
1184 5511 1490 5570 PRIMUM.
1523 5546 1591 5556 —
1636 5513 1895 5571 Fausrus
1942 5514 2089 5569 dixit
2140 5530 2152 5570 :
2204 5514 2263 5569 Si
2315 5520 2485 5571 natus

843 5618 959 5657 non
992 5605 1081 5655 est
1109 5601 1301 5669 Jesus,
1328 5621 1428 5659 nec
1452 5622 1658 5677 passus
1681 5610 1769 5662 est
1793 5622 1805 5661 :
1830 5604 1877 5661 si
1904 5608 2101 5660 autem
2133 5620 2343 5674 passus
2375 5610 2482 5677 est,

2594 5518 2685 5573 his
2719 5518 2891 5573 rebus
2924 5517 3398 5587 consequentiam
3430 5534 3685 5589 querere
3715 5522 3933 5574 naturas
3954 5517 4260 5591 ﬁalioquin

2591 5606 2984 5663 inﬁrmabitur
3004 5605 3193 5662 omnis
3211 5611 3400 5663 vestra
3414 5608 3577 5664 fides.
3601 5608 3748 5664 Nam
3773 5611 3829 5664 et
3850 5607 4170 5665 vosJesum
4196 5624 4264 5664 ex

839 5706 975 5763 ergo
1007 5694 1064 5746 et
1093 5695 1264 5748 natus
1286 5697 1524 5752 est.Non
1545 5696 1707 5753 vobis
1728 5693 2135 5768 expedit,mihi
2156 5693 2390 5767 credite,
2422 5695 2483 5754 in
2588 5696 2814 5770 virgine
2844 5700 3047 5755 natum
3068 5695 3195 5753 sine
3218 5694 3325 5753 viri
3349 5696 3510 5759 coitu
3536 5698 3873 5773 creditis,et
3893 5696 3945 5758 si
3968 5713 4041 5757 ex
4060 5712 4262 5758 conle-
