4462 6440
382 446 505 505 489

382 580 799 648 umbraticam,
826 578 1259 652 imaginariam,
1286 578 1668 652 fallacemque
1681 580 1889 636 dicatis
1910 598 1922 635 :
1944 596 2040 635 ne-

382 685 499 741 que
521 670 681 726 enim
706 672 835 741 ejus
858 671 956 741 qui
983 688 1099 726 non
1114 685 1243 726 vere
1260 675 1529 726 mortuus
1548 675 1940 739 est,veraesse
1955 685 2037 725 re-

382 760 675 815 surrectio
702 763 910 831 potest.
935 760 1016 814 Ita
1039 759 1103 813 ﬁt
1125 765 1189 814 ut
1208 762 1264 815 et
1286 759 1581 816 cicatrices
1603 758 1907 831 discipulis
1924 758 2031 813 du—

381 847 713 903 bitantibus
747 847 925 903 falsos
954 848 1317 915 ostenderit;
1357 865 1461 904 nec
1492 848 1748 903 Thomas
1797 848 2034 904 veritate

380 936 788 1003 conﬁrmatus,
810 936 912 992 sed
932 934 1163 991 fallacia
1181 936 1454 1007 deceptus
1472 936 1757 1006 clamarit,
1773 937 2034 991 Dominus

380 1040 538 1080 meus
567 1029 619 1080 et
648 1026 783 1081 Deus
812 1041 966 1079 meus
998 1029 1182 1096 (Joan.
1217 1041 1313 1095 xx,
1344 1026 1435 1096 28)
1460 1042 1472 1079 :
1498 1028 1555 1080 et
1575 1030 1768 1080 tamen
1794 1040 2031 1095 persua-

380 1114 519 1168 dere
551 1112 866 1184 conamini,
902 1112 1105 1185 lingua
1133 1130 1233 1169 vos
1265 1112 1425 1185 loqui
1457 1130 1679 1181 verum,
1712 1129 1845 1168 cum
1868 1111 2030 1169 Chri-

378 1206 539 1258 stum
563 1202 772 1258 dicatis
796 1206 913 1257 toto
936 1218 1174 1273 corpore
1198 1202 1379 1258 fuisse
1399 1201 1731 1257 mentitum.
1751 1202 1879 1257 Haec
1895 1205 2034 1257 sunt

376 1307 507 1362 qua
529 1291 694 1347 vobis
712 1291 1094 1363 objiciuntur,
1114 1290 1214 1363 qui
1232 1290 1407 1347 talem
1429 1290 1719 1347 Christum
1741 1291 1903 1346 vobis
1923 1290 2032 1347 ﬁn-

376 1380 573 1447 xistis,
608 1382 780 1451 cujus
811 1379 1084 1453 discipuli
1113 1380 1231 1436 veri
1264 1398 1379 1436 non
1410 1381 1559 1449 sitis,
1585 1380 1700 1436 nisi
1723 1380 2031 1436 mendaces

371 1485 480 1524 vos
513 1485 748 1541 quoque
778 1469 1030 1525 fueritis.
1064 1470 1187 1525 Non
1222 1474 1418 1526 autem
1468 1470 1597 1526 ideo
1631 1468 1822 1541 magia
1850 1468 2031 1525 videri

371 1561 570 1629 potest
592 1562 731 1614 nata
751 1574 821 1613 ex
832 1558 1057 1630 virgine
1070 1557 1330 1614 hominis
1343 1575 1497 1626 caro,
1514 1559 1653 1630 quia
1666 1574 1799 1614 caro
1818 1557 2031 1613 Christi

376 1647 506 1703 sola
529 1646 609 1703 ita
631 1651 769 1703 nata
790 1652 916 1702 est:
945 1647 1096 1703 sicut
1117 1664 1223 1702 nec
1253 1646 1353 1702 illa
1382 1647 1569 1720 magis
1598 1651 1708 1715 est,
1741 1647 1878 1720 quia
1910 1646 2033 1704 sola

371 1735 591 1792 Christi
622 1752 753 1792 caro
777 1736 868 1791 die
890 1735 1059 1791 tertio
1086 1736 1422 1803 resurrexit,
1451 1754 1753 1808 nunquam
1789 1736 2032 1793 ulterius

372 1824 593 1879 moritu
603 1824 858 1897 ra.A1ioq
868 1825 965 1879 uin
981 1826 1178 1881 omnia
1194 1825 1580 1881 miraculaDei
1598 1825 1824 1898 magica
1837 1829 2028 1896 erunt,

371 1915 518 1985 quia
541 1914 917 1986 singulariter
941 1914 1092 1969 facta
1113 1920 1281 1969 sunt:
1309 1916 1409 1970 sed
1439 1932 1567 1971 vere
1591 1916 1745 1970 facta
1770 1921 1926 1984 sunt,
1950 1932 2039 1971 ve.

370 2020 630 2075 rumque
644 2003 1173 2073 ostenderunt,non
1191 2003 1387 2060 oculos
1402 2004 1708 2060 hominum
1721 2002 2029 2076 praestigiis

370 2090 686 2147 fallacibus
721 2091 1071 2146 illuserunt:
1108 2107 1235 2163 quas
1267 2092 1504 2163 quidem
1537 2096 1738 2147 contra
1760 2094 2025 2147 naturam

365 2180 717 2252 plerumque
730 2178 1121 2252 appellantur,
1148 2196 1261 2235 non
1287 2181 1439 2251 quod
1462 2184 1686 2235 naturae
1719 2181 2024 2236 adversen-

364 2274 490 2335 tur,
518 2269 618 2324 sed
642 2270 793 2340 quod
818 2272 1036 2324 nature:
1060 2269 1324 2337 modum,
1347 2269 1443 2340 qui
1467 2269 1633 2325 nobis
1650 2272 1740 2324 est
1755 2268 2029 2323 usitatus-

370 2358 676 2414 excedant.
702 2356 959 2429 Repellat
980 2374 1117 2429 ergo
1140 2356 1423 2413 Dominus
1445 2375 1477 2412 a
1500 2356 1874 2428 parvulorum
1893 2372 2026 2411 suo-

366 2463 507 2501 rum
533 2446 852 2515 mentibus,
877 2446 1029 2516 quod
1054 2444 1223 2516 quasi
1246 2446 1611 2501 admonendo
1636 2446 1884 2507 Faustus
1907 2461 2030 2516 per-

371 2536 626 2591 suadere
650 2538 893 2590 conatus
917 2539 1024 2604 est,
1052 2538 1115 2589 ut
1134 2533 1311 2589 etiam
1337 2550 1443 2589 nos
1466 2532 1893 2606 imaginariam,
1912 2549 2027 2588 non

370 2640 575 2679 veram
606 2622 963 2678 nativitatem
1010 2622 1226 2678 Christi
1276 2623 1697 2694 proﬁteamur:
1745 2626 1917 2694 atque
1950 2622 2031 2677 ita

372 2714 531 2768 inter
561 2729 667 2768 nos
698 2712 892 2767 omnis
925 2711 1219 2767 contentio
1267 2711 1501 2767 ﬁniatur
1528 2737 1541 2779 ;
1592 2711 1707 2767 imo
1738 2728 1868 2767 vero
1901 2728 2029 2766 ma-

377 2806 519 2858 neat
551 2800 719 2857 nobis
750 2802 1028 2857 adversus
1061 2800 1192 2856 illos
1226 2801 1421 2873 potius
1453 2818 1555 2873 pro
1590 2801 1827 2856 veritate
1849 2805 2030 2856 certa-

381 2908 544 2962 men,
578 2907 755 2962 quam
788 2907 920 2946 cum
952 2890 1067 2945 illis
1096 2888 1156 2944 in
1191 2889 1441 2946 falsitate
1472 2890 1799 2946 concordia.

455 2980 685 3036 CAPUT
716 2980 819 3037 IlI.
848 3011 915 3020 -
947 2983 1362 3035 Verumtamen
1386 2996 1578 3051 quaero
1601 2980 1671 3035 ab
1694 2979 1798 3049 eis,
1827 2979 1873 3034 si
1899 2996 2030 3035 nos-

378 3074 474 3126 tra
505 3069 800 3125 contentio
831 3068 1182 3124 terminatur
1229 3085 1362 3124 cum
1413 3068 1521 3123 hoc
1561 3068 1899 3136 dixerimus,
1928 3085 2031 3124 cur

378 3158 494 3214 hoc
527 3157 639 3230 ipsi
672 3173 787 3212 non
819 3157 1021 3212 dicunt
1042 3158 1069 3211 ?
1099 3156 1215 3212 Cur
1243 3156 1356 3229 ipsi
1387 3161 1633 3213 mortem
1668 3174 1781 3212 non
1810 3174 2027 3226 veram,

376 3248 483 3304 sed
520 3245 927 3318 imaginariam
950 3245 1169 3301 Christi
1191 3246 1524 3314 affirmant;
1551 3245 1908 3301 nativitatem
1934 3263 2031 3301 au-

377 3341 503 3392 tem
533 3353 649 3391 non
680 3334 888 3391 saltem
942 3335 1141 3406 talem,
1182 3336 1280 3390 sed
1316 3352 1555 3406 prorsus
1586 3335 1808 3390 nullam
1840 3335 2031 3391 dicere

375 3423 762 3494 delegerunt?
785 3423 845 3479 Si
871 3423 1239 3479 auctoritatis
1262 3423 1601 3497 evangelicae
1625 3425 1876 3497 pondere
1901 3442 2030 3480 eru-

378 3514 700 3581 buerunti,
734 3518 790 3568 et
820 3512 949 3568 ideo
977 3530 1091 3567 non
1124 3512 1251 3569 ausi
1284 3518 1422 3568 sunt
1452 3513 1745 3569 Christum
1779 3531 1893 3569 non
1925 3512 2033 3569 sal-

381 3608 508 3657 tem
540 3601 887 3673 imaginarie
936 3618 1176 3675 passum
1211 3601 1441 3657 dicere:
1495 3601 1858 3658 nativitatem
1891 3620 2032 3675 quo-

384 3708 503 3764 que
534 3692 663 3762 eius
692 3692 895 3747 eadem
929 3690 1262 3763 evangelica
1284 3696 1527 3747 testatur
1550 3693 1887 3747 auctoritas.
1915 3693 2033 3747 Etsi

384 3780 545 3837 enim
578 3780 695 3835 duo
725 3779 1093 3852 evangelista
1124 3780 1320 3851 ipsum
1355 3785 1587 3852 partum
1621 3780 1813 3835 Mariae
1835 3798 2034 3835 narra-

386 3872 601 3925 verunt
631 3870 853 3936 (Matth.
888 3886 926 3938 1,
977 3870 1068 3933 25,
1121 3878 1171 3925 et
1217 3869 1345 3924 Luc.
1390 3887 1453 3938 11,
1481 3869 1578 3941 7);
1614 3869 1811 3924 nullus
1838 3874 2035 3925 tamen

387 3957 902 4030 Evangelistarum
934 3957 1134 4025 tacuit,
1167 3962 1319 4029 quod
1368 3958 1636 4014 habuerit
1668 3964 1913 4014 matrem
1943 3958 2036 4014 Je-

384 4064 493 4104 sus
528 4048 754 4119 (Matth.
790 4064 852 4113 11,
882 4048 941 4101 11
973 4051 1188 4114 ;Marc.
1212 4064 1298 4112 111,
1326 4048 1395 4101 32
1423 4050 1669 4117 ;Luc.11,
1691 4048 1780 4116 33,
1804 4057 1857 4103 et
1877 4050 2035 4121 Joan.

384 4153 457 4204 11,
492 4137 566 4208 1).
602 4142 688 4190 An
720 4136 855 4191 ideo
885 4135 1075 4208 piguit
1103 4137 1279 4191 etiam
1312 4135 1420 4191 hoc
1443 4137 1755 4209 praedicare
1776 4136 2039 4193 simulta-

383 4232 542 4295 tum,
574 4225 714 4295 quia
738 4224 1139 4297 generationes
1170 4224 1314 4280 alias
1334 4225 1663 4293 Matthaaus,
1687 4225 1829 4281 alias
1854 4227 2041 4282 Lucas

384 4314 751 4386 exsequitur,
786 4314 941 4369 unde
972 4312 1244 4369 videntur
1274 4331 1387 4369 non
1422 4314 1532 4369 sibi
1557 4314 1908 4370 convenire?
1931 4314 2040 4370 Sed

386 4406 464 4460 da
494 4403 793 4459 hominem
847 4401 947 4473 qui
1004 4419 1118 4457 non
1166 4401 1471 4475 intelligat,
1516 4403 1744 4475 putabit
1774 4403 1946 4458 etiam
1981 4403 2040 4458 in

385 4491 594 4549 multis
626 4508 752 4563 qua:
781 4492 851 4547 ad
884 4491 1095 4547 Christi
1129 4491 1470 4563 passionem
1507 4490 1819 4563 pertinent,
1855 4496 2040 4547 Evan-

386 4582 633 4655 gelistas
663 4581 776 4637 sibi
808 4596 921 4637 non
955 4580 1295 4640 convenire:
1328 4580 1403 4634 da
1433 4596 1567 4635 vero
1600 4580 1701 4653 qui
1732 4580 2039 4653 intelligat,

386 4677 447 4728 et
479 4671 697 4742 ubique
746 4670 1117 4726 conveniunt.
1167 4672 1253 4725 An
1303 4669 1442 4741 quia
1484 4674 1730 4725 mortem
1764 4669 2043 4726 simulare

390 4762 710 4816 honestum
741 4764 849 4827 est,
884 4759 1247 4815 nativitatem
1293 4763 1489 4815 autem
1530 4759 1709 4814 etiam
1766 4758 2044 4815 simulare

457 4887 475 4920 ί
512 4883 598 4932 Sic
626 4883 743 4932 Am.
773 4883 855 4931 Er.
889 4887 942 4933 et
969 4883 1155 4946 plures,
1179 4886 1319 4932 notae
1341 4883 1466 4932 Mss.
1494 4883 1571 4932 Ab
1592 4882 1674 4932 his
1711 4884 1932 4946 propius
1955 4897 2041 4933 re-

392 4947 599 4996 cedunt
630 4950 866 5008 quatuor
925 4945 1183 5008 Vaticani.
1242 4946 1334 5008 qui
1390 4945 1603 5008 habent,
1635 4946 1692 4994 Si
1718 4945 2044 4995 auctoritatis

393 5006 704 5082 Euangeliée
728 5009 956 5082 pondera
1012 5006 1378 5082 βρψαν-πῇ...
1401 5009 1461 5082 In
1497 5007 1598 5056 alio
1629 5010 1880 5082 Vaticano
1912 5013 1964 5058 et
1991 5009 2045 5059 in

395 5070 744 5135 Cistérciensi
776 5070 998 5135 legitur:
1028 5070 1135 5135 Sed
1162 5070 1818 5135 auctoritatisievangelicc
1843 5085 2047 5135 ponere

384 5135 564 5199 premi
596 5132 926 5199 erubueifunt.
959 5134 1018 5182 In
1048 5134 1281 5199 editione
1312 5132 1759 5199 Lovaniensinm:
1792 5132 2049 5184 Si'aucto-

388 5194 544 5247 'ritati
572 5194 878 5260 evangelicae
915 5196 1223 5259 respondere
1254 5194 1582 5245 erubuerunt.

1697 446 1929 507 LIBER
1970 445 2472 507 TRIGESIMUS.

3672 452 3793 512 490

2148 582 2315 651 turpe
2345 580 2484 636 est?
2513 580 2628 635 Cur
2656 596 2792 652 ergo
2824 597 2929 636 nos
2951 580 3215 637 hortatur
3234 581 3343 637 hoc
3365 582 3648 647 confiteri,
3676 599 3792 655 quo

2145 668 2331 739 possit
2366 673 2569 725 nostra
2599 669 2892 725 contentio
2925 670 3266 743 proﬂigari?
3296 670 3461 726 Unde
3491 687 3627 744 ergo
3648 671 3794 727 mihi

2142 756 2410 813 videatur
2436 757 2797 813 nativitatem
2831 757 3064 828 Christi,
3097 774 3202 813 nec
3225 758 3429 814 saltem
3453 760 3607 815 sicut
3632 777 3792 816 mor-

2141 848 2257 900 tem
2291 846 2650 917 simulatam,
2681 848 2781 902 sed
2816 863 3058 918 prorsus
3090 846 3314 903 nullam
3354 848 3665 920 praedicare
3695 865 3793 905 vo-

2142 933 2344 1001 luisse,
2379 935 2437 990 in
2491 936 2755 1007 sequenti
2810 952 3080 992 sermone
3130 936 3451 1008 apparebit,
3494 937 3594 993 ubi
3624 937 3792 994 alteri

2141 1025 2635 1095 respondebimus
2665 1024 2995 1097 quaestioni.

2212 1112 2446 1169 CAPUT
2468 1113 2560 1169 IV.
2586 1145 2654 1154 -—
2677 1113 2847 1170 Absit
2874 1119 3068 1170 autem
3095 1117 3161 1168 ut
3180 1114 3256 1169 sit
3276 1113 3333 1168 in
3359 1114 3641 1171 membris
3663 1132 3791 1172 san-

2142 1204 2367 1257 ctorum
2384 1203 2557 1258 etiam
2576 1201 2929 1274 genitalibus
2952 1202 3149 1274 aliqua
3165 1202 3486 1275 turpitudo.
3510 1203 3794 1259 Dicuntur

2141 1291 2378 1362 quidem
2402 1291 2732 1360 inhonesta,
2758 1291 2896 1364 quia
2910 1309 3025 1347 non
3045 1291 3261 1347 habent
3277 1308 3405 1347 eam
3426 1292 3676 1364 speciem
3691 1293 3789 1348 de-

2144 1379 2317 1447 coris,
2342 1395 2517 1451 quam
2540 1380 2804 1436 membra
2820 1398 2948 1453 qua:
2966 1381 3022 1435 in
3040 1384 3314 1453 promptu
3334 1380 3518 1436 locata
3536 1397 3601 1436 su
3612 1380 3791 1453 nt(a).

2139 1468 2247 1523 Sed
2272 1468 2456 1524 videte
2478 1469 2619 1541 quid
2642 1469 2798 1525 dicat
2819 1468 3152 1543 Apostolus,
3178 1486 3311 1525 cum
3343 1485 3411 1525 ex
3442 1470 3571 1543 ipsa
3601 1486 3792 1525 mem-

2141 1556 2379 1613 brorum
2405 1558 2668 1630 corporis
2692 1560 2874 1614 nostri
2896 1558 3118 1615 unitate
3137 1562 3312 1630 atque
3327 1575 3607 1631 compage
3625 1557 3794 1613 clari-

2143 1648 2324 1701 tatem
2348 1648 2659 1718 persuadet
2679 1646 2969 1719 Ecclesiaa,
2999 1648 3166 1704 Multo
3196 1649 3390 1719 magis,
3422 1647 3635 1719 inquit,
3669 1661 3795 1718 qua

2142 1733 2399 1790 videntur
2436 1737 2683 1790 membra
2714 1738 2956 1807 corporis
2991 1737 3301 1807 inﬁrmiora
3322 1752 3456 1806 esse,
3482 1737 3794 1792 necessaria

2143 1828 2299 1883 sunt;
2316 1828 2368 1879 et
2386 1838 2509 1895 quae
2528 1824 2778 1879 videntur
2798 1825 2996 1880 viliora
3016 1840 3128 1880 esse
3138 1826 3397 1896 corporis,
3419 1825 3490 1879 iis
3502 1823 3791 1880 abundan-

2145 1912 2342 1967 tiorem
2363 1913 2621 1968 honorem
2641 1915 3105 1985 circumponimus
3125 1932 3137 1969 :
3162 1916 3212 1967 et
3230 1928 3353 1985 quae
3367 1915 3652 1969 inhonesta
3662 1922 3792 1970 sunt

2143 2006 2360 2070 nostra,
2384 2002 2846 2059 abundantiorem
2870 2003 3213 2059 honestatem
3231 2002 3427 2057 habent
3440 2021 3458 2057 :
3472 2018 3599 2074 quw
3610 2006 3789 2058 autem

2142 2090 2367 2147 honesta
2407 2096 2536 2147 sunt
2560 2103 2765 2161 nostra,
2799 2108 2907 2148 non
2941 2108 3073 2164 opus
3104 2091 3340 2148 habent:
3371 2092 3462 2147 sed
3488 2092 3626 2148 Deus
3655 2095 3792 2147 tem-

2135 2183 2352 2252 peravit
2373 2197 2585 2252 corpus,
2608 2183 2680 2252 ei,
2703 2183 2794 2236 cui
2813 2181 3023 2247 deerat,
3058 2182 3328 2253 majorem
3357 2181 3615 2237 honorem
3632 2180 3793 2249 dans,

2137 2277 2199 2325 ut
2227 2286 2337 2325 non
2366 2276 2545 2326 essent
2571 2272 2832 2327 scissim?
2860 2272 2921 2325 in
2948 2286 3173 2341 corpore
3201 2270 3248 2341 (Ι
3277 2269 3401 2326 Cor.
3433 2287 3536 2336 x11,
3572 2270 3789 2341 22-25).

2138 2357 2381 2414 Illicitus
2414 2360 2633 2431 itaque,
2666 2364 2723 2415 et
2753 2358 3152 2430 temperantiae
3176 2358 3404 2432 legibus
3426 2376 3540 2414 non
3564 2359 3791 2429 subjec-

2138 2452 2235 2503 tus
2266 2448 2667 2503 membrorum
2702 2447 2939 2503 illorum
2976 2465 3121 2503 usus
3150 2453 3237 2503 est
3266 2447 3456 2520 turpis
3482 2464 3495 2515 ;
3521 2463 3635 2502 non
3660 2446 3792 2519 ipsa

2139 2537 2427 2604 membra,
2460 2554 2586 2607 quae
2637 2553 2753 2591 non
2806 2536 2996 2591 solum
3031 2535 3092 2591 in
3123 2535 3422 2591 excellenti
3455 2534 3791 2608 integritate

2140 2624 2368 2680 czelibes
2400 2630 2455 2680 et
2484 2624 2738 2698 virgines
2760 2628 3011 2691 servant,
3037 2625 3136 2680 sed
3162 2625 3272 2697 ipsi
3301 2625 3596 2697 conjugati
3620 2641 3786 2680 sanc-

2140 2714 2183 2768 ti
2215 2718 2406 2785 patres
2437 2731 2502 2769 ac
2539 2718 2775 2780 matres,
2809 2714 2893 2769 sic
2926 2714 3011 2769 eis
3041 2714 3396 2786 generationi
3431 2718 3789 2769 tantummo-

2141 2801 2213 2857 do
2246 2801 2618 2858 consulentes
2663 2802 2997 2872 utebantur,
3033 2807 3097 2857 ut
3145 2801 3242 2857 ille
3273 2801 3557 2857 naturalis
3589 2806 3786 2857 motus

2141 2890 2302 2947 nullo
2330 2891 2502 2947 modo
2524 2892 2715 2963 turpis
2735 2896 2908 2958 esset,
2937 2892 3035 2963 qui
3064 2908 3176 2947 non
3201 2890 3453 2957 libidini,
3480 2892 3581 2947 sed
3609 2889 3784 2947 ratio-

2140 2980 2200 3035 ni
2231 2981 2487 3036 serviret.
2539 2981 2764 3044 Quanto
2815 2980 3004 3051 magis
3051 2996 3186 3051 ergo
3217 2980 3277 3035 in
3326 2983 3527 3036 sancta
3556 2979 3778 3052 virgine

2140 3068 2344 3139 Maria,
2375 3086 2500 3139 quae
2531 3067 2746 3124 Christi
2777 3085 3008 3124 carnem
3037 3068 3149 3124 ﬁde
3186 3070 3469 3141 concepit,
3502 3068 3644 3124 nihil
3676 3067 3781 3123 ha-

2140 3157 2395 3212 buerunt
2414 3156 2799 3229 turpitudinis
2820 3157 3103 3229 membra,
3123 3174 3250 3229 quae
3268 3174 3371 3213 nec
3389 3157 3645 3213 humano
3667 3155 3787 3213 lici-

2139 3249 2317 3317 toque
2343 3246 2673 3318 conceptui,
2708 3247 2809 3302 sed
2842 3245 3036 3301 divino
3083 3250 3313 3302 tantum
3352 3246 3545 3319 partui
3574 3245 3785 3302 servie-

2142 3334 2326 3389 runt?
2359 3333 2564 3390 Merito
2595 3334 2764 3406 plane
2793 3335 2877 3390 sic
2930 3335 3257 3404 honestate,
3302 3340 3365 3391 ut
3393 3336 3563 3391 nobis
3589 3335 3789 3391 Chris-

2142 3428 2289 3494 tum,
2324 3439 2498 3495 quem
2530 3423 2804 3478 cordibus
2856 3423 3101 3496 integris
3134 3425 3420 3480 credendo
3452 3424 3785 3495 concipere-

2144 3529 2297 3579 mus,
2332 3517 2386 3567 et
2416 3512 2745 3567 conﬁtendo
2772 3512 3203 3583 quodammodo
3227 3528 3585 3586 pareremus,
3608 3512 3784 3568 etiam

2143 3600 2518 3673 corporaliter
2538 3604 2763 3656 servata
2787 3600 3121 3672 integritate
3144 3602 3597 3657 transfunderet.
3619 3599 3790 3655 Nullo

2144 3692 2315 3746 modo
2347 3688 2501 3745 enim
2534 3689 2802 3745 Christus
2835 3694 3083 3745 matrem
3114 3691 3408 3746 nascendo
3440 3691 3655 3746 faceret
3687 3690 3786 3745 de-

2144 3779 2415 3835 teriorem
2446 3796 2458 3845 ;
2493 3783 2557 3833 ut
2587 3778 2680 3833 cui
2712 3795 2930 3834 munus
2963 3778 3340 3834 fecunditatis
3362 3778 3658 3845 attulerat,
3692 3777 3790 3833 de-

2146 3886 2251 3925 cus
2279 3867 2633 3940 virginitatis
2665 3868 2939 3923 auferret.
2980 3868 3105 3923 Haec
3152 3868 3446 3937 veraciter,
3477 3884 3591 3922 non
3626 3864 3788 3921 falla-

2148 3959 2290 4013 citer
2321 3956 2472 4012 facta
2502 3960 2676 4012 sunt:
2711 3956 2811 4011 sed
2844 3972 2993 4011 nova
3036 3959 3198 4023 sunt,
3231 3956 3330 4011 sed
3362 3953 3597 4011 insolita
3627 3957 3786 4021 sunt,

2148 4047 2249 4103 sed
2282 4049 2482 4101 contra
2510 4049 2730 4100 naturae
2762 4060 2999 4100 cursum
3049 4043 3423 4100 notissimum
3457 4048 3616 4110 sunt,
3651 4040 3790 4114 quia

2149 4150 2383 4207 magna,
2415 4135 2555 4205 quia
2586 4134 2753 4201 mira,
2786 4133 2922 4203 quia
2951 4131 3183 4201 divina;
3217 4137 3273 4187 et
3309 4147 3375 4187 eo
3418 4130 3605 4204 magis
3631 4146 3787 4197 vera,

2148 4229 2326 4293 certa,
2360 4223 2647 4277 ﬁrmata'.

2219 4313 2289 4368 Et
2323 4310 2552 4383 Angeli,
2578 4310 2788 4383 inquit,
2810 4309 2920 4365 visi
2943 4313 2999 4366 et
3020 4307 3199 4366 locuti
3222 4313 3378 4380 sunt,
3404 4310 3672 4381 quamvis
3697 4325 3795 4365 na-

2150 4401 2195 4457 ti
2228 4418 2343 4457 non
2376 4399 2608 4455 fuerint.
2646 4399 2821 4464 Quasi
2875 4416 2980 4454 nos
3031 4398 3295 4454 dicamus
3324 4398 3644 4467 Christum,
3677 4398 3793 4455 nisi

2152 4494 2488 4547 nasceretur
2515 4506 2583 4544 ex
2614 4488 2850 4557 femina,
2884 4504 2989 4543 nec
3019 4487 3221 4555 videri,
3254 4504 3358 4543 nec
3388 4486 3547 4559 loqui
3570 4487 3795 4559 potuis-

2152 4598 2231 4637 se.
2267 4578 2479 4643 Potuit,
2514 4578 2611 4633 sed
2648 4576 2870 4633 noluit:
2911 4582 2968 4632 et
3009 4577 3117 4632 hoc
3148 4575 3361 4632 melius
3392 4580 3481 4632 est
3510 4577 3664 4648 quod
3697 4592 3794 4633 vo-

2152 4667 2281 4724 luit.
2313 4667 2429 4723 Hoc
2459 4671 2651 4722 autem
2684 4682 2818 4721 eum
2850 4665 3104 4722 voluisse
3134 4666 3262 4721 ideo
3284 4669 3505 4721 certum
3529 4670 3635 4735 est,
3660 4665 3798 4737 quia

2152 4760 2260 4814 hoc
2293 4756 2443 4827 fecit,
2479 4756 2579 4828 qui
2630 4754 2776 4810 nihil
2828 4756 3195 4825 necessitate,
3231 4755 3384 4811 sicut
3415 4754 3557 4809 deus
3588 4758 3797 4826 vester,

2155 4848 2388 4911 faceret,
2424 4845 2524 4900 sed
2557 4844 2753 4900 omnia
2774 4844 3088 4900 voluntate.
3117 4843 3235 4899 Hoc
3257 4859 3389 4899 vero
3412 4860 3545 4898 eum
3570 4834 3797 4913 fecisse,

2154 4936 2283 4992 ideo
2316 4952 2428 4990 non
2462 4933 2826 5001 dubitamus,
2872 4933 3011 5006 quia
3056 4950 3172 4989 non
3203 4933 3474 5004 cuiquam
3507 4930 3797 5003 heretico,

2156 5025 2257 5081 sed
2286 5023 2413 5094 ejus
2443 5020 2748 5094 Evangelio
2770 5022 3084 5078 credimus.

2223 5134 2240 5168 1
2275 5132 2360 5180 Er.
2390 5129 2554 5193 Lugd.
2588 5131 2639 5178 et
2666 5128 3015 5192 Ven.,ﬁrma.
3112 5129 3180 5178 Μ.

2225 5195 2299 5257 (a)
2331 5194 2375 5243 II
2405 5194 2654 5251 Retract.,
2684 5204 2799 5254 cap.
2822 5193 2869 5252 7,
2901 5204 2955 5240 n.
2978 5194 3023 5241 3.

1489 5392 1868 5490 LIBER
1936 5389 2723 5488 TRIGESIMUS.

461 5617 699 5676 CAPUT
720 5616 1031 5676 PRIMUM.
1055 5650 1120 5661 -—
1143 5622 1399 5676 FAUSTUS
1424 5618 1594 5674 dixit:
1610 5617 1690 5674 De
1708 5617 1875 5675 vobis
1889 5616 2041 5690 jam-

388 5709 843 5767 dudumPaulus
856 5710 966 5765 scri
975 5710 1245 5782 psit,quia
1256 5709 1531 5765 discedent
1545 5708 1812 5780 quidama
1826 5708 2042 5779 ﬁde,in-

390 5798 677 5857 tendentes
686 5799 969 5871 spiritibus
979 5798 1317 5873 seductoriis,
1335 5797 1602 5855 doctrinis
1624 5796 2043 5867 daemoniorum,

720 5925 982 5989 ΡΑτιιοι..
1026 5926 1209 5992 XLII.

2150 5618 2208 5674 in
2224 5616 2504 5689 hypocrisi
2520 5613 2797 5687 loquentes
2806 5612 3182 5684 mendacium,
3199 5616 3571 5671 cauteriatam
3594 5612 3805 5668 haben-

2151 5716 2229 5764 tes
2246 5706 2638 5763 conscientiam
2656 5720 2833 5773 suam,
2855 5703 3200 5776 prohibentes
3220 5707 3445 5773 nubere,
3469 5704 3808 5761 abstinentes
3912 5720 3915 5723 ·

2153 5798 2341 5854 acibis
2361 5810 2489 5867 quos
2517 5793 2655 5851 Deus
2674 5793 2901 5861 creavit,
2926 5794 2997 5849 ad
3012 5794 3430 5868 percipiendum
3449 5809 3573 5851 eum
3591 5797 3800 5865 gratia-

3410 5921 3487 5983 16
