4462 6482
646 498 757 557 491

641 646 766 683 rum
787 631 1003 683 actione
1021 627 1271 697 ﬁdelibus
1292 629 1333 698 (Ι
1360 629 1489 680 Tim.
1522 644 1594 689 ιν,
1622 628 1747 695 1-3).
1773 626 2082 696 Nunquam
2110 624 2282 696 plane

641 719 743 774 tibi
770 735 873 789 ego
892 718 1011 772 haec
1036 718 1107 772 ab
1128 717 1400 787 Apostolo
1420 717 1573 769 dicta
1590 733 1718 770 esse
1740 714 2154 779 consenserim,
2171 712 2282 768 nisi

642 814 809 863 antea
822 806 1309 877 conﬁtearisipse,
1328 805 1561 876 Moysen
1581 804 1967 874 etProphetas
1992 802 2287 857 doctrinas

643 897 911 952 attulisse
929 896 1373 961 daemoniorum,
1399 900 1455 948 et
1473 892 1789 949 seductorii
1814 892 2053 964 spiritus
2079 909 2143 947 ac
2167 908 2290 945 ma-

643 984 783 1057 ligni
809 986 989 1040 fuisse
1013 985 1375 1054 interpretes,
1400 983 1498 1053 qui
1523 1000 1556 1037 a
1580 983 1816 1054 porcina
1837 987 1893 1036 et
1915 981 2135 1036 caeteris
2166 997 2290 1035 car-

647 1074 841 1140 nibus,
864 1090 1012 1144 quas
1033 1072 1369 1127 immundae
1386 1075 1611 1136 vocant,
1633 1070 1878 1125 sollicite
1896 1071 2141 1125 doceant
2158 1069 2292 1124 abs-

648 1164 846 1218 tinend
859 1179 978 1217 um.
1006 1167 1079 1216 De
1097 1162 1189 1215 his
1202 1177 1337 1232 ergo
1354 1161 1539 1232 primo
1554 1160 1993 1215 deliberandum
2008 1159 2170 1213 vobis
2183 1162 2293 1225 est,

649 1256 709 1307 et
728 1251 828 1305 diu
854 1250 1220 1321 multumque
1241 1250 1638 1321 cogitandum,
1663 1249 1783 1304 haec
1806 1249 1905 1320 qui
1928 1248 2179 1303 debeant
2201 1262 2294 1302 ac-

649 1340 823 1411 cipi‘,
846 1338 905 1394 in
955 1339 1146 1394 Deone
1185 1338 1296 1410 ipsi
1323 1339 1465 1405 haec,
1498 1356 1569 1392 an
1606 1338 1665 1392 in
1698 1338 1982 1393 daemonio
2015 1335 2190 1391 locuti
2221 1334 2299 1389 vi-

649 1430 915 1483 deantur.
941 1428 1056 1483 Hac
1076 1428 1231 1483 enim
1252 1431 1785 1499 tenus,autMoyses
1810 1432 1865 1481 et
1884 1426 2185 1497 Prophetas
2203 1440 2301 1479 no-

648 1518 875 1572 biscum
898 1516 1159 1572 damnati
1182 1522 1373 1583 erunt,
1404 1522 1505 1571 aut
1527 1521 1584 1572 et
1608 1533 1712 1570 nos
1735 1532 1866 1570 cum
1888 1514 2003 1569 illis
2025 1513 2298 1569 absoluti.

647 1605 842 1677 Neque
867 1605 1202 1674 enimjusta
1224 1605 1343 1659 haec
1375 1622 1530 1660 nunc
1563 1610 1754 1659 vestra
1788 1603 2073 1658 sententia
2104 1606 2211 1667 est,
2238 1606 2302 1655 ut

647 1711 753 1750 nos
768 1695 1029 1765 quidem,
1046 1696 1145 1766 qui
1162 1693 1351 1749 solum
1370 1695 1425 1748 in
1446 1694 1609 1765 plebe
1624 1693 1979 1749 sacerdotale
1994 1691 2301 1746 hominum

649 1800 834 1855 genus
858 1799 1170 1839 censamus
1192 1783 1509 1838 acarnibus
1532 1784 1822 1838 abstinere
1837 1784 2065 1848 debere,
2083 1782 2303 1835 daemo-

653 1872 884 1927 niorum
908 1872 1184 1926 doctrinas
1208 1872 1511 1926 videamur
1530 1872 1693 1926 vobis
1715 1876 2099 1926 assectatores
2125 1887 2138 1923 :
2175 1887 2305 1923 ves-

654 1966 777 2016 tros
800 1977 929 2015 vero
952 1960 1289 2031 Prophetas,
1317 1965 1491 2031 atque
1515 1961 1706 2031 ipsum
1740 1963 1881 2014 adeo
1915 1961 2171 2031 Moysen,
2206 1957 2305 2029 qui

655 2050 884 2121 primus
908 2066 1020 2103 non
1038 2049 1403 2105 antistitibus
1424 2049 1637 2119 solum,
1659 2051 1757 2105 sed
1778 2050 1936 2103 omni
1958 2049 2195 2103 confuse
2210 2048 2310 2102 ho-

658 2138 886 2193 minum
910 2138 1108 2211 generi
1135 2137 1310 2193 suilla
1334 2139 1717 2203 interdixerit,
1743 2144 1799 2193 et
1824 2138 2106 2210 leporina,
2130 2144 2185 2193 et
2206 2138 2307 2193 he-

661 2227 877 2283 ricina’
908 2244 1101 2293 carne,
1134 2232 1190 2283 et
1222 2228 1401 2300 sepiis
1431 2245 1497 2283 ac
1546 2228 1930 2301 lolliginibus,
1972 2228 2309 2299 caeterisque

661 2318 971 2390 generibus
1017 2317 1265 2388 piscium
1318 2319 1653 2373 carentibus
1704 2334 1951 2389 squama
1981 2319 2169 2388 (Leuit.
2204 2320 2307 2385 x1),

662 2423 778 2462 non
810 2407 869 2461 in
900 2406 1111 2478 spiritu
1147 2408 1473 2462 seductorio
1507 2408 1633 2472 hoc,
1668 2424 1771 2462 nec
1803 2406 1863 2461 in
1894 2406 2159 2461 doctrina
2192 2408 2311 2460 daa-

661 2495 1015 2564 moniorum,
1047 2497 1146 2551 sed
1198 2496 1256 2550 in
1301 2497 1416 2551 Deo
1457 2497 1649 2569 potius
1680 2500 1735 2551 et
1766 2496 1825 2550 in
1856 2501 2058 2551 sancto
2088 2494 2309 2566 Spiritu

658 2582 884 2638 locutos
914 2600 1042 2639 esse
1072 2584 1463 2639 arbitremini.
1502 2585 1685 2657 Igitur
1718 2590 1781 2639 ut
1811 2584 1920 2639 hoc
1944 2584 2049 2638 tibi
2074 2583 2309 2638 interim

658 2672 903 2727 Paulum
936 2672 1151 2729 dixisse
1179 2675 1513 2741 concedam,
1548 2675 1735 2729 victus
1768 2679 1962 2728 tamen
1987 2674 2095 2727 abs
2118 2678 2171 2727 te
2194 2688 2310 2727 non

660 2765 793 2816 ante
822 2762 1003 2830 fuero,
1038 2779 1210 2834 quam
1235 2768 1294 2817 tu
1326 2763 1555 2834 Moysen
1580 2762 1950 2819 damnaveris
1976 2767 2032 2818 et
2062 2760 2310 2832 Prophe—

659 2854 749 2906 tas
774 2866 786 2905 :
824 2860 883 2906 ut
910 2852 1065 2922 quod
1092 2852 1315 2907 ratione
1342 2853 1641 2907 convictus
1664 2858 1720 2907 et
1740 2853 1981 2907 veritate
2005 2866 2310 2921 nunquam

664 2938 911 2994 fortasse
943 2940 1198 3007 fecisses,
1228 2940 1286 2995 id
1338 2956 1494 2997 nunc
1543 2941 1759 2997 ventris
1800 2958 1979 2996 causa
2010 2941 2197 2995 facere
2226 2938 2313 2993 vi-

665 3029 877 3095 dearis,
912 3028 1318 3101 blasphemare
1353 3030 1613 3101 Moysen.

738 3118 968 3173 CAPUT
988 3122 1057 3173 II.
1073 3149 1140 3159 —
1156 3119 1395 3173 Estvero
1409 3124 1464 3173 et
1477 3118 1630 3173 aliud
1650 3119 1719 3173 de
1742 3117 1931 3173 tribus
1947 3118 2142 3190 pueris
2157 3118 2311 3189 apud

667 3223 770 3261 vos
796 3208 855 3261 in
886 3206 1144 3277 Daniele,
1177 3223 1290 3278 quo
1326 3207 1696 3263 vehementer
1727 3207 1963 3279 perinde
1994 3207 2314 3262 confunde-

672 3295 839 3363 mini,
864 3295 911 3351 si
944 3295 1101 3351 istud
1134 3295 1481 3366 constiterit,
1513 3314 1546 3351 a
1575 3296 1717 3353 cibis
1747 3297 2060 3364 abstinere,
2096 3297 2315 3351 daemo-

672 3385 905 3441 niorum
927 3384 1288 3456 essereligio.
1318 3384 1403 3438 llli
1425 3384 1581 3440 enim
1603 3402 1714 3439 non
1737 3389 1967 3440 tantum
1987 3386 2059 3440 ab
2082 3384 2319 3440 interdi-

672 3473 779 3529 ctis
808 3474 976 3546 Lege,
1001 3475 1101 3530 sed
1123 3474 1294 3529 etiam
1319 3474 2317 3545 aconcessisabstinuisseleguntur

673 3563 833 3633 (Dan.
878 3581 916 3629 1,
952 3565 1038 3634 12)
1065 3581 1077 3618 :
1112 3580 1259 3634 quos
1286 3564 1658 3618 vehementer
1689 3564 1886 3618 mirari
1922 3563 2137 3627 soletis,
2167 3567 2223 3617 et
2253 3561 2313 3615 in

670 3652 1027 3724 martyribus
1071 3669 1407 3719 numerare;
1441 3669 1572 3707 cum
1602 3652 1718 3707 sint
1742 3656 1798 3707 et
1834 3651 1943 3723 ipsi
1988 3651 2312 3707 doctrinam

667 3741 917 3795 assecuti
952 3741 1389 3806 daemoniorum,
1418 3741 1464 3794 si
1491 3741 1597 3794 hoc
1620 3758 1745 3795 esse
1768 3740 2024 3811 Apostoli
2047 3741 2309 3796 testimo-

666 3829 830 3883 nium
862 3833 1105 3884 constat.
1139 3830 1222 3884 Ad
1256 3829 1375 3884 haec
1408 3834 1464 3883 et
1492 3829 1695 3885 Daniel
1728 3830 1852 3899 ipse
1883 3829 2071 3883 tribus
2102 3830 2313 3884 hebdo-

666 3918 857 3972 madis
889 3918 1435 3989 dierumjejunasse
1457 3934 1519 3973 se
1543 3918 1830 3988 perhibet,
1855 3923 1911 3972 et
1936 3935 2170 3973 carnem
2196 3934 2312 3972 non

669 4007 882 4072 edisse,
916 4024 1019 4062 nec
1038 4006 1257 4062 bibisse
1278 4007 1499 4073 vinum,
1526 4008 1666 4062 dum
1690 4012 1950 4061 exoraret
1972 4024 2072 4077 pro
2099 4006 2312 4079 populo

671 4113 776 4151 suo
807 4096 907 4165 (Id.
939 4114 993 4164 x,
1026 4098 1079 4167 2,
1113 4098 1187 4164 3).
1222 4096 1370 4161 Quid
1398 4113 1531 4168 ergo
1556 4102 1612 4150 et
1635 4095 1725 4150 hic
1747 4096 1805 4149 in
1831 4096 2092 4151 doctrina
2113 4114 2173 4151 se
2200 4097 2311 4151 daa-

671 4186 999 4241 moniorum
1061 4186 1417 4257 magniﬁcat,
1474 4190 1529 4240 et
1588 4186 1658 4239 de
1713 4186 2028 4240 seductorii
2067 4186 2311 4257 spiritus

668 4279 994 4330 commento
1024 4274 1268 4346 gloriam
1314 4278 1527 4346 captat.

735 4362 965 4417 CAPUT
988 4363 1084 4419 Ill.
1110 4394 1176 4403 -—
1201 4364 1286 4417 De
1300 4363 1460 4418 vobis
1480 4379 1612 4417 vero
1629 4362 1767 4433 quid
1788 4362 1975 4417 dicam
1993 4362 2019 4416 ?
2038 4364 2089 4417 id
2112 4368 2220 4433 est,
2241 4364 2311 4419 de

664 4449 1166 4507 christianioribus
1188 4452 1339 4522 apud
1362 4468 1482 4521 vos,
1500 4468 1751 4522 quorum
1784 4452 2046 4506 nonnulli
2075 4454 2310 4522 quidem

661 4540 921 4612 porcina,
947 4541 1210 4613 plerique
1231 4558 1362 4596 vero
1387 4542 1762 4612 quadrupede
1793 4542 1975 4609 omni,
2004 4541 2101 4596 alii
2132 4544 2309 4598 etiam

659 4635 867 4686 cuncto
891 4630 1128 4685 animali
1154 4630 1389 4701 penitus
1410 4630 1732 4697 abstinent,
1762 4630 1987 4701 fertque
2010 4632 2082 4686 ob
2114 4631 2220 4686 hoc
2252 4631 2311 4687 in

656 4720 843 4775 oculis
859 4735 957 4774 eos
971 4736 1062 4773 om
1073 4719 1160 4773 nis
1172 4718 1453 4785 Ecclesia,
1468 4723 1523 4773 et
1538 4736 1775 4774 summa
1791 4736 1924 4774 cum
1939 4720 2311 4777 veneratione

656 4810 1004 4880 suspiciens,
1026 4807 1214 4864 solum
1233 4826 1350 4863 non
1369 4809 1505 4863 deos
1520 4808 1837 4863 existimat.
1854 4812 1969 4863 Nec
1982 4808 2210 4875 videtis,
2228 4810 2316 4875 in,

656 4898 894 4965 dociles,
921 4898 1058 4969 quia
1081 4898 1127 4952 si
1153 4898 1260 4953 hoc
1284 4914 1503 4965 verum,
1527 4902 1583 4953 et
1604 4898 1676 4952 ab
1710 4897 1974 4969 Apostolo
1993 4898 2212 4954 dictum
2231 4904 2314 4955 te-

657 4988 999 5044 stimonium
1016 4986 1551 5053 est,da3moniorum
1569 4987 1748 5057 etipsi
1770 4987 2314 5043 suntludiﬁcatido-

657 5078 881 5133 ctrinis.
907 5076 1054 5141 Quid
1080 5093 1211 5132 vero
1234 5080 1291 5130 et
1312 5076 1381 5130 de
1402 5074 1499 5129 illo
1518 5076 1803 5145 dicemus,
1824 5077 1978 5147 quod
1998 5094 2137 5132 sane
2155 5078 2311 5133 frus-

656 5166 798 5221 trari
822 5166 955 5237 quis
983 5166 1195 5220 audeat
1212 5170 1313 5219 aut
1330 5166 1634 5234 abnegare,
1653 5180 1783 5219 cum
1800 5166 2141 5221 constethoc
2159 5168 2314 5223 inter

655 5270 879 5319 omnes,
904 5258 960 5309 et
980 5269 1143 5325 isque
1166 5270 1266 5325 per
1285 5254 1483 5307 orbem
1503 5257 1793 5308 terrarum
1815 5254 2129 5325 quotannis
2147 5257 2311 5312 omni

655 5359 787 5398 cum
805 5342 1000 5398 studio
1018 5342 1339 5398 celebretur
1354 5342 1408 5396 in
1428 5348 1710 5398 conventu
1729 5343 2185 5400 catholico?Dico
2202 5362 2307 5400 au-

652 5436 769 5487 tem
794 5432 1340 5503 Quadragesimam,
1362 5448 1545 5502 quam
1571 5431 1673 5503 qui
1695 5432 1847 5487 inter
1869 5450 1971 5488 vos
1989 5432 2099 5487 rite
2117 5434 2311 5489 obser-

649 5520 899 5576 vandam
925 5520 1231 5592 putaverit,
1257 5520 1555 5576 abstineat
1572 5538 1809 5577 necesse
1822 5522 2199 5578 estomnibus
2217 5523 2309 5579 his

715 5664 737 5731 ί.
766 5661 867 5731 Er._
888 5662 1058 5731 Lugd,
1084 5663 1233 5731 Veni,
1264 5662 1449 5728 ecquid
1477 5662 1657 5713 debeat
1678 5664 1858 5728 accipi.
1882 5666 2033 5726 Lov.,
2053 5665 2157 5725 haec
2177 5666 2310 5731 quid

650 5722 869 5790 debe_ant
898 5722 1072 5790 accipi.
1172 5728 1239 5776 Μ.

649 5788 908 5907 "ilcqu
940 5788 1155 5839 hii-cina.
1186 5790 1375 5842 Verius
1404 5790 1531 5841 editi
1562 5788 1650 5839 alii
1682 5792 1736 5840 et
1771 5791 1894 5842 Mu.
1927 5791 2155 5842 hm‘cina
2185 5795 2301 5855 aut,

1386 494 1696 555 CONTRA
1741 491 2119 555 FAUSTUM
2166 489 2689 561 MANltIlL’El'M,
2742 492 2807 552 S.
2852 490 3277 553 AUGUSTINI

3940 486 4061 547 492

2394 640 2520 696 qua;
2536 624 2855 695 capitulum
2875 625 2983 679 hoc
2998 624 3149 678 aDeo
3168 624 3235 677 ad
3260 622 3697 694 percipiendum
3717 620 3891 676 nobis
3906 636 4067 675 crea-

2402 717 2460 767 ta
2473 713 2633 778 dicit,
2647 719 2705 767 et
2718 715 3136 767 daemoniorum
3153 714 3392 783 insuper
3406 710 3729 767 doctrinam
3745 716 3914 765 vocat
3927 710 4059 765 abs-

2394 802 2699 857 tinentiam
2718 804 3143 874 praedictorum.
3162 803 3307 865 Quid
3330 818 3464 873 ergo
3479 806 3535 855 et
3548 817 3669 865 vos,
3686 799 4057 855 charissimi?

2398 892 2591 946 ritune
2607 897 2743 947 tunc
2758 893 3177 946 daemoniorum
3195 890 3548 960 vivitis,cum
3569 891 3687 945 haec
3701 908 3735 945 a
3749 888 3914 944 vobis
3929 905 4061 960 pas-

2400 980 2582 1035 sionis
2594 981 2811 1035 Christi
2828 980 3195 1035 celebrantur
3215 980 3509 1051 mysteria,
3524 984 3581 1034 et
3597 980 3697 1035 sed
3708 978 3913 1034 uctorii
3933 978 4059 1049 spi-

2407 1070 2771 1124 ritusfraude
2789 1069 3085 1142 capimini,
3105 1074 3161 1125 et
3178 1070 3236 1124 in
3252 1068 3543 1141 hypocrisi
3564 1067 3873 1140 loquimini
3894 1083 4061 1122 men-

2400 1158 2656 1226 dacium,
2688 1166 2743 1214 et
2773 1160 3153 1215 cauteriatam
3201 1158 3889 1214 habetis'conscientiam
3925 1173 4055 1212 ves-

2401 1253 2551 1302 tram
2574 1248 2601 1301 ἰ)
2618 1249 2777 1313 Quod
2803 1250 2849 1302 si
2872 1248 3081 1303 horum
3104 1247 3248 1303 nihil
3271 1265 3406 1313 vos;
3432 1264 3537 1304 nec
3560 1264 3665 1303 nos
3685 1246 3883 1319 igitur.
3909 1245 4060 1310 Quii

2404 1353 2540 1407 ergo
2559 1336 2670 1392 sibi
2687 1337 2808 1391 vult
2829 1337 3149 1409 capitulum
3173 1337 3301 1404 hoc,
3319 1342 3421 1391 aut
3444 1354 3475 1392 a
3499 1354 3614 1409 quo
3634 1336 3919 1408 scriptum
3946 1352 4060 1407 pu-

2405 1426 2684 1493 tabimus,
2702 1431 2758 1481 et
2772 1432 2971 1481 contra
2985 1444 3153 1497 quos,
3174 1427 3329 1498 quod
3349 1442 3450 1481 nec
3466 1426 3682 1481 Veteris
3695 1423 4061 1480 Testamenti

2404 1515 2769 1579 traditiones,
2796 1532 2898 1570 nec
2922 1516 3057 1571 Novi
3085 1516 3389 1570 conﬁrmet
3411 1514 3600 1570 scita?
3620 1515 3923 1586 Siquidem
3947 1512 4062 1569 hoc

2407 1604 2479 1658 ab
2502 1605 2796 1672 omnibus,
2824 1611 2888 1659 ut
2909 1622 2976 1659 ex
2997 1605 3161 1661 vobis
3188 1605 3332 1675 ipsis
3367 1609 3645 1676 apparet;
3681 1603 3823 1658 illud
3857 1620 3992 1658 vero
4026 1619 4062 1657 a

2409 1693 2763 1763 quibusdam
2789 1694 3076 1765 quamvis,
3097 1694 3374 1749 abstineri
3395 1699 3588 1749 tamen
3610 1694 3806 1748 docet:
3823 1696 4061 1748 senten-

2410 1782 2489 1835 tia
2510 1798 2641 1835 vero
2667 1783 2787 1837 haec
2807 1787 2998 1837 vestra
3014 1789 3284 1837 cunctam
3305 1783 3535 1853 penitus
3551 1782 3877 1837 carnalium
3898 1781 4062 1837 cibo-

2412 1888 2539 1924 rum
2562 1872 2999 1941 abstinentiam,
3019 1872 3439 1927 daemoniorum
3460 1871 3722 1927 vultesse
3737 1869 4060 1926 doctrinas.

2412 1958 2513 2013 Cui
2541 1959 2585 2013 si
2614 1966 2669 2013 et
2689 1977 2789 2014 vos
2810 1961 3066 2027 creditis,
3091 1962 3293 2015 eadem
3318 1962 3529 2031 saepius
3547 1960 3765 2027 dixero,
3784 1960 4068 2015 damnate

2414 2048 2668 2119 Moysen,
2699 2051 3024 2105 renuntiate
3047 2050 3368 2122 Prophetis,
3393 2050 3536 2105 ferte
3576 2066 3773 2121 parem
3798 2054 3855 2104 et
3874 2050 3946 2104 de
3966 2066 4067 2104 vo-

2414 2138 2503 2191 bis
2531 2136 2674 2208 ipsis
2698 2139 3045 2193 sententiam
3073 2157 3085 2193 :
3112 2140 3251 2210 quia
3283 2143 3347 2193 ut
3377 2137 3455 2192 illi
3490 2155 3722 2210 semper
3747 2155 3780 2193 a
3812 2139 4064 2209 quibus-

2415 2224 2548 2279 dam
2564 2226 2847 2295 ciborum,
2865 2226 2947 2282 sic
2963 2244 3061 2282 vos
3076 2228 3369 2282 interdum
3387 2228 3660 2282 abtinetis
3674 2228 3745 2281 ab
3760 2228 4065 2283 omnibus.

2487 2314 2765 2370 CAPPUT
2792 2317 2880 2370 IV.
2907 2348 2973 2356 -—
2992 2319 3104 2371 Aut
3127 2317 3175 2372 si
3204 2317 3430 2389 Moyses
3461 2316 3622 2371 vobis
3653 2321 3708 2371 et
3738 2316 4066 2388 propheta,

2416 2418 2548 2458 cum
2572 2421 2731 2459 escas
2754 2406 3098 2474 dijudicant,
3116 2406 3213 2460 Dei
3239 2404 3421 2475 legem
3446 2405 3671 2461 sancire
3692 2404 3985 2473 videntur,
4012 2410 4073 2461 et

2417 2509 2530 2547 non
2556 2494 3005 2562 daemoniorum;
3032 2497 3077 2550 si
3102 2495 3303 2549 Daniel
3327 2496 3384 2549 in
3410 2494 3624 2566 Spiritu
3643 2500 3847 2550 sancto
3866 2494 4067 2550 obser-

2416 2581 2568 2635 vavit
2588 2587 2705 2637 tres
2729 2583 3126 2639 hebdomadas
3155 2602 3168 2652 ;
3193 2584 3243 2639 si
3272 2584 3546 2649 Ananias,
3581 2584 3839 2650 Azarias,
3874 2590 3933 2640 et
3960 2582 4069 2638 Mi-

2417 2670 2737 2742 saelpueri,
2761 2673 2964 2726 divinis
2989 2673 3204 2728 mentis
3227 2673 3531 2743 instinctu,
3551 2672 3805 2728 oleribus
3821 2672 3921 2728 ubi
3939 2690 4068 2729 ma-

2418 2760 2654 2815 luerunt
2674 2766 2731 2815 et
2751 2761 3152 2833 leguminibus
3168 2781 3181 2829 ;
3197 2762 3242 2817 si
3262 2762 3584 2834 deniquein
3600 2762 3760 2817 vobis
3774 2767 4071 2834 quotquot

2418 2849 2730 2912 abstinent,
2750 2868 2861 2905 non
2877 2869 2910 2905 a
2928 2852 3228 2906 daemoniis
3248 2851 3491 2922 impulsi
3507 2850 3563 2905 id
3578 2850 3829 2918 faciunt;
3847 2850 3895 2906 si
3911 2853 4066 2917 Qua-

2419 2938 2749 3009 dragesima
2771 2940 2896 2995 sine
2917 2941 3047 2995 vino
3068 2945 3123 2995 et
3145 2940 3418 2996 carnibus
3451 2957 3563 2995 non
3596 2941 4002 3011 superstitiose
4036 2958 4072 2996 a

2418 3027 2601 3098 vobis,
2636 3030 2734 3084 sed
2764 3029 2959 3084 divina
2986 3028 3111 3101 lege
3144 3034 3448 3085 servatur:
3484 3028 3692 3093 videte,
3726 3045 3947 3100 quaaso,
3982 3028 4068 3083 vi-

2418 3116 2567 3183 dete,
2604 3134 2674 3172 ue
2706 3135 2951 3173 summas
2983 3118 3288 3174 dementias
3320 3118 3428 3173 hoc
3459 3118 3535 3173 sit
3563 3135 3597 3172 a
3630 3117 3805 3173 Paulo
3841 3117 4069 3173 dictum

2419 3211 2645 3277 putare,
2679 3209 2834 3279 quod
2867 3208 3288 3264 daemoniorum
3320 3207 3585 3263 doctrina
3614 3208 3692 3262 sit
3713 3206 4072 3262 abstinentia

2421 3297 2612 3351 omnis
2625 3297 2910 3367 ciborum,
2926 3297 3298 3369 etprohibere
3314 3296 3957 3367 nubere:quemadmod
3971 3312 4069 3351 um

2422 3402 2527 3439 nec
2544 3383 2686 3440 illud
2707 3388 2859 3458 quod
2881 3387 3018 3441 dicit
3034 3387 3209 3442 etiam
3229 3386 3479 3458 virgines
3494 3385 3688 3441 dicare
3700 3384 3952 3454 Christo,
3970 3385 4077 3440 dae-

2424 3475 2755 3529 moniorum
2772 3493 2899 3530 esse
2912 3476 3236 3543 doctrinas;
3259 3475 3412 3547 quod
3428 3492 3527 3530 vos
3545 3474 3784 3546 perinde
3799 3474 3926 3529 sine
3942 3490 4079 3529 con-

2423 3563 2773 3619 sideratione
2797 3564 3073 3635 legentes,
3098 3568 3162 3619 ut
3184 3569 3412 3633 caetera,
3439 3564 3509 3618 ad
3538 3579 3643 3618 nos
3676 3562 3929 3618 subinde
3955 3578 4079 3617 res-

2423 3654 2649 3723 picitis:
2697 3670 2799 3708 nec
2830 3654 3035 3708 videtis
3066 3653 3204 3707 hinc
3234 3657 3291 3708 et
3317 3651 3569 3724 virgines
3602 3657 3825 3707 vestras
3858 3652 4071 3707 daemo-

2421 3740 2649 3796 niorum
2675 3742 2937 3797 doctrina
2958 3747 3157 3811 captas
3182 3741 3391 3811 notari,
3415 3747 3471 3796 et
3493 3758 3595 3796 vos
3619 3757 3747 3796 esse
3779 3741 4074 3797 antistites

2422 3832 2863 3898 daemoniorum,
2889 3830 2988 3902 qui
3011 3832 3272 3886 certatim
3298 3846 3529 3901 semper
3550 3830 3621 3884 ad
3640 3829 3791 3884 hanc
3809 3846 3906 3884 eas
3924 3830 4073 3885 iucit

2418 3922 2552 3975 tetis
2575 3920 2993 3991 professionem
3017 3920 3392 3975 suasionibus
3416 3919 3642 3985 vestris,
3669 3922 3731 3972 ut
3778 3935 3922 3989 pene
3940 3921 4066 3988 jam

2421 4010 2675 4079 majorin
2690 4009 2961 4064 Ecclesiis
2976 4009 3249 4065 omnibus
3262 4009 3555 4080 virginum
3576 4008 3728 4079 apud
3748 4024 3869 4071 vos,
3887 4024 4065 4078 quam

2419 4098 2730 4153 mulierum
2745 4099 3136 4153 numerositas
3150 4097 3609 4160 habeatur?0uid
3624 4113 3759 4167 ergo
3774 4114 3890 4151 non
3903 4100 3959 4151 et
3970 4111 4069 4150 vos

2413 4188 2533 4257 jam
2554 4188 2835 4243 desistitis
2854 4207 2885 4242 a
2901 4188 3118 4243 talibus
3138 4185 3578 4259 inemptiSPQuid
3599 4186 3654 4239 in
3679 4185 3943 4239 fraudem
3966 4184 4069 4238 mi-

2421 4294 2581 4332 seras
2604 4278 2882 4332 inducitis
2914 4279 3066 4332 tilias
3089 4277 3416 4347 hominum,
3445 4276 3493 4331 si
3517 4292 3630 4330 non
3653 4274 3711 4328 in
3738 4274 3822 4329 eis
3852 4274 4066 4329 Christi

2418 4366 2687 4422 voluntas
2712 4367 3009 4439 impletur,
3032 4367 3132 4421 sed
3154 4367 3574 4421 daemoniorum
3596 4364 3624 4418 ‘I
3646 4364 3715 4418 Et
3739 4367 3935 4418 tamen
3959 4362 4067 4417 hoc

2422 4458 2585 4513 nobis
2602 4457 2786 4529 primo
2801 4458 3199 4529 respondeatis
3211 4456 3403 4527 velim,
3420 4460 3619 4511 utrum
3634 4455 3877 4510 omnino
3899 4453 4066 4526 virgi-

2420 4564 2521 4602 nes
2540 4548 2746 4613 facere,
2772 4547 3035 4601 doctrina
3054 4547 3129 4602 sit
3152 4547 3596 4611 daemoniorum,
3631 4561 3704 4598 an
3737 4543 3928 4599 solum
3965 4560 4065 4615 per

2418 4636 2871 4707 prohibitionem
2894 4636 3076 4690 facere
3091 4636 3344 4690 nubendi
3358 4634 3457 4689 ?Si
3473 4650 3575 4705 per
3587 4631 4068 4704 prohibitionem,

2422 4724 2564 4779 nihil
2584 4726 2652 4778 ad
2678 4740 2808 4778 nos:
2834 4740 2967 4778 nam
2987 4723 3168 4795 etipsi
3191 4728 3306 4777 tam
3343 4721 3593 4778 stultum
3612 4720 3955 4792 judicamus
3982 4722 4067 4774 in-

2418 4814 2615 4869 hibere
2636 4812 2944 4877 volentem,
2969 4830 3145 4885 quam
3168 4813 3332 4867 nefas
3349 4817 3405 4867 et
3422 4811 3670 4882 impium
3695 4810 3841 4865 satis
3864 4809 4060 4865 nolen-

2419 4907 2534 4957 tem
2560 4917 2781 4973 cogere.
2805 4901 2860 4955 Si
2886 4919 3015 4957 vero
3039 4902 3225 4957 favere
3249 4902 3385 4957 huic
3418 4916 3649 4972 quoque
3682 4899 3980 4971 proposito
4009 4902 4064 4953 et

2420 5008 2534 5045 non
2550 4990 2818 5044 reluctari
2833 4989 3129 5057 volenti,id
3147 5006 3377 5062 quoque
3392 4988 3715 5043 doctrinam
3735 4988 3959 5058 putatis
3974 5004 4061 5042 es-

2419 5097 2479 5136 se
2502 5079 3117 5144 dtemoniorum,taceo
3137 5097 3210 5134 nu
3222 5096 3291 5134 ne
3304 5082 3562 5134 vestrum
3579 5075 3932 5149 periculum,
3955 5076 4059 5147 ipsi

2410 5169 2536 5239 jam
2560 5169 2734 5223 timeo
2754 5167 3048 5239 Apostolo,
3074 5186 3145 5224 ne
3172 5167 3591 5222 daemoniorum
3620 5165 3953 5221 doctrinam
3978 5166 4059 5219 in-

2417 5256 2624 5312 tulisse
2656 5264 2793 5312 tunc
2824 5256 3087 5311 Iconium
3117 5258 3403 5325 videatur,
3434 5272 3569 5310 cum
3596 5253 3877 5309 Theclam
3902 5251 4060 5326 Oppi-

2418 5350 2717 5419 gneratam
2734 5347 2858 5417 jam
2877 5344 3155 5413 thalamo,
3181 5346 3239 5400 in
3260 5361 3515 5401 amorem
3532 5359 3803 5400 sermone
3822 5360 3931 5398 suo
3946 5357 4061 5415 per-

2418 5441 2601 5507 petuas
2621 5435 2971 5507 virginitatis
2990 5434 3262 5491 incendit.
3282 5434 3429 5500 Quid
3453 5450 3584 5489 vero
3608 5436 3666 5487 et
3687 5432 3758 5487 de
3779 5432 4056 5504 magistro

2416 5524 2544 5597 ipso
2566 5525 2851 5590 dicemus,
2874 5540 2939 5579 ac
2965 5524 3338 5580 sanctimonii
3365 5523 3540 5579 totius
3564 5525 3805 5577 auctore
3826 5522 3984 5587 Jesu,
4006 5521 4057 5574 et

2420 5614 2594 5684 hujus
2618 5614 2805 5681 ipsius
2828 5613 3205 5686 professionis
3224 5611 3551 5685 puellarum
3570 5610 3768 5665 caelibe
3786 5610 4053 5682 sponso‘,

2418 5703 2518 5774 qui
2536 5703 2595 5759 in
2613 5702 2922 5775 Evangelio
2940 5702 3052 5758 tria
3066 5718 3279 5774 genera
3290 5706 3495 5759 taxans
3508 5701 3867 5774 spadonum,
3883 5711 4057 5757 unum

2478 5856 2497 5895 ί
2529 5856 2591 5905 In
2618 5854 2762 5917 Mem,
2794 5854 2957 5907 caelite
2982 5866 3185 5920 opma.
