4462 6442
424 329 545 389 497

429 476 567 518 eum
598 476 610 515 :
651 460 805 529 Quod
825 476 922 529 ego
950 460 1309 531 sanctiﬁcavi,
1342 460 1689 517 immundum
1706 478 1775 516 ne
1814 463 2085 516 vocaveris

423 550 563 621 (Act.
598 567 653 617 x,
690 550 896 621 11-15).
935 551 1095 615 Quod
1130 551 1364 621 quidem
1401 551 1594 621 ipsum
1620 551 1753 605 licet
1774 556 1829 605 et
1860 568 1960 621 por
1990 550 2071 605 al-

428 640 711 711 legoriam
747 637 902 693 aliud
936 638 1241 709 quiddam,
1275 643 1331 692 et
1362 656 1473 693 non
1509 640 1959 694 indifferentiam
1989 638 2071 693 vi-

423 728 631 783 deatur
659 727 991 799 signiﬁcare
1015 728 1277 782 ciborum
1301 745 1313 794 ;
1334 733 1525 782 tamen
1544 728 1683 799 quia
1705 729 1867 783 vobis
1888 734 1941 783 et
1964 728 2072 783 hoc

418 816 499 871 ita
530 816 852 888 intelligere
884 816 1089 887 placet,
1146 816 1460 871 vescamini
1494 817 1671 887 igitur
1701 833 1935 871 necesse
1984 821 2073 871 est

420 906 648 977 passim
681 904 892 959 belluis
924 906 1220 971 omnibus,
1252 910 1309 959 et
1358 905 1657 959 echidnis‘
1692 910 1748 959 et
1795 903 2069 975 colubris,

414 1010 479 1049 ac
514 994 739 1063 reliquo
771 993 932 1049 omni
976 1009 1187 1066 genere
1235 994 1567 1064 serpentino
1612 994 1781 1063 juxta
1833 994 2073 1049 horama

420 1082 590 1139 Petri.
625 1083 915 1138 Hactenus
943 1082 1098 1137 enim
1132 1098 1262 1137 vere
1293 1082 1447 1137 dicto
1479 1082 1784 1137 audientes
1816 1098 1913 1138 vos
1942 1098 2071 1138 esse

411 1171 739 1243 probabitis
768 1170 893 1226 voci
927 1187 1103 1242 quam
1137 1171 1321 1226 fertur
1351 1171 1624 1226 audisse:
1658 1176 1715 1225 et
1746 1178 1941 1226 tamen
1968 1172 2067 1226 hu-

403 1262 502 1331 jus
532 1276 767 1333 quoque
799 1259 1186 1315 memineritis
1218 1276 1465 1330 semper,
1502 1259 1638 1330 quia
1667 1263 1892 1331 Moyses
1932 1260 2067 1316 hinc

408 1353 467 1405 et
496 1349 795 1419 Prophetas
829 1348 1092 1403 damnati
1123 1352 1279 1416 sunt,
1315 1349 1414 1419 qui
1445 1348 1516 1403 de
1547 1348 1621 1403 iis
1670 1366 1799 1420 qua
1847 1350 2065 1404 sancti-

408 1438 668 1494 ficaverit
697 1438 850 1493 Deus
876 1438 1047 1509 juxta
1077 1437 1234 1493 vocis
1265 1438 1444 1508 hujus
1471 1440 1847 1505 sententiam,
1882 1438 2068 1493 multa

409 1527 747 1601 putaverint
776 1542 906 1583 esse
930 1526 1171 1598 polluta.

478 1615 714 1673 CAPUT
756 1616 848 1671 IV.
885 1646 951 1657 —-
1004 1618 1383 1671 AUGUSTINUS
1412 1616 1747 1687 respondit:
1796 1619 1937 1671 Cum
1986 1617 2067 1672 ait

403 1704 747 1777 Apostolus,
774 1706 977 1761 Omnia
1002 1705 1205 1760 munda
1222 1706 1443 1759 mundis
1465 1707 1589 1775 (Tit.
1616 1723 1655 1770 1,
1684 1706 1799 1773 15),
1823 1711 2064 1761 naturas

405 1794 567 1865 ipsas
598 1794 844 1865 intelligi
882 1794 1082 1860 voluit,
1116 1811 1264 1864 quas
1296 1794 1449 1847 Deus
1480 1794 1711 1861 creavit,
1735 1795 2058 1848 secundum

403 1882 550 1938 illud
584 1883 737 1954 quod
765 1884 993 1955 Moyses
1022 1884 1077 1937 in
1110 1883 1317 1937 Genesi
1354 1882 1612 1953 scripsit,
1644 1885 1713 1937 Et
1741 1884 1872 1953 [ecit
1924 1884 2062 1938 Deus

409 1975 632 2029 omnia:
666 1981 718 2027 et
749 1987 865 2027 ecce
895 1973 1033 2026 bona
1058 1972 1211 2026 valde
1236 1972 1447 2041 (0671.1,
1476 1972 1566 2041 31)
1592 1990 1603 2037 ;
1633 1989 1743 2025 non
1765 1972 2058 2042 significa-

403 2060 616 2127 tiones,
650 2062 976 2116 secundum
1010 2077 1156 2131 quas
1189 2060 1343 2115 Deus
1378 2077 1475 2130 per
1503 2060 1775 2114 eumdem
1824 2061 2060 2131 Moysen

404 2151 474 2205 ab
506 2150 830 2205 immundis
855 2151 1075 2204 munda
1097 2149 1586 2217 discrevit(l.evit.
1606 2149 1684 2219 x1)
1709 2165 1722 2204 :
1749 2149 1900 2203 unde
1924 2150 2061 2221 quia

407 2238 596 2294 multa
610 2237 1179 2308 etmultisloclsjam
1208 2238 1484 2307 diximus,
1520 2254 1674 2292 nunc
1692 2238 1937 2293 breviter
1957 2240 2055 2293 ad-

412 2328 714 2384 monuisse
734 2328 1047 2383 suffecerit.
1086 2326 1325 2383 Proinde
1358 2326 1487 2381 illos
1519 2327 1617 2397 qui
1646 2327 1769 2397 jam
1796 2331 2057 2398 tempore

414 2417 786 2473 revelationis
809 2416 1529 2481 NoviTestamenti,adhuc
1550 2415 1681 2470 illas
1700 2417 1940 2470 umbras
1968 2418 2055 2470 fu-

412 2510 678 2561 turorum
707 2505 786 2560 ita
808 2505 1220 2561 custodiendas
1239 2510 1529 2576 putarent,
1558 2508 1619 2558 ut
1640 2504 1765 2559 sine
1801 2503 1871 2559 iis
1904 2504 2055 2560 Gen-

406 2597 496 2650 tes
518 2594 790 2662 salutem,
818 2611 944 2666 quae
972 2594 1029 2647 in
1054 2593 1279 2649 Christo
1302 2597 1409 2659 est,
1437 2596 1730 2664 percipere
1748 2609 1862 2647 non
1886 2608 2057 2663 posse

408 2684 846 2751 contenderent,
880 2683 1220 2739 immundos
1241 2682 1383 2736 dicit
1403 2680 1733 2753 Apostolus,
1760 2681 1913 2753 quod
1937 2697 2057 2735 car-

406 2771 618 2827 naliter
639 2777 909 2843 saperent
938 2775 1027 2838 ;et
1056 2756 1340 2838 infideles,
1366 2771 1519 2841 quod
1546 2774 1779 2842 tempus
1800 2770 1995 2841 gratia:
2022 2786 2057 2824 a

402 2861 569 2933 Legis
600 2867 862 2933 tempore
894 2877 1006 2916 non
1046 2860 1461 2915 discernerent.
1496 2858 1721 2923 Quibus
1754 2860 1879 2914 ideo
1912 2858 2055 2913 dicit

405 2950 546 3006 nihil
580 2967 709 3007 esse
744 2951 1053 3016 mundum,
1087 2950 1225 3020 quia
1254 2954 1310 3004 et
1342 2949 1412 3005 iis
1444 2966 1570 3021 qua;
1600 2948 1971 3020 reSpuebant,
1996 2952 2054 3004 et

466 3050 483 3085 ¹
519 3049 740 3113 Aliquot
766 3050 914 3108 Msa.,
943 3051 992 3098 et
1020 3048 1228 3098 echinis.

1516 328 1751 390 LIBER
1796 328 2275 391 TRIGESIMUS
2322 330 2753 392 SECUNDUS.

3719 332 3836 393 498

2198 460 2267 515 iis
2293 478 2415 532 qua:
2435 463 2770 533 sumebant,
2795 479 2905 517 non
2932 465 3129 517 sancte
3153 462 3432 533 necjuste
3482 462 3830 517 utebantur:

2184 550 2336 606 sicut
2366 568 2571 606 omnes
2604 553 2841 623 quidem
2873 552 3167 622 infideles,
3213 551 3312 607 sed
3370 568 3471 607 vos
3525 550 3830 622 pracipue,

2184 638 2507 705 Manichazi,
2534 641 2746 711 quibus
2764 640 3003 694 omnino
3032 641 3179 695 nihil
3203 645 3292 695 est
3316 640 3831 711 mundum.Neque

2181 728 2337 783 enim
2358 728 2523 783 cibus
2548 729 2668 800 ipse
2693 745 2866 800 quem
2893 729 3145 795 sumitis,
3172 730 3441 800 quamvis
3462 746 3595 784 eum
3618 746 3831 801 magna

2182 816 2487 887 diligentia
2512 820 2679 889 quasi
2705 836 2736 872 a
2759 818 2949 872 carnis
2972 818 3310 889 contagione
3334 820 3633 889 separetis,
3660 836 3831 873 mun-

2183 905 2292 960 dus
2316 912 2403 960 est
2425 908 2608 972 vobis,
2644 923 2816 977 quem
2843 911 3099 961 creatum
3128 906 3238 961 nisi
3273 924 3305 960 a
3336 906 3563 961 diabolo
3596 924 3707 961 non
3742 906 3828 961 di-

2180 996 2332 1050 citis.
2363 998 2423 1050 ln
2448 996 2547 1050 illo
2565 996 2741 1050 etiam
2766 996 2940 1049 deum
2968 1000 3226 1049 vestrum
3251 994 3490 1067 ligatum
3512 1001 3683 1067 atque
3705 996 3828 1068 pol-

2180 1083 2370 1139 lutum
2403 1102 2501 1141 vos
2531 1085 2755 1140 edendo
2789 1100 3039 1155 purgare
3072 1084 3413 1152 perhibetis.
3448 1088 3562 1139 Vos
3619 1084 3825 1140 saltem

2178 1174 2343 1229 vobis
2364 1173 2568 1228 mundi
2587 1173 2953 1241 videremini,
2980 1189 3234 1244 quorum
3254 1172 3554 1228 ventribus
3573 1178 3829 1229 meretur

2178 1260 2275 1316 ille
2297 1262 2552 1334 purgari.
2576 1264 2683 1316 Sed
2706 1267 2762 1316 et
2784 1266 2975 1317 vestra
3000 1278 3242 1333 corpora
3264 1267 3533 1317 naturam
3558 1266 3613 1317 et
3655 1262 3826 1335 opiﬁ-

2177 1349 2329 1404 cium
2347 1351 2535 1421 gentis
2560 1353 2932 1407 tenebrarum
2951 1366 3077 1407 esse
3099 1351 3705 1421 contenditis,animas
3728 1368 3827 1407 au-

2174 1442 2291 1494 tem
2316 1444 2538 1495 vestras
2559 1440 2700 1511 ipsis
2725 1440 2915 1495 adhuc
2938 1440 3278 1512 corporibus
3299 1440 3652 1510 inquinatas.
3676 1442 3822 1505 Quid

2175 1542 2312 1598 ergo
2337 1528 2497 1583 vobis
2521 1533 2609 1583 est
2632 1529 2920 1583 mundum
2945 1532 2967 1584 P
2989 1532 3113 1583 Non
3138 1546 3263 1601 quae
3283 1529 3537 1599 sumitis,
3570 1547 3683 1585 non
3707 1547 3821 1602 quo

2176 1615 2410 1671 mittitis
2432 1631 2499 1671 ea
2529 1633 2654 1687 quae
2688 1617 2936 1683 sumitis,
2972 1634 3083 1672 non
3131 1634 3231 1673 vos
3280 1618 3392 1690 ipsi
3441 1619 3541 1689 qui
3589 1624 3824 1691 sumpta

2174 1705 2457 1774 purgatis,
2486 1704 2708 1759 Videtis
2731 1722 2866 1776 ergo
2889 1710 3123 1777 propter
3144 1723 3292 1777 quos
3316 1712 3456 1761 tunc
3486 1707 3659 1763 istam
3684 1724 3821 1762 sen-

2173 1794 2417 1847 tentiam
2449 1794 2593 1847 dixit
2644 1793 2981 1865 Apostolus:
3034 1794 3208 1849 talem
3260 1800 3453 1851 tamen
3495 1796 3658 1866 dixit,
3692 1814 3817 1868 quae

2172 1898 2375 1936 omnes
2398 1882 2661 1937 infideles
2684 1888 2739 1937 et
2761 1883 3097 1937 immundos
3124 1888 3362 1953 teneret,
3404 1885 3502 1940 sed
3544 1902 3644 1940 vos
3680 1904 3819 1953 prae—

2170 1971 2337 2041 cipue
2372 1971 2736 2042 maximeque
2768 1972 3153 2026 convinceret.
3192 1976 3396 2030 Omnia
3424 1990 3558 2044 ergo
3616 1976 3823 2029 munda

2168 2060 2743 2128 mundis,secuudum
2773 2066 3042 2115 naturam
3071 2062 3125 2115 in
3152 2078 3267 2131 qua
3288 2067 3479 2116 creata
3504 2067 3675 2117 sunt:
3704 2081 3817 2119 non

2170 2153 2363 2203 tamen
2379 2150 2573 2203 omnia
2589 2151 2909 2204 secundum
2943 2149 3428 2220 signiﬁcationem
3459 2154 3674 2205 munda
3708 2153 3821 2223 pri-

2170 2253 2263 2291 mo
2298 2236 2509 2307 populo
2541 2237 2911 2291 Judazorum:
2951 2254 3051 2291 nec
3086 2238 3253 2292 nobis
3284 2238 3500 2303 omnia,
3535 2239 3617 2293 vel
3646 2257 3820 2311 prop-

2166 2328 2254 2380 ter
2282 2325 2530 2379 salutem
2564 2326 2844 2395 corporis,
2902 2325 2985 2379 vel
3048 2331 3282 2397 propter
3331 2328 3815 2384 consuetudinem

2169 2413 2439 2468 humana:
2471 2413 2783 2480 societatis,
2815 2419 2951 2485 apta
2984 2419 3151 2481 sunt;
3186 2415 3286 2469 sed
3320 2431 3452 2469 cum
3476 2432 3583 2470 sua
3604 2417 3815 2488 cuique

2168 2504 2493 2558 redduntur
2522 2507 2579 2557 et
2610 2502 2932 2557 naturalem
2994 2503 3255 2558 ordinem
3320 2508 3572 2572 servant,
3625 2508 3816 2561 omnia

2165 2592 2380 2647 munda
2412 2596 2549 2646 sunt
2576 2591 2839 2654 mundis;
2876 2592 3171 2646 immundis
3198 2600 3383 2647 autem
3403 2596 3454 2647 et
3478 2592 3815 2664 inﬁdelibus,

2166 2680 2371 2752 quales
2389 2680 2677 2752 praecipue
2706 2698 2806 2736 vos
2837 2680 2997 2749 estis,
3030 2680 3176 2736 nihil
3191 2689 3269 2736 est
3287 2681 3575 2737 mundum.
3600 2684 3813 2740 Cetera

2160 2772 2282 2841 jam
2307 2770 2481 2825 verba
2510 2768 2770 2841 Apostoli
2796 2787 2922 2840 quae
2946 2773 3251 2842 sequntur,
3274 2787 3375 2826 vos
3404 2770 3515 2842 ipsi
3535 2771 3694 2829 vobis
3719 2790 3815 2829 sa-

2164 2858 2411 2914 lubriter
2442 2859 2729 2925 diceretis,
2763 2859 2812 2913 si
2834 2859 3213 2915 cauteriatam
3236 2864 3487 2915 vestram
3512 2862 3811 2917 conscien-

2166 2948 2309 3003 tiam
2340 2947 2534 3003 sanari
2564 2946 2807 3003 velletis.
2859 2948 3137 3019 Sequitur
3192 2948 3384 3005 enim:
3447 2949 3549 3005 Sed
3600 2951 3816 3021 polluta

2170 3040 2297 3093 sunt
2326 3054 2513 3093 eorum
2545 3045 2595 3092 et
2621 3053 2776 3092 mens
2806 3046 2855 3092 et
2886 3040 3231 3095 conscientia.

1123 3281 1501 3374 LIBER
1577 3278 2332 3373 TBIGESIMUS
2414 3278 3095 3373 SECUNDUS.

471 3548 705 3604 CAPUT
745 3547 1052 3603 PRIMUM.
1085 3577 1155 3589 —
1186 3547 1450 3603 FAUSTUS
1491 3546 1635 3600 dixit
1668 3562 1681 3599 :
1731 3546 1787 3599 Si
1835 3545 2050 3617 accipis

407 3636 804 3709 Evangelium,
839 3637 1071 3692 credere
1103 3636 1299 3691 omnia
1329 3636 1527 3701 debes,
1562 3652 1687 3706 quae
1737 3635 1794 3689 in
1846 3636 2047 3689 eodem

404 3726 618 3798 scripta
639 3726 950 3790 sunt.Quid
974 3726 1127 3781 enim
1151 3732 1233 3792 tu,
1269 3724 1600 3796 quiaVetus
1615 3723 1829 3795 accipis
1848 3725 2048 3779 Testa-

402 3822 690 3882 mentum,
712 3815 1005 3871 idcircone
1028 3815 1218 3871 credis
1242 3814 1439 3869 omnia
1468 3812 1686 3883 passim
1710 3830 1837 3883 qua
1863 3812 1920 3867 in
1954 3829 2048 3867 eo-

402 3905 529 3960 dem
556 3904 777 3977 scripta
791 3904 969 3959 aunt?
982 3904 1200 3974 Nempe
1222 3902 1379 3957 solas
1400 3901 1661 3957 indidem
1676 3906 2048 3973 excerpentes

401 3994 736 4065 prophetiae
763 4010 888 4064 qua:
922 4009 1115 4065 regem
1146 3990 1365 4047 Judaeis
1404 3995 1717 4045 venturum
1749 3990 2048 4061 significa-

400 4082 559 4149 bant,
584 4082 727 4154 quia
749 4083 942 4153 ipsum
968 4081 1192 4153 putatis
1216 4096 1343 4135 esse
1359 4078 1595 4146 Jesum;
1619 4084 1674 4134 et
1694 4096 1879 4150 pauca
1900 4095 2049 4150 qua:-

401 4171 533 4227 dam
556 4170 880 4242 disciplinae
908 4169 1093 4226 civilis
1121 4172 1405 4241 praecepta
1428 4169 1784 4236 communia,
1837 4172 1897 4223 ut
1938 4172 2045 4236 est,

400 4261 514 4315 Non
544 4260 904 4328 occides,Non
926 4258 1594 4330 mcechaberiswxodxx,
1620 4258 1699 4311 13.
1728 4258 2049 4329 lli);caztera

401 4349 868 4421 praetermittitis,
888 4353 945 4403 et
964 4347 1331 4403 arbitramini
1358 4363 1484 4401 esse
1503 4364 1615 4401 non
1646 4347 1843 4402 minus
1870 4352 2047 4418 utque

399 4440 598 4494 eadem
632 4454 763 4509 quae
798 4436 1010 4493 Paulus
1042 4436 1266 4508 putavit
1298 4444 1551 4490 stercora
1576 4436 1836 4506 (Philipp.
1859 4453 1942 4503 Ill,
1965 4437 2044 4506 8).

400 4526 542 4591 Quid
578 4543 718 4599 ergo
752 4526 1124 4599 peregrinum
1157 4525 1285 4590 hoc,
1319 4529 1421 4579 aut
1450 4525 1590 4595 quid
1620 4524 1833 4579 mirum
1863 4529 1969 4591 est,
1996 4524 2045 4579 si

401 4620 453 4671 et
482 4633 586 4689 ego
617 4618 690 4672 de
719 4620 1086 4671 Testamento
1118 4614 1271 4669 Novo
1304 4613 1623 4685 purissima
1674 4630 1916 4684 quaeque
1966 4612 2048 4667 le-

399 4720 540 4776 gens
572 4711 631 4761 et
663 4722 803 4761 mete
835 4704 1010 4760 saluti
1069 4702 1488 4769 convenientia,
1550 4720 1618 4758 ea
1672 4702 2047 4774 prestermitto

398 4810 521 4864 quas
554 4812 589 4850 a
617 4794 832 4850 vestris
863 4792 1188 4863 majoribus
1220 4792 1459 4847 inducta
1490 4791 1787 4861 fallaciter,
1820 4798 1876 4847 et
1923 4808 2045 4847 ma-

388 4882 662 4953 jestatem
697 4883 884 4955 ipsius
917 4886 973 4937 et
1001 4882 1251 4953 gratiam
1283 4879 1653 4936 decolorant?

464 4973 694 5029 CAPUT
736 4974 803 5027 ΙΙ.
840 5003 907 5011 ——
936 4973 1019 5025 An
1053 4971 1103 5025 si
1153 4970 1337 5025 Patris
1384 4973 1821 5025 Testamentum
1874 4968 2048 5024 habet

397 5060 593 5133 aliqua
624 5062 684 5116 in
717 5060 933 5132 quibus
966 5076 1174 5131 parum
1208 5059 1415 5113 debeat
1444 5058 1632 5113 audiri
1656 5058 1867 5129 (Patris
1889 5059 2043 5113 enim

395 5165 518 5206 esse
540 5150 724 5205 vultis
756 5148 1060 5204 Judaicam
1096 5146 1307 5220 legem,
1343 5148 1514 5217 cujus
1547 5145 1816 5201 novimus
1868 5164 2043 5218 quam

394 5239 574 5295 multa
604 5238 771 5295 vobis
801 5238 1122 5303 horrorem,
1158 5252 1333 5308 quam
1383 5236 1571 5290 multa
1630 5236 1911 5306 pudorem
1970 5238 2050 5291 fa-

394 5328 567 5396 ciant,
604 5332 672 5383 ut
690 5332 977 5399 quantum
1006 5326 1074 5381 ad
1100 5324 1736 5394 animumjamdudum
1761 5324 2044 5396 ipsijudi-

394 5418 659 5474 caverilis
692 5432 822 5471 eam
855 5432 967 5470 non
1002 5430 1129 5470 esse
1160 5414 1475 5483 sinceram,
1508 5413 1776 5484 quamvis
1831 5414 2042 5485 partim

396 5510 564 5563 Pater
584 5508 733 5579 ipse,
758 5514 821 5559 ut
863 5503 1122 5567 creditis,
1148 5502 1326 5574 digito
1354 5518 1458 5557 suo
1482 5518 1609 5557 eam
1624 5501 1805 5571 vobis,
1832 5503 2042 5574 partim

399 5598 614 5669 Moyses
638 5590 1514 5666 scripseritﬁdelisetinteger),
1553 5589 1735 5646 solius
1766 5590 1890 5645 Filii
1936 5609 2043 5663 pu-

398 5684 535 5741 tatis
564 5685 1006 5741 Testamentum
1038 5697 1152 5736 non
1182 5680 1442 5753 potuisse
1488 5679 1803 5753 corrumpi,
1854 5680 2044 5738 solum

2161 3562 2277 3602 non
2310 3545 2523 3601 habere
2555 3544 2775 3617 aliquid
2810 3546 2962 3616 quod
2996 3545 3055 3600 in
3087 3562 3149 3601 se
3180 3545 3386 3601 debeat
3441 3546 3809 3618 improbari?

2159 3634 2481 3707 praesertim
2517 3636 2668 3705 quod
2701 3650 2804 3688 nec
2836 3635 2906 3688 ab
2940 3634 3068 3706 ipso
3094 3635 3377 3706 scriptum
3410 3639 3661 3703 constat,
3703 3652 3808 3691 nec

2158 3726 2230 3779 ab
2258 3725 2385 3793 ejus
2406 3722 2720 3794 Apostolis,
2740 3724 2839 3779 sed
2856 3723 3027 3795 longo
3050 3728 3181 3795 post
3202 3728 3483 3794 tempore,
3517 3724 3806 3794 aquibus-

2158 3813 2293 3867 dam
2319 3812 2523 3867 incerti
2543 3813 2796 3868 nominis
2816 3812 2975 3879 viris,
2997 3812 3098 3883 qui
3124 3828 3193 3868 ne
3216 3812 3325 3868 sibi
3343 3830 3458 3868 non
3492 3812 3807 3869 haberetur

2158 3901 2326 3967 ﬁdes,
2362 3901 2757 3957 scribentibus
2789 3918 2914 3972 quae
2941 3902 3483 3972 nescirent,partim
3506 3901 3805 3973 Apostolo-

2159 4007 2287 4046 rum
2322 3992 2577 4059 nomina,
2603 3991 2817 4063 partim
2847 4007 3047 4046 eorum
3070 3991 3167 4062 qui
3192 3990 3499 4062 Apostolos
3520 3992 3703 4046 secuti
3725 3990 3806 4047 vi-

2157 4080 2456 4140 derentur.
2488 4081 2838 4151 scriptorum
2871 4096 3113 4136 suorum
3134 4081 3422 4136 frontibus
3444 4080 3801 4149 indiderunt,

2156 4171 2555 4222 asseverantes
2571 4168 2889 4221 secundum
2906 4183 3004 4222 eos
3018 4184 3078 4223 se
3093 4167 3399 4239 scripsisse
3412 4184 3537 4238 quae
3552 4168 3799 4240 scripse-

2156 4256 2422 4321 rint.Quo
2443 4258 2629 4327 magis
2644 4255 2785 4310 mihi
2803 4255 3070 4311 videntur
3098 4256 3311 4327 injuria
3342 4257 3503 4327 gravi
3535 4258 3797 4313 affecisse

2156 4344 2475 4417 discipulos
2497 4346 2705 4399 Christi
2734 4364 2745 4401 :
2781 4345 2920 4417 quia
2938 4362 3061 4416 quas
3085 4346 3322 4401 dissona
3343 4346 3518 4401 iidem
3549 4352 3605 4402 et
3628 4363 3799 4419 repu-

2157 4434 2399 4506 gnantia
2438 4434 2550 4489 sibi
2597 4434 2937 4502 scriberent,
2973 4450 3041 4489 ea
3089 4436 3368 4490 referrent
3410 4436 3481 4490 ad
3518 4436 3699 4507 ipsos,
3745 4441 3803 4492 et

2157 4524 2478 4578 secundum
2494 4540 2592 4579 eos
2627 4524 2747 4577 haec
2763 4524 3014 4579 scribere
3037 4540 3099 4579 se
3122 4526 3529 4596 profiterentur
3552 4526 3799 4597 Evange-

2154 4612 2254 4677 lia,
2279 4630 2403 4683 qua:
2428 4612 2605 4667 tantis
2627 4612 2745 4667 sint
2768 4612 2978 4667 referta
3018 4613 3335 4680 erroribus,
3360 4614 3539 4669 tantis
3570 4620 3799 4669 contra-

2158 4701 2464 4757 rietatibus
2497 4700 2899 4756 narrationum
2932 4701 3109 4757 simul
3141 4719 3207 4757 ac
3238 4703 3682 4769 sententiarum,
3733 4708 3800 4758 ut

2158 4807 2261 4845 nec
2288 4790 2398 4844 sibi
2422 4806 2683 4862 prorsus,
2715 4807 2818 4847 nec
2842 4790 2993 4846 inter
3014 4808 3075 4846 se
3093 4792 3221 4863 ipsa
3258 4792 3622 4847 conveniant.
3649 4792 3796 4855 Quid

2156 4895 2291 4951 ergo
2324 4879 2479 4934 aliud
2511 4885 2617 4950 est,
2661 4897 2836 4951 quam
2869 4880 3214 4935 calumniari
3237 4881 3438 4950 bonos,
3472 4885 3530 4936 et
3586 4881 3795 4936 Christi

2156 4968 2577 5039 discipulorum
2603 4969 2944 5024 concordem
2969 4975 3180 5025 emtum
3198 4970 3256 5024 in
3281 4970 3497 5025 crimen
3516 4970 3795 5026 devocare

2156 5057 2500 5113 discordiae?
2530 5057 2661 5121 Quae
2690 5059 2825 5129 quia
2844 5076 2947 5114 nos
2978 5058 3253 5131 legentes,
3277 5058 3795 5115 animadvertimus

2156 5147 2346 5203 cordis
2376 5148 2579 5201 obtutu
2615 5148 2949 5217 sanissimo,
2982 5148 3795 5218 aaquissimumjudicavimus

2156 5236 2400 5292 utilibus
2423 5236 2673 5308 acceptis
2695 5236 3010 5305 exiisdem,
3035 5237 3091 5291 id
3126 5241 3235 5306 est,
3275 5237 3347 5292 iis
3369 5253 3494 5308 qua
3532 5242 3590 5292 et
3622 5238 3795 5293 fidem

2156 5330 2413 5381 nostram
2468 5326 2772 5395 aedificent,
2805 5330 2862 5381 et
2901 5326 3115 5380 Christi
3168 5325 3397 5380 Domini
3454 5329 3626 5397 atque
3666 5328 3796 5397 ejus

2156 5414 2342 5470 Patris
2374 5415 2794 5486 omnipotentis
2814 5414 2912 5469 Dei
2942 5419 3264 5486 propagent
3293 5413 3560 5485 gloriam,
3588 5420 3797 5472 caetera

2154 5504 2479 5576 repudiare,
2513 5522 2638 5576 qua
2671 5520 2775 5558 nec
2827 5504 3087 5573 ipsorum
3145 5504 3461 5576 majestati,
3514 5519 3618 5561 nec
3659 5505 3792 5561 ﬁdei

2153 5598 2364 5649 nostrae
2395 5593 2760 5649 conveniant.

2223 5683 2455 5739 CAPUT
2482 5685 2547 5739 ll.
2571 5681 2895 5738 -—Proinde
2913 5696 3149 5752 necvos,
3178 5683 3444 5741 utdicere
3480 5698 3790 5753 caperam,
