4462 6442
678 341 796 400 499

684 473 754 529 de
781 475 1156 528 Testamento
1179 472 1380 526 Vetere
1399 473 1902 526 circumcisionem
1929 473 2166 527 creditis
2185 471 2332 526 acci-

686 562 963 634 piendam
991 560 1320 628 carnaliter,
1355 560 1623 631 quamvis
1648 561 1730 616 ita
1752 561 1826 615 sit
1847 562 2129 632 scriptum
2181 561 2332 632 (Gen.

687 667 826 715 xvn,
857 649 1012 720 9-14)
1039 667 1050 702 :
1087 665 1274 720 neque
1305 650 1412 703 sub
1443 650 1559 704 otio
1591 666 1657 705 ac
1690 651 1986 704 vacatione
2030 650 2336 704 colendum

694 741 1026 802 sabbatum,
1050 739 1319 808 quamvis
1342 738 1424 793 ita
1447 738 1671 809 legatur
1693 740 1888 809 (Exod.
1922 757 2075 804 XXXI,
2095 740 2179 808 13)
2202 756 2215 804 ;
2238 739 2339 793 sed

694 844 797 882 nec
825 826 1148 892 sacriiiciis,
1185 833 1249 881 ut
1281 827 1459 899 Moysi
1492 828 1738 895 videtur,
1767 828 2340 882 etimmolationibus

691 915 1045 988 placandum
1061 915 1242 970 Deum
1262 918 1453 982 (Leuit.
1466 917 1503 986 ι)
1527 933 1537 970 :
1560 918 1659 970 sed
1690 917 1807 970 haec
1823 917 2056 986 quidem
2079 921 2140 969 ut
2153 915 2341 970 aliena

692 1020 933 1076 prorsus
950 1008 1005 1059 et
1032 1004 1284 1076 procula
1305 1005 1417 1058 ritu
1441 1004 1763 1059 christiano
1783 1005 1988 1075 posita,
2011 1021 2074 1059 ac
2093 1003 2253 1058 nulla
2275 1019 2342 1058 ex

690 1099 853 1166 parte
882 1093 1206 1165 probabilia
1234 1093 1691 1164 contempsistis.
1729 1094 1960 1158 Quidam
1989 1110 2118 1147 vero
2138 1109 2340 1147 eorum

689 1182 864 1238 etiam
879 1181 1230 1236 divisistisin
1251 1183 1449 1248 duo,et
1465 1181 1674 1254 partim
1698 1182 1932 1254 quidem
1952 1181 2340 1252 amplectimi-

689 1271 768 1338 ni,
802 1272 1010 1342 partim
1031 1287 1166 1326 vero
1189 1271 1497 1342 respuitis:
1527 1276 1590 1325 ut
1610 1271 1848 1336 Pascha,
1882 1271 2033 1341 quod
2050 1275 2138 1325 est
2167 1275 2225 1325 et
2255 1271 2341 1341 ip-

688 1375 821 1416 sum
854 1359 1209 1415 Testamenti
1244 1359 1466 1414 Veteris
1500 1359 1863 1413 anniversale
1895 1375 2149 1425 sacrum,
2174 1360 2342 1430 cujus

689 1448 748 1503 in
781 1447 1167 1503 celebratione
1200 1465 1332 1503 cum
1369 1448 1447 1502 sit
1476 1447 1760 1519 scriptum
1789 1448 1976 1517 vobis,
2005 1463 2118 1502 non
2150 1447 2340 1503 solum

689 1553 906 1608 agnum
939 1542 1194 1592 mactare
1225 1538 1514 1592 edendum
1548 1537 1658 1593 sub
1692 1537 2001 1601 nocte,sed
2025 1537 2197 1591 etiam
2223 1537 2342 1591 die-

689 1625 802 1680 bus
843 1631 1066 1697 septem
1103 1627 1398 1681 abstinere
1439 1627 1743 1692 fermento,
1777 1630 1836 1680 et
1864 1641 1992 1679 esse
2039 1631 2344 1681 contentos

693 1731 891 1786 azymo
918 1731 1050 1769 cum
1087 1715 1349 1786 picridiis
1369 1714 1564 1784 (Exod.
1587 1719 1717 1782 xu):
1741 1731 1844 1769 vos
1861 1713 2084 1768 Pascha
2104 1715 2343 1785 quidem

691 1803 1466 1874 assumitis,praetermittitis
1483 1819 1613 1858 vero
1634 1802 1809 1856 ritum
1831 1800 1999 1856 illum
2017 1819 2080 1856 ac
2100 1819 2340 1871 morem,

693 1907 808 1962 quo
841 1897 1076 1946 cautum
1108 1897 1198 1947 est
1228 1891 1382 1946 idem
1413 1892 1621 1946 debere
1653 1890 1890 1948 servari.
1926 1895 2068 1945 Item
2120 1897 2342 1962 septem

693 1980 922 2034 dierum
955 1980 1373 2046 hebdomadas,
1408 1980 1462 2034 id
1498 1985 1606 2046 est,
1629 1984 2026 2045 Pentecosten,
2050 1997 2226 2051 quam
2253 1996 2344 2050 pe-

691 2069 858 2124 rinde
890 2069 1117 2141 Moyses
1147 2075 1301 2124 certo
1335 2069 1588 2139 quodam
1624 2068 2042 2123 sacriﬁciorum
2064 2074 2343 2139 etgenere

691 2162 749 2212 et
779 2173 1022 2211 numero
1054 2155 1433 2212 imbuendam
1497 2163 1694 2212 censet
1750 2159 1948 2224 (Leuit.
2011 2163 2191 2226 XXIII),
2243 2173 2342 2211 vos

691 2261 853 2316 eque
879 2245 1097 2313 colitis;
1134 2247 1232 2300 sed
1266 2246 1542 2300 damnata
1569 2251 1731 2317 parte
1752 2246 1964 2315 ejus,id
1995 2252 2101 2311 est,
2126 2245 2343 2300 litatio-

690 2333 866 2388 nibus
897 2333 1042 2405 ipsis
1073 2340 1131 2389 et
1161 2334 1488 2404 sacrificiis,
1523 2335 1660 2403 quia
1688 2334 1810 2388 haec
1842 2351 1973 2390 cum
2021 2334 2344 2389 christiana

691 2423 804 2476 ﬁds
836 2439 948 2477 non
981 2429 1332 2496 congruunt.
1369 2423 1447 2478 De
1481 2424 1758 2478 mandata
1789 2439 1923 2477 vero
1955 2423 2287 2479 abstinendi
2309 2441 2343 2479 a

693 2512 841 2566 cibis
874 2514 1289 2568 communibus
1321 2513 1510 2568 visum
1545 2513 1707 2567 vobis
1738 2518 1826 2567 est
1857 2518 1914 2567 et
1969 2513 2342 2568 vehementer

692 2601 1001 2668 creditum,
1037 2601 1345 2657 morticina
1376 2602 1608 2672 quidem
1641 2606 1698 2656 et
1730 2601 2031 2656 immolata
2053 2619 2179 2657 esse
2200 2618 2339 2656 sane

689 2689 997 2744 immunda
1031 2691 1170 2759 (Act.
1205 2709 1294 2757 xv,
1323 2692 1413 2762 29)
1441 2707 1452 2745 :
1479 2691 1547 2745 de
1565 2689 1803 2762 porcina
1825 2708 1955 2746 vero
1981 2692 2132 2746 idem
2149 2692 2340 2746 crede-

691 2795 752 2834 re
783 2777 1077 2845 noluistis,
1107 2797 1211 2835 nec
1245 2780 1315 2834 de
1348 2779 1540 2851 lepore
1572 2783 1671 2834 aut
1701 2779 2018 2849 herinacio,
2051 2797 2240 2851 neque
2269 2782 2340 2836 de

691 2865 893 2921 mullis
924 2872 980 2921 et
1024 2867 1407 2940 lolliginibus,
1463 2868 1803 2938 caaterisque
1843 2885 1970 2939 qua)
2029 2870 2192 2924 vobis
2251 2887 2341 2924 sa-

693 2971 870 3027 puere
901 2957 1212 3027 generibus
1245 2956 1522 3028 piscium;
1559 2957 1828 3028 quamvis
1859 2959 2062 3012 eadem
2114 2958 2339 3030 Moyses

694 3043 894 3098 omnia
926 3044 1235 3099 immunda
1259 3061 1387 3100 esse
1415 3050 1663 3100 testetur
1691 3047 1884 3113 (Leuit.
1917 3046 2017 3117 ιι).

764 3165 993 3222 CAPUT
1021 3167 1112 3223 IV.
1161 3200 1199 3208 μ
1238 3167 1338 3223 Illa
1366 3170 1638 3238 verojam
1664 3186 1733 3225 ne
1755 3169 1958 3223 audire
1981 3170 2216 3239 quidem
2238 3187 2338 3226 vos

688 3255 831 3311 velle
849 3257 1017 3311 credo
1035 3273 1103 3312 ex
1125 3258 1500 3313 Testamento
1526 3258 1752 3322 Vetere,
1772 3260 1989 3313 nedum
2011 3259 2335 3326 admittere,

686 3343 743 3398 id
767 3349 874 3415 est,
894 3362 1124 3400 soceros
1139 3346 1391 3401 dormire
1409 3362 1543 3401 cum
1561 3346 2116 3418 nuribus,tanquam
2132 3349 2337 3415 Judas;

686 3437 879 3504 patres
911 3450 1045 3489 cum
1079 3433 1331 3501 filiabus,
1353 3441 1632 3507 tanquam
1665 3435 1836 3490 Loth:
1867 3435 2185 3507 Prophetas
2203 3454 2336 3493 cum

685 3521 1464 3595 fornicatricibus,tanquam
1481 3524 1644 3579 Osee:
1669 3523 1909 3579 maritos
1933 3542 2176 3580 uxorum
2197 3543 2336 3581 sua-

687 3625 820 3665 rum
842 3616 1040 3667 noctes
1062 3614 1425 3668 amatoribus
1444 3613 1998 3684 vendere,tanquam
2024 3615 2334 3685 Abraham;

682 3698 910 3753 duabus
929 3703 1224 3770 germanis
1243 3703 1550 3757 sororibus
1569 3719 1751 3756 unum
1777 3703 2005 3758 misceri
2037 3705 2334 3772 maritum,

678 3789 960 3858 tanquam
983 3791 1159 3845 Jacob
1185 3807 1197 3856 ;
1219 3795 1471 3845 rectores
1486 3789 1708 3862 populi,
1728 3796 1783 3845 et
1800 3807 1947 3861 quos
1970 3793 2221 3848 maxime
2233 3809 2334 3848 en-

679 3874 846 3931 theos
872 3879 1089 3946 credas,
1115 3879 1372 3936 millenis
1393 3883 1450 3934 et
1475 3879 1733 3935 centenis
1751 3880 1995 3934 volutari
2018 3897 2151 3936 cum
2175 3898 2334 3937 scor-

684 3964 782 4030 tis,
806 3970 1088 4037 tanquam
1109 3967 1283 4022 David
1307 3973 1362 4023 et
1385 3967 1658 4024 Salomon
1684 3985 1696 4035 ;
1725 3973 1822 4022 aut
1847 3968 1992 4023 illud
2015 3970 2153 4024 item
2177 3973 2331 4042 quod

685 4051 810 4125 lege
829 4054 1029 4110 uxoria
1052 4061 1287 4111 cautum
1315 4058 1370 4111 in
1399 4057 1840 4112 Deuteronomio
1855 4058 2177 4122 est,debere
2193 4077 2331 4115 uxo-

675 4157 796 4196 rem
822 4143 1078 4198 defuncti
1101 4145 1380 4216 fratris,si
1404 4145 1555 4200 idem
1585 4146 1712 4201 sine
1735 4145 1870 4200 filiis
1895 4145 2332 4219 obierit,super-

675 4231 795 4284 stiti
831 4232 992 4286 fratri
1025 4235 1264 4300 nubere,
1291 4240 1347 4289 et
1378 4237 1647 4290 eumdem
1673 4234 1928 4290 sobolem
1953 4252 2019 4290 ex
2041 4237 2239 4291 eadem
2271 4238 2330 4292 in

665 4316 871 4375 locum
910 4323 1195 4378 suscitare
1227 4323 1417 4379 fratris
1449 4325 1639 4395 :quod
1666 4325 1849 4380 facere
1876 4324 1923 4379 si
1950 4325 2200 4381 noluerit
2221 4328 2327 4398 vir,

672 4407 882 4464 debere
905 4410 1313 4467 mulierculam
1340 4414 1493 4484 apud
1513 4414 1765 4484 majores
1788 4417 1926 4468 natu
1953 4414 2239 4485 deponere
2255 4416 2326 4470 de

672 4495 781 4551 hac
805 4497 1107 4569 impietate
1133 4502 1361 4573 cognati
1383 4504 1472 4557 sui
1499 4503 1819 4574 querelam,
1851 4506 1915 4556 ut
1937 4503 2111 4558 iidem
2136 4521 2328 4560 accer-

672 4586 852 4640 situm
873 4604 1003 4643 eum
1022 4591 1284 4645 censoria
1305 4592 1584 4661 gravitate
1601 4593 2028 4662 coerceant;qui
2051 4595 2097 4646 si
2125 4609 2325 4663 perne-

670 4676 907 4744 gaverit,
942 4679 1092 4748 apud
1127 4696 1225 4735 eos
1259 4697 1370 4734 non
1405 4681 1553 4736 ferat
1581 4681 1844 4752 impune,
1868 4680 1969 4734 sed
1994 4680 2323 4739 exalceatus

670 4763 856 4818 dextri
874 4767 1036 4836 pedis
1049 4767 1503 4834 calceamento,a
1520 4770 1672 4840 praed
1684 4770 1793 4823 icta
1807 4767 2050 4824 muliere
2070 4770 2285 4826 caedatu
2297 4789 2324 4828 r

681 4849 739 4905 in
766 4852 994 4924 faciem,
1019 4859 1074 4909 et
1095 4863 1417 4928 consputus
1440 4873 1505 4912 ac
1532 4857 1877 4912 maledictus
1899 4858 2320 4924 recedat,babi-

673 4943 844 4996 turus
866 4941 973 4997 hoc
995 4945 1370 5015 opprobrium
1389 4947 1811 5018 sempiternum
1836 4946 1892 5000 in
1917 4947 2191 5019 progenie
2213 4965 2320 5003 sua

669 5031 848 5096 (Deut.
880 5048 1011 5098 xxv,
1046 5033 1228 5104 5-10).
1263 5039 1393 5089 Haec
1427 5036 1604 5106 igitur
1635 5041 1807 5106 atque
1839 5035 1950 5090 alia
1977 5036 2318 5106 hujusmodi

666 5123 805 5172 sunt
837 5121 1198 5176 Testamenti
1235 5123 1450 5178 Veteris
1482 5130 1537 5178 et
1557 5124 1820 5195 exempla
1847 5126 2082 5195 etjura:
2108 5142 2234 5196 quae
2267 5127 2316 5182 si

660 5207 809 5262 bona
837 5213 994 5274 sunt,
1021 5225 1127 5263 cur
1145 5227 1254 5265 non
1283 5212 1598 5267 imitamini
1622 5212 1712 5268 ?si
1736 5214 1910 5281 mala;
1942 5231 2042 5268 cur
2075 5231 2188 5269 non
2215 5216 2316 5269 da-

663 5295 882 5351 mnatis
905 5299 1284 5369 auctorem,id
1316 5296 1870 5366 est,Testamentum
1893 5301 2086 5373 ipsum
2115 5303 2319 5358 Vetus?

665 5387 780 5437 Aut
811 5384 856 5438 si
896 5385 1042 5439 falsa
1074 5386 1195 5442 haec
1227 5389 1298 5456 ei,
1335 5395 1616 5461 tanquam
1650 5409 1756 5447 nos
1786 5393 1856 5447 de
1915 5392 2072 5447 Novo
2123 5392 2314 5447 credi-

667 5488 820 5538 mus,
851 5473 1027 5526 etiam
1059 5491 1158 5530 vos
1199 5479 1416 5547 putatis
1447 5480 1686 5547 inserta,
1722 5496 1890 5551 pares
1922 5496 2059 5552 ergo
2085 5497 2312 5536 sumus.

667 5560 923 5615 Desinite
954 5563 1073 5630 jam
1113 5566 1348 5634 proinde
1381 5567 1436 5622 id
1469 5587 1501 5623 a
1532 5571 1698 5625 nobis
1733 5570 1960 5641 exigere
2011 5571 2068 5623 in
2115 5570 2316 5625 Testa-

667 5653 863 5703 mento
898 5649 1072 5718 Novo,
1108 5655 1260 5724 quod
1291 5673 1389 5712 vos
1422 5675 1534 5713 non
1568 5659 1811 5714 servatis
1842 5658 1902 5712 in
1932 5658 2152 5715 Vetere.

1444 337 1756 399 CONTRA
1800 339 2167 402 FAUSTUM
2222 336 2738 410 MANICHEUM,
2793 338 2856 397 S.
2903 335 3375 398 AUGUSTINI.

3980 333 4106 396 500

2515 469 2741 524 CAPUT
2797 469 2866 525 V.
2899 499 2966 509 —-
2999 469 3280 539 Equidem
3323 484 3426 540 ego
3476 473 3767 539 quantum
3817 467 4090 534 arbitror,

2445 563 2733 629 quatenus
2757 557 2951 628 idjam
2979 573 3317 628 persuasum
3358 573 3486 612 esse
3520 556 3806 624 voluistis,
3841 560 3906 612 ut
3927 557 4005 612 sit
4027 573 4098 611 ex

2445 647 2558 701 Deo
2573 647 2747 701 etiam
2761 647 3207 701 Testamentum
3231 645 3431 715 Vetus,
3465 646 3832 702 commodius
3852 646 3995 701 satis
4010 651 4097 700 at-

2445 753 2557 806 que
2579 735 2910 790 excusatius
2927 735 3088 789 vobis
3119 739 3226 797 est,
3252 751 3364 789 non
3389 735 3757 790 servantibus
3777 737 3903 806 ejus
3928 752 4100 790 man-

2444 827 2599 892 data,
2626 825 2673 880 si
2698 825 2995 879 fateamini
3025 824 3359 893 incongruis
3381 841 3508 879 esse
3546 824 3970 894 adjectionibus
4010 824 4095 877 vi-

2444 915 2677 979 tiatum,
2701 931 2876 984 quam
2901 915 2948 967 si
2971 912 3311 968 inviolatum
3335 913 3487 966 idem
3511 913 3798 983 spernatis
3822 918 3877 968 et
3900 913 4092 968 incor-

2446 1003 2960 1074 ruptum.Proinde
2983 1002 3129 1056 hanc
3144 1002 3212 1056 de
3230 1002 3391 1056 vobis
3413 1019 3516 1073 ego
3540 1001 3888 1057 sententiam
3913 1001 4094 1056 habui

2447 1107 2675 1162 semper
2696 1096 2751 1146 et
2777 1091 2980 1158 habeo,
2998 1091 3222 1162 quoties
3242 1090 3526 1161 quaeritur
3543 1107 3647 1144 cur
3666 1091 4091 1160 praevaricemi-

2447 1180 2505 1234 ni
2531 1179 3306 1249 TestamentiVeterisjussa,
3333 1179 3483 1250 quod
3501 1180 3630 1249 ejus
3648 1185 3749 1234 aut
3772 1185 3834 1234 ut
3856 1180 4094 1250 sapien-

2446 1271 2532 1322 tes
2555 1267 2926 1322 contemnitis
2945 1267 3108 1338 falsa,
3134 1273 3236 1322 aut
3253 1272 3316 1321 ut
3336 1272 3712 1323 contumaces
3744 1273 3800 1322 st
3838 1267 4097 1324 indsvuti

2448 1355 2743 1426 negligitis
2759 1371 2910 1410 vera.
2937 1357 3175 1411 Interim
3199 1357 3336 1427 quia
3360 1373 3450 1412 me
3480 1357 3547 1411 ad
3573 1357 3863 1412 credenda
3887 1357 4092 1412 omnia

2448 1445 3081 1515 quaeNoviTestamenti
3099 1445 3494 1500 monumentis
3508 1446 3724 1501 inserta
3737 1447 4085 1516 sunt,cogis,

2449 1533 2705 1604 siipsum
2732 1533 3010 1606 accipiam
3034 1554 3047 1601 ;
3068 1534 3220 1590 scias
3242 1539 3298 1588 et
3324 1539 3693 1605 te,quantum
3716 1535 3784 1590 ad
3811 1535 4102 1603 animum,

2450 1622 2633 1676 multa
2655 1640 2765 1676 non
2790 1623 3040 1692 credere,
3075 1640 3204 1694 quas
3236 1624 3295 1678 in
3319 1623 3524 1679 Vetere
3555 1623 3676 1679 sint
3698 1626 4095 1692 Testamento,

2448 1711 2714 1782 quamvis
2736 1712 2928 1782 ipsum
2951 1718 3002 1766 te
3022 1713 3344 1783 profitearis
3361 1713 3851 1784 accipere.Neque
3869 1714 4024 1768 enim
4042 1718 4100 1767 ct

2447 1797 2587 1853 illud
2610 1800 2667 1853 in
2687 1800 2968 1856 confessis
2983 1817 3049 1855 ex
3067 1801 3266 1856 eodem
3296 1801 3476 1855 habes
3497 1807 3553 1856 et
3579 1801 3978 1867 credibilibus,
4007 1818 4100 1856 es-

2448 1903 2510 1942 se
2534 1887 2904 1942 maledictum
2929 1905 3159 1943 omnem
3185 1890 3280 1960 qui
3310 1890 3645 1960 pependerit
3668 1890 3721 1944 in
3739 1889 4072 1961 ligno(Deut

2447 1993 2560 2040 xxi,
2583 1978 2675 2042 23)
2701 1994 2712 2042 ;
2737 1978 2874 2047 quia
2897 1978 2950 2031 id
2977 1977 3176 2048 utique
3195 1978 3482 2049 pertineat
3519 1983 3576 2033 et
3610 1980 3680 2033 ad
3722 1980 3955 2035 Jesum:
3991 1984 4096 2034 aut

2447 2082 2577 2120 eum
2593 2065 2887 2136 quoquein
2912 2066 3234 2122 maledictis
3252 2067 3578 2138 haberi,qui
3593 2084 3704 2122 non
3725 2069 4102 2124 suscitaverit

2448 2170 2644 2209 semen
2663 2155 2720 2208 in
2749 2154 2920 2210 Israel
2941 2155 3100 2226 ;quia
3120 2156 3172 2209 id
3198 2156 3451 2227 virgines
3469 2173 3699 2228 quoque
3721 2173 3925 2212 omnes
3948 2174 4105 2212 com-

2447 2242 2785 2314 prehendat,
2809 2249 2863 2298 et
2882 2260 3089 2312 pueros
3113 2244 3209 2299 Dei
3236 2261 3247 2300 :
3269 2251 3368 2299 aut
3413 2245 3678 2303 funditus
3718 2246 4100 2301 interiturum

2445 2347 2578 2386 eum
2605 2333 2675 2386 de
2697 2349 2904 2402 genere
2931 2351 3057 2401 suo,
3078 2334 3176 2405 qui
3210 2351 3322 2388 non
3348 2334 3524 2388 fuerit
3559 2350 3796 2389 carnem
3825 2335 4097 2405 praeputii

2445 2419 2828 2476 circumcisus
2847 2421 3000 2489 (Gen.
3025 2439 3163 2488 xvu,
3194 2422 3278 2490 14)
3305 2440 3317 2489 ;
3340 2422 3479 2493 quia
3499 2422 3609 2477 hoc
3629 2438 3861 2493 quoque
3880 2424 3948 2477 ad
3968 2440 4100 2477 om-

2446 2524 2578 2563 nem
2601 2509 2883 2580 pertineat
2903 2510 2968 2564 ch
2980 2510 3420 2565 ristianumzaut
3438 2511 3731 2581 lapidibus
3750 2513 4094 2583 extinguen-

2445 2598 2584 2652 dum
2601 2614 2735 2652 eum
2761 2599 2860 2669 qui
2879 2599 3829 2672 solveritsabbatum(Num.xv,35)
3845 2605 4104 2656 :autnou

2445 2688 2800 2758 parcendum
2825 2689 2874 2742 ei
2899 2689 2996 2758 qui
3024 2705 3205 2743 unum
3228 2689 3528 2760 quodlibet
3548 2690 3906 2744 Testamenti
3927 2694 4100 2745 Vete-

2446 2776 2526 2830 ris
2551 2778 2890 2832 mandatum
2926 2779 3164 2848 ruperit.
3201 2779 3335 2842 Quae
3360 2777 3559 2833 omnia
3583 2779 3631 2833 si
3653 2783 3713 2833 tu
3742 2779 3967 2849 credas,
4000 2781 4104 2833 tir-

2447 2881 2727 2936 mumque
2750 2865 2967 2921 habeas
2986 2867 3124 2937 quia
3145 2866 3473 2922 sinteadem
3492 2885 3524 2922 a
3543 2873 3653 2923 Deo
3673 2869 3971 2933 mandata,
3993 2868 4103 2922 mi-

2443 2953 2503 3007 hi
2534 2955 2721 3024 crede,
2753 2971 2963 3010 manus
2997 2956 3153 3026 prior
3200 2956 3500 3026 injecisses
3531 2957 3587 3010 in
3620 2956 3910 3011 Christum
3941 2974 3954 3024 ;
3989 2973 4098 3011 nec

2444 3060 2599 3098 nunc
2628 3043 2962 3100 irascereris
2990 3045 3227 3111 Iudaeis,
3261 3046 3358 3116 qui
3392 3046 3547 3100 hunc
3579 3045 3793 3100 animis
3838 3062 3904 3101 ac
3952 3046 4096 3100 viri-

2445 3132 2557 3187 bus
2591 3135 2899 3204 persecuti,
2935 3135 3033 3189 Dei
3059 3135 3150 3189 sui
3171 3135 3448 3190 mandata
3474 3135 3840 3206 complerint.

2513 3238 2743 3294 CAPUT
2767 3240 2856 3294 Vl.
2880 3273 2944 3282 —
2968 3242 3242 3312 Equidem
3267 3241 3422 3296 haud
3442 3243 3642 3313 ignoro
3661 3242 3799 3313 quin
3834 3259 3937 3297 vos
3968 3242 4091 3297 hinc

2443 3345 2556 3382 non
2589 3329 2850 3384 audeatis
2882 3331 3072 3386 dicere
3106 3331 3271 3398 falsa,
3306 3332 3407 3386 sed
3439 3331 3574 3400 quia
3606 3331 3725 3386 sint
3757 3332 3958 3386 eadem
3993 3349 4097 3402 pro

2442 3422 2702 3488 tempore
2733 3423 2870 3473 tunc
2904 3420 3183 3475 mandata
3211 3420 3428 3475 Iudaeis
3458 3437 3644 3491 usque
3675 3421 3745 3475 ad
3779 3421 4098 3477 adventum

2443 3506 2665 3561 scilicet
2684 3507 2843 3562 Jcsu:
2866 3509 2965 3579 qui
2992 3510 3269 3579 quoniam
3286 3509 3504 3564 venerit
3521 3510 3591 3564 ab
3611 3510 3810 3564 eodem
3829 3527 4099 3580 praenun-

2440 3596 2920 3663 tiatus,utvultis,
2958 3598 3140 3652 Veteri
3162 3599 3559 3666 Testamento,
3588 3599 3843 3670 ipsejam
3869 3599 4096 3668 doceat,

2440 3685 2576 3756 quid
2603 3686 3008 3757 accipiendum
3036 3687 3204 3741 nobis
3225 3704 3292 3742 ex
3314 3687 3515 3742 eodem
3537 3687 3630 3751 sit,
3655 3688 3867 3759 etquid
3912 3687 4091 3743 relin-

2439 3775 2760 3843 quendum.
2794 3776 2902 3829 Sed
2927 3793 2999 3830 an
3038 3776 3330 3847 prophetis
3363 3775 3566 3831 Jesum
3591 3777 4086 3848 prasagiverint‘,

2439 3867 2639 3932 postea
2661 3862 3020 3918 videbimus:
3049 3863 3277 3918 interim
3302 3865 3373 3918 ad
3411 3864 3530 3918 haec
3555 3881 3644 3918 me
3668 3881 3820 3919 nunc
3854 3882 4092 3936 respon-

2439 3951 2574 4005 dere
2602 3956 2847 4021 Oportet,
2873 3953 3011 4022 quid
3045 3953 3094 4006 si
3127 3953 3300 4008 Jesus
3326 3970 3427 4024 per
3449 3956 3892 4008 Testamentum
3914 3955 4094 4008 Vetus

2438 4041 2840 4105 annuntiatus,
2877 4057 3031 4096 nunc
3061 4041 3348 4111 dijudicat
3378 4047 3434 4097 et
3482 4043 3773 4098 carminat
3795 4045 3838 4108 ⁸,
3891 4044 4091 4098 docet-

2436 4144 2547 4198 que
2569 4144 2749 4199 pauca
2781 4130 2905 4197 ejus
2938 4131 3280 4201 accipienda
3326 4147 3474 4198 esse,
3538 4132 3900 4202 repudianda
3956 4149 4089 4188 vero

2435 4217 2903 4288 quamplurima;
2937 4223 2994 4273 et
3025 4220 3193 4274 nobis
3227 4220 3553 4275 Paracletus
3577 4238 3645 4275 ex
3685 4221 3838 4277 Novo
3897 4221 4094 4276 Testa-

2437 4311 2630 4360 mento
2655 4307 2980 4378 promissus
3007 4308 3243 4378 perinde
3259 4310 3594 4381 docet,quid
3621 4309 3880 4381 accipere
3907 4327 3974 4365 ex
3995 4325 4091 4365 eo-

2431 4395 2564 4450 dem
2597 4396 2938 4462 debeamus,
2961 4397 3174 4468 etquid
3209 4399 3516 4470 repudiare
3543 4416 3554 4465 ;
3579 4399 3649 4454 de
3676 4415 3790 4469 quo
3819 4399 3973 4454 ultro
3994 4398 4091 4454 Je-

2431 4501 2554 4548 sus,
2586 4501 2719 4540 cum
2741 4501 2874 4540 sum
2903 4488 3293 4556 promitteret,
3320 4488 3463 4542 dicit
3503 4488 3561 4542 in
3603 4488 3935 4559 Evangelio,
3966 4491 4088 4560 Ipse

2427 4589 2516 4628 vos
2537 4573 2756 4630 inducet
2776 4576 2837 4629 in
2858 4592 3072 4630 omnem
3099 4578 3383 4631 veritatem
3405 4582 3455 4631 et
3474 4580 3588 4648 ipse
3607 4577 3758 4632 vobis
3778 4581 4088 4633 annuntia-

2429 4664 2513 4717 δίε
2529 4667 2740 4733 omnia,
2765 4666 2815 4718 et
2835 4667 3276 4720 commemorabit
3296 4683 3388 4720 vos
3416 4668 3591 4736 (Joan.
3622 4683 3738 4734 xvr,
3795 4667 3904 4738 15).
3938 4669 4090 4732 Qua-

2427 4757 2661 4823 propter
2692 4752 2864 4807 liceat
2893 4755 3260 4809 tantumdem
3293 4759 3349 4808 et
3381 4755 3550 4810 nobis
3601 4755 3658 4810 in
3711 4760 4086 4811 Testamento

2425 4843 2579 4895 Novo
2603 4857 2705 4911 per
2729 4841 3113 4910 Paracletum,
3131 4849 3417 4914 quantum
3435 4844 3597 4899 vobis
3617 4844 3675 4897 in
3697 4843 4087 4900 Vetat-elicere

2425 4929 2733 4984 ostenditis
2764 4946 2864 5001 per
2887 4929 3090 4986 Jesum
3125 4931 3235 4985 nisi
3263 4932 3409 4986 forte
3444 4931 3643 5002 plures
3675 4932 3840 4988 vobis
3880 4934 4084 4989 Testa-

2426 5023 2686 5072 mentum
2701 5019 2928 5073 videtur
2944 5019 3363 5090 Filiitanquam
3386 5021 3592 5085 Patris,
3627 5021 3673 5076 si
3691 5023 3862 5078 modo
3888 5023 4082 5077 Patris

2423 5115 2525 5172 est,
2553 5113 2617 5162 ut
2637 5124 2770 5162 cum
2790 5108 2969 5163 exillo
2993 5111 3379 5180 reprobentur
3397 5117 3515 5164 tam
3545 5111 3748 5178 multa,
3773 5111 3954 5181 hujus
3983 5129 4080 5167 so-

2423 5196 2539 5251 lius
2559 5197 2701 5250 nihil
2726 5214 2838 5252 non
2858 5198 3068 5253 debeat
3089 5199 3396 5269 approbari
3428 5201 3776 5270 ;prazsertim
3798 5202 3950 5272 quod
3972 5218 4076 5257 nec

2424 5285 2710 5341 aChristo
2742 5285 3026 5356 scriptum
3079 5292 3327 5357 constat,
3393 5293 3458 5343 ut
3515 5288 3792 5357 diximus,
3851 5306 3956 5345 nec
4005 5290 4075 5345 ab

2422 5375 2550 5444 ejus
2582 5374 2894 5444 Apostolis.

2493 5481 2730 5536 CAPUT
2770 5481 2894 5535 VII.
2919 5510 2990 5522 —
3011 5481 3395 5552 Quapropter,
3418 5486 3479 5537 ut
3499 5500 3600 5538 vos
3635 5500 3704 5538 ex
3727 5483 3930 5541 Vetere
3973 5486 4079 5541 Te-

2487 5609 2502 5641 ί
2535 5607 2651 5655 Αω.
2683 5607 2770 5655 Er.
2801 5610 2854 5655 et
2883 5605 3026 5662 Mss.,
3055 5608 3481 5669 prasagaverint.

2485 5671 2506 5703 ³
2539 5672 2676 5728 Αω.,
2705 5669 2967 5718 terminat.
2997 5668 3234 5727 Quidam
3252 5671 3395 5729 Mss.,
3427 5670 3758 5721 determinat.
