4462 6458
369 352 497 414 505

371 483 783 559 Quacumque
802 487 1019 560 scripta
1039 498 1176 545 sunt
1196 489 1255 545 in
1272 489 1390 547 illis
1408 491 1573 548 libris
1596 492 1819 548 Veteris
1836 493 2035 549 Testa-

372 574 575 629 menti
600 577 822 641 omnia,
845 576 1148 634 verissime
1167 583 1339 651 atque
1364 581 1675 636 utilissime
1698 598 1798 653 pro
1820 586 2033 636 aeterna

369 662 503 718 vita
517 666 738 736 scripta
761 682 889 722 esse
910 666 1242 734 laudamus,
1264 669 2033 741 accipimus,approbamus:

373 752 488 807 sed
514 770 645 824 quas
668 754 726 835 in
751 755 841 810 his
873 757 1189 811 mandata‘
1216 758 1503 829 corporali
1550 760 1885 831 operatione
1919 777 2036 815 non

375 842 795 909 observamus,
828 849 885 900 et
925 846 1247 903 rectissime
1278 854 1417 903 tunc
1456 850 1728 904 mandata
1761 849 2037 921 intelligi-

380 934 875 997 mus,etumbras
904 936 1233 991 futurorum
1270 954 1393 992 esse
1429 938 1765 1007 didicimus,
1799 944 1853 993 et
1883 956 2037 993 nunc

376 1020 517 1088 jam
556 1020 787 1092 impleri
821 1025 1250 1093 cognoscimus.
1276 1029 1354 1081 Ac
1378 1044 1477 1098 per
1508 1034 1616 1082 hoc
1648 1028 1915 1099 quisquis
1939 1027 2039 1082 illa

381 1112 535 1163 tunc
567 1110 742 1165 etiam
763 1128 959 1183 opera,
991 1130 1116 1183 quae
1154 1115 1175 1148 ²
1206 1116 1276 1170 ad
1302 1115 1750 1187 significandum
1772 1117 2042 1187 agijube-

382 1198 631 1265 bantur,
667 1217 782 1255 non
818 1201 1181 1270 observabat,
1213 1221 1412 1275 poenas
1443 1205 1722 1261 divinitus
1758 1206 2039 1260 constitu-

380 1290 481 1341 tas
535 1288 862 1344 rectissimo
904 1291 1128 1361 judicio
1178 1293 1561 1363 persolvebat,
1599 1294 1750 1349 sicut
1798 1310 1952 1348 nunc
1993 1294 2041 1349 si

381 1374 528 1445 quis
565 1382 933 1433 sacramenta
962 1379 1103 1435 Novi
1133 1381 1491 1438 Testamenti
1516 1400 1617 1453 pro
1648 1384 1927 1455 temporis
1952 1400 2042 1437 ra-

380 1464 555 1519 tione
607 1466 888 1522 distincta
937 1468 1111 1524 fuerit
1151 1486 1332 1526 ausus
1388 1470 1671 1543 sacrilega
1720 1472 2047 1528 temeritate

383 1551 635 1608 violare.
688 1556 1184 1621 Quemadmodum
1228 1560 1384 1615 enim
1421 1562 1726 1631 tuncjusti
1772 1560 1901 1631 viri,
1946 1561 2046 1633 qui

386 1656 502 1711 pro
563 1642 683 1699 illis
734 1648 1116 1703 sacramentis
1170 1665 1274 1704 nec
1319 1653 1564 1705 mortem
1614 1653 2045 1717 recusaverunt,

379 1730 528 1801 jure
553 1731 903 1801 laudantur;
924 1735 1005 1791 ita
1022 1752 1176 1791 nunc
1197 1755 1295 1809 pro
1314 1738 1445 1793 istis
1463 1744 1745 1811 martyres
1768 1739 2050 1794 sancti.Et

390 1820 555 1875 sicut
604 1838 756 1893 aeger
802 1840 917 1879 non
951 1825 1123 1880 debet
1167 1826 1589 1897 reprehendere
1642 1828 2046 1884 medicinalem

393 1909 760 1977 doctrinam,
800 1913 848 1967 si
902 1913 1059 1969 aliud
1112 1914 1194 1969 illi
1245 1915 1418 1971 hodie
1478 1918 1829 1988 praeceperit,
1890 1917 2049 1973 aliud

398 2014 561 2065 cras,
596 2000 913 2071 prohibens
943 2003 1117 2058 etiam
1167 2005 1321 2076 quod
1369 2010 1503 2061 ante
1551 2012 1918 2078 praeceperat;
1967 2007 2052 2063 sic

398 2087 566 2143 enim
600 2104 660 2144 se
695 2089 869 2145 habet
889 2092 1136 2147 sanandi
1154 2095 1281 2163 ejus
1303 2094 1561 2165 corporis
1575 2097 1747 2151 ratio:
1773 2096 1852 2150 ita
1867 2112 2052 2167 genus

402 2176 743 2233 humanum
774 2182 846 2235 ab
876 2181 1063 2236 Adam
1097 2199 1283 2254 usque
1312 2183 1370 2238 in
1402 2184 1576 2240 ﬁnem
1600 2183 1814 2249 saeculi,
1844 2201 2052 2255 quam-

402 2267 510 2322 diu
558 2283 773 2339 corpus
812 2270 967 2340 quod
1017 2271 1428 2343 corrumpitur,
1476 2278 1750 2344 aggravet
1797 2273 2052 2329 animam

400 2355 563 2426 (Sap.
597 2374 673 2425 1x,
711 2358 820 2429 15),
844 2375 1065 2430 aegrum
1088 2365 1261 2431 atque
1293 2362 1582 2428 saucium,
1614 2378 1750 2431 non,
1783 2363 1951 2417 debet
1976 2363 2057 2417 di-

403 2445 677 2501 vininam
704 2448 1125 2518 reprehendere
1149 2450 1585 2517 medicinam,si
1617 2451 1672 2505 in
1697 2452 2053 2521 quibusdam

402 2532 519 2589 hoc
542 2533 723 2599 idem,
756 2537 814 2591 in
848 2537 1198 2607 quibusdam
1230 2555 1361 2593 vero
1382 2538 1540 2594 aliud
1562 2540 1747 2609 prius,
1770 2539 1929 2594 aliud
1953 2557 2056 2611 po-

400 2624 643 2691 sterius,
668 2625 1094 2681 observandum
1113 2642 1241 2682 esse
1262 2628 1540 2699 praecipit;
1574 2629 1895 2698 praesertim
1918 2629 2057 2699 quia

403 2728 471 2768 se
502 2712 661 2768 aliud
688 2720 1108 2786 praecepturam
1145 2732 1271 2771 esse
1298 2716 1585 2787 promisit.

480 2802 719 2857 CAPUT
755 2804 871 2858 XV.
898 2835 958 2845 —
982 2804 1157 2859 Nulla
1187 2821 1323 2877 ergo
1356 2806 1709 2877 comparatio
1736 2811 1844 2875 est,
1874 2823 2054 2877 quam

404 2890 663 2946 Faustus
686 2892 966 2961 obtendit,
1002 2894 1081 2948 ita
1109 2893 1272 2949 vobis
1306 2894 1665 2949 Paracletum
1684 2912 1750 2949 ex
1774 2895 1929 2950 Novo
1950 2895 2053 2950 Te-

407 2985 705 3035 stamento
732 2982 887 3052 quod
920 2982 1166 3037 credatis
1198 2983 1462 3053 elegisse,
1496 2988 1552 3038 et
1583 2984 1734 3054 quod
1767 2984 2057 3055 respuatis

408 3070 926 3137 demonstravissc,
963 3088 1095 3126 cum
1136 3072 1259 3143 ipse
1301 3072 1455 3126 Novo
1485 3073 1857 3127 Testamento
1886 3074 2058 3128 fuerit

406 3159 813 3231 prophetatus:
839 3160 991 3215 sicut
1013 3160 1181 3216 nobis
1193 3160 1455 3217 Christus
1482 3162 1691 3216 fecitex
1711 3162 2056 3233 Vetere,quo

406 3248 683 3303 similiter
700 3248 1079 3320 prophetatus
1095 3250 1323 3305 est.Hoc
1342 3266 1493 3304 enim
1530 3249 1725 3321 aliqua
1750 3251 2055 3306 verisimili

408 3336 638 3392 ratione
669 3337 976 3405 diceretur,
1015 3338 1063 3393 si
1095 3343 1245 3393 esset
1274 3337 1493 3409 aliquid
1526 3340 1585 3392 in
1617 3338 1842 3393 Veteris
1858 3340 2054 3394 Testa-

411 3426 604 3482 menti
634 3425 820 3494 libris,
841 3428 994 3498 quod
1015 3444 1121 3482 nos
1144 3427 1470 3482 diceremus
1494 3444 1605 3482 non
1626 3432 1780 3482 recte
1809 3428 2052 3499 dictum,

409 3531 530 3571 non
564 3515 1117 3587 divinitusjussum,
1136 3533 1249 3571 non
1278 3516 1557 3571 veraciter
1587 3517 2057 3589 scriptum.Nihil

411 3604 627 3660 horum
651 3603 1049 3659 dicimuszsed
1079 3604 1401 3676 accipimus
1423 3605 1617 3660 omnia
1641 3606 1762 3660 sive
1793 3622 1920 3676 quae
1951 3607 2057 3661 ob-

412 3709 739 3760 servamus,
766 3698 830 3748 ut
860 3700 1012 3749 recte
1034 3695 1322 3761 vivamus,-
1345 3696 1465 3749 sive
1483 3712 1607 3765 quae
1640 3712 1754 3749 non
1787 3696 2058 3750 observa-

411 3788 647 3846 mus,ut
664 3787 856 3837 tamen
882 3788 937 3838 et
957 3783 1083 3855 ipsa
1106 3788 1244 3838 tunc
1274 3784 1332 3837 in
1356 3784 1843 3855 prophetiajussa
1874 3789 1930 3839 et
1960 3785 2059 3839 ob-

412 3876 641 3928 servata
657 3873 945 3944 nuncjam
972 3873 1253 3944 compleri
1295 3873 1620 3928 videamus.
1647 3874 1859 3929 Deinde
1884 3874 2055 3929 Para-

411 3960 629 4017 cletum
653 3962 806 4017 sicut
834 3962 1190 4033 promissum
1214 3961 1462 4033 legimus
1491 3963 1549 4017 in
1580 3962 1653 4017 iis
1691 3963 1876 4030 libris,
1912 3979 2055 4034 quo-

418 4068 547 4105 rum
577 4067 691 4105 non
711 4051 908 4105 omnia
929 4050 1106 4106 vultis
1125 4051 1405 4122 accipere;
1443 4051 1524 4106 ita
1542 4056 1598 4106 et
1616 4052 1865 4107 missum
1913 4051 2054 4125 legi-

412 4156 547 4195 mus
570 4139 627 4193 in
652 4156 718 4195 eo
736 4139 1087 4211 libro.quem
1111 4142 1411 4196 nominare
1427 4142 1601 4196 etiam
1627 4141 1974 4208 formidatis,
1994 4142 2056 4195 In

414 4228 655 4284 Actibus
673 4229 886 4300 quippe
914 4228 1344 4301 Apostolorum,
1368 4228 1521 4285 sicut
1536 4236 1592 4284 et
1626 4245 1776 4300 saepe
1794 4236 1850 4285 et
1882 4230 2057 4302 paulo

412 4323 547 4373 ante
590 4317 1063 4387 commemoravi,
1097 4318 1463 4389 apertissime
1496 4318 1711 4391 legitur
1726 4320 1944 4375 missus
1965 4320 2057 4376 die

414 4408 781 4463 Pentecostes
802 4407 1049 4479 Spiritus
1071 4408 1629 4479 sanctus,quietiam
1663 4424 1834 4479 Opere
1865 4409 2055 4464 mani-

414 4496 643 4551 festavit
656 4496 789 4567 quis
800 4499 973 4551 esset.
989 4496 1227 4569 Linguis
1242 4496 1395 4550 enim
1414 4495 1686 4551 omnibus
1702 4496 1877 4552 locuti
1896 4502 2055 4565 sunt,

413 4587 659 4659 quicum
674 4586 947 4658 primitus
974 4592 1321 4658 acceperunt
1338 4588 1451 4657 (Ac.
1478 4588 1541 4657 ιι)
1559 4603 1569 4640 :
1588 4590 1653 4641 ut
1668 4586 1959 4642 hocetiam
1986 4587 2060 4642 si-

414 4693 527 4749 gno
555 4675 1220 4747 promitteretinlinguis
1239 4676 1534 4743 omnibus,
1560 4675 1663 4730 hoc
1678 4680 1779 4739 est,
1798 4675 1854 4729 in
1874 4676 2060 4730 omni-

413 4765 524 4819 bus
538 4764 809 4835 gentibus
822 4764 1079 4819 futuram
1095 4763 1407 4820 Ecclesiam
1422 4808 1434 4829 ,
1456 4763 1765 4835 quasillum
1783 4764 2052 4819 sicutPa-

413 4858 564 4909 trem
588 4858 644 4907 et
670 4852 884 4907 Filium
916 4852 1221 4911 verissime
1252 4853 1611 4923 praedicaret.

484 4941 712 4998 CAPUT
735 4941 883 4997 XVI.
899 4974 965 4982 —
982 4942 1101 4997 Vos
1123 4943 1393 5014 ergojam
1414 4943 1587 4997 dicite
1607 4960 1786 5014 quare
1819 4959 1933 4998 non
1961 4959 2055 4997 ac-

413 5031 644 5104 cipiatis
667 5032 859 5087 omnia
873 5032 1119 5087 exlibris
1132 5032 1271 5086 Novi
1289 5033 1673 5100 Testamenti;
1700 5039 1896 5087 utrum
1918 5032 2058 5103 quia

414 5138 527 5177 non
545 5124 685 5177 sunt
702 5120 1111 5194 Apostolorum
1130 5121 1445 5191 Christi,an
1473 5122 1611 5193 quia
1638 5122 1796 5194 pravi
1830 5121 2054 5193 aliquid

412 5211 735 5267 docuerunt
765 5210 1026 5281 Apostoli
1059 5211 1292 5266 Christi.
1321 5211 1730 5282 Respondetis,
1763 5211 1909 5273 Quia
1940 5227 2053 5266 non

410 5305 547 5357 sunt
567 5298 969 5371 Apostolorum
988 5300 1225 5355 Christi.
1246 5300 1389 5355 Nam
1415 5300 1512 5354 illa
1528 5318 1634 5355 vox
1675 5300 1853 5355 altera
1876 5304 2055 5372 Paga-

410 5406 617 5446 norum
640 5393 729 5443 est
750 5388 849 5460 qui
877 5389 1075 5443 dicunt
1091 5391 1395 5460 Apostolos
1409 5388 1619 5443 Christi
1637 5406 1749 5445 non
1770 5394 1924 5445 recta
1953 5390 2053 5445 do-

409 5478 741 5535 cuisse.Vos
758 5493 894 5550 ergo
915 5478 1054 5549 quid
1074 5478 1451 5543 dicitis,unde
1465 5478 1776 5533 ostenditis
1795 5479 2056 5550 Scriptu-

408 5586 502 5624 ras
519 5566 649 5623 illas
671 5584 785 5622 non
810 5567 881 5622 ab
903 5566 1195 5639 Apostolis
1216 5567 1618 5623 ministratas?
1644 5567 2050 5639 Respondetis,

470 5786 486 5819 ί
518 5781 691 5833 Editio
709 5782 854 5840 Lov.,
876 5778 1127 5830 mandata
1154 5782 1289 5830 sunt.
1321 5781 1498 5833 Minus
1527 5785 1689 5834 recte.

470 5846 493 5881 ²
513 5846 699 5898 Plures
725 5844 874 5905 Mss.,
902 5844 1056 5894 etiam
1084 5856 1257 5908 apere,
1285 5843 1436 5908 quod.

1471 358 1701 418 LIBER
1754 359 2228 423 TBIGESIMUS
2282 360 2711 423 SECUNDUS.

3681 360 3799 421 506

2216 492 2359 556 Quia
2390 492 2571 548 multa
2600 498 2739 548 sunt
2760 493 2820 549 in
2844 493 2927 549 eis
2946 496 3001 549 et
3018 492 3169 549 inter
3192 509 3252 550 se
3273 497 3328 548 et
3347 492 3457 548 sibi
3482 493 3796 549 contraria.

2141 581 2387 636 Omnino
2426 582 2808 637 falsissimum
2843 588 2960 649 est;
2986 600 3084 637 vos
3116 600 3230 637 non
3264 581 3612 654 intelligitis.
3646 580 3793 635 Nam

2136 670 2382 743 quiquid
2417 671 2529 726 tale
2564 670 2807 742 protulit
2838 672 3105 735 Faustus,
3142 673 3294 743 quod
3328 671 3492 726 vobis
3527 672 3608 725 ita
3637 670 3795 727 vide-

2139 764 2317 828 retur,
2352 760 2430 815 ita
2453 777 2566 815 non
2601 776 2728 816 esse
2755 766 3149 815 monstratum
3173 766 3262 815 est
3293 777 3305 814 :
3335 767 3390 815 et
3412 760 3657 832 quiquid
3678 758 3795 814 tale

2142 848 2352 904 avobis
2382 850 2672 920 prolatum
2697 850 2888 913 fuerit,
2910 850 3015 904 hoc
3039 848 3397 904 docebimus.
3421 847 3559 913 Quis
3583 854 3778 903 autem

2141 938 2305 1007 ferat,
2333 937 2600 993 lectorem
2624 938 2711 993 vel
2733 938 3077 1007 auditorem,
3098 938 3454 1009 Scripturam
3476 942 3644 992 tantae
3679 954 3781 991 au-

2144 1028 2429 1083 ctoritatis
2450 1028 2679 1083 facilius
2704 1044 2876 1099 quam
2893 1027 3096 1082 vitium
3115 1045 3230 1081 sua:
3254 1026 3785 1087 tarditatis,audere

2145 1116 2427 1188 culpare?
2450 1118 2533 1171 An
2590 1117 2695 1172 hoc
2746 1117 2937 1171 dicitis
2972 1133 3073 1171 vos
3111 1114 3465 1170 Paracletum
3489 1114 3787 1180 docuisse,

2143 1205 2366 1277 Scriptu
2378 1223 2470 1261 ras
2488 1206 2628 1261 istas
2640 1206 3047 1277 Apostolorum
3065 1222 3179 1260 non
3198 1205 3449 1270 esse,sed
3468 1204 3576 1257 sub
3592 1219 3791 1258 eorum

2146 1295 2483 1350 nominibus
2504 1295 2575 1349 ab
2598 1294 2713 1349 illis
2737 1312 2864 1349 esse
2887 1294 3308 1366 conscriptam?
3329 1298 3447 1347 Hoc
3470 1292 3673 1348 saltem
3699 1293 3800 1347 do-

2147 1384 2474 1450 cete,istum
2507 1385 2699 1455 ipsum
2733 1383 3093 1440 Paracletum
3115 1399 3264 1449 esse,
3290 1401 3324 1438 a
3355 1399 3471 1455 quo
3504 1381 3794 1437 didicistis

2150 1472 2270 1526 hzec
2302 1472 2700 1544 apostolorum
2732 1490 2845 1528 non
2881 1489 3025 1528 esse.
3048 1474 3133 1527 An
3157 1472 3384 1537 dicetis,
3409 1474 3609 1543 Ipsum
3630 1470 3792 1525 Chri-

2152 1564 2280 1615 stus
2306 1560 2593 1632 promisit,
2616 1566 2670 1616 et
2688 1561 2879 1617 misit?
2905 1561 3311 1633 Respondetur
3331 1560 3515 1626 vobis,
3542 1558 3791 1614 Omnino

2152 1648 2333 1704 istum
2364 1649 2633 1705 Christus
2666 1666 2771 1705 nec
2790 1650 3077 1722 promisit,
3106 1667 3207 1705 nec
3232 1648 3483 1716 misit;et
3503 1648 3679 1703 simul
3704 1664 3797 1703 οε-

2153 1738 2431 1804 tenditur,
2467 1739 2699 1809 quando
2724 1739 2948 1793 miserit
2967 1755 3135 1809 quem
3165 1738 3448 1809 promisit.
3475 1738 3635 1802 Quod
3660 1753 3795 1807 ergo

2155 1843 2285 1882 eum
2319 1827 2583 1882 Christus
2618 1828 2863 1890 miserit,
2912 1828 3019 1882 hoc
3052 1828 3307 1897 probate.
3344 1826 3507 1881 Unde
3535 1826 3797 1881 asseritis

2156 1933 2463 1986 personam
2516 1918 2688 1971 vestri
2722 1918 2999 1981 auctoris,
3041 1917 3127 1971 vel
3175 1917 3369 1987 potius
3414 1916 3739 1986 deceptoris
3772 1913 3800 1967 ?

2155 2005 2635 2077 Respondetis,ex
2654 2006 2956 2077 Evangelio
2978 2022 3077 2060 vos
3102 2006 3361 2076 probare.
3388 2006 3464 2059 Ex
3481 2020 3593 2075 quo
3619 2004 3801 2057 Evan-

2157 2094 2351 2167 gelio‘?
2400 2095 2561 2159 Quod
2601 2111 2716 2149 non
2758 2100 2943 2149 totum
2996 2095 3285 2166 accipitis,
3326 2094 3477 2164 quod
3523 2092 3796 2147 falsatum

2158 2201 2286 2239 esse
2316 2202 2416 2239 vos
2449 2184 2663 2239 dicitis.
2698 2184 2838 2247 Quis
2869 2201 3004 2256 ergo
3039 2189 3245 2239 testem
3276 2199 3449 2238 suum
3476 2182 3636 2254 prius
3670 2183 3793 2253 ipse

2158 2274 2345 2328 dicate
2379 2273 2629 2328 falsitate
2659 2289 2785 2328 esse
2834 2278 3194 2345 corruptum,
3236 2278 3292 2327 et
3329 2277 3469 2327 tunc
3517 2272 3798 2344 producta

2160 2363 2229 2418 ad
2261 2362 2663 2418 testimonium
2685 2366 2710 2415 .9
2740 2363 2797 2417 Si
2831 2362 2985 2416 enim
3010 2363 3163 2433 quod
3186 2360 3366 2416 vultis
3396 2361 3446 2416 ei
3477 2362 3792 2427 credimus,

2158 2456 2215 2505 et
2245 2452 2399 2522 quod
2432 2469 2546 2507 non
2578 2452 2755 2506 vultis
2788 2451 2836 2506 ci
2874 2468 2987 2505 non
3019 2451 3334 2518 credimus,
3367 2452 3493 2521 jam
3536 2466 3649 2504 non
3687 2450 3794 2517 illi,

2160 2542 2259 2595 sed
2291 2540 2453 2596 vobis
2489 2541 2802 2595 credimus.
2847 2541 2904 2594 Si
2937 2546 3130 2595 autem
3163 2539 3324 2594 vobis
3363 2539 3596 2593 credere
3624 2538 3803 2593 velle-

2162 2646 2314 2697 mus,
2350 2634 2556 2684 testem
2590 2647 2623 2683 a
2651 2629 2814 2684 vobis
2852 2646 2963 2683 non
2997 2629 3377 2697 exigeremus.
3406 2628 3619 2682 Deinde
3640 2643 3804 2698 para-

2160 2717 2343 2773 cletus
2376 2718 2629 2789 Spiritus
2664 2723 2901 2773 sanctus
2932 2718 3015 2772 sic
3046 2722 3135 2772 est
3164 2716 3512 2788 promissus,
3548 2721 3611 2770 ut
3640 2717 3802 2771 dice-

2160 2807 2462 2873 retur,lpse
2492 2822 2579 2861 vos
2610 2807 2824 2861 inducet
2860 2808 2919 2861 in
2941 2824 3159 2861 omnem
3180 2807 3461 2860 veritatem
3492 2806 3792 2875 (Joan.xv1,

2162 2896 2284 2964 13):
2327 2896 2616 2967 quomodo
2648 2912 2747 2950 vos
2777 2901 2970 2950 autem
3021 2895 3117 2950 ille
3146 2897 3367 2949 inducet
3396 2895 3450 2947 in
3484 2897 3789 2960 veritatem,

2160 2986 2259 3057 qui
2292 3002 2390 3041 vos
2421 2986 2585 3040 docet
2615 2986 2907 3040 Christum
2932 3001 3058 3039 esse
3079 2983 3341 3039 fallacem
3361 2984 3387 3037 ?
3406 2983 3527 3038 Huc
3550 2983 3794 3051 accedit,

2160 3075 2265 3146 qui
2289 3075 2336 3129 si
2369 3076 2563 3129 omnia
2593 3092 2718 3145 quea
2741 3075 2810 3129 de
2831 3073 3215 3145 promissione
3238 3072 3515 3128 Paracleti
3538 3073 3597 3127 in
3619 3073 3797 3127 Evan-

2160 3163 2309 3235 gelio
2341 3164 2636 3235 leguntur,
2672 3163 2810 3218 talia
2854 3180 2979 3217 esse
3024 3162 3528 3227 demonstraretis,
3576 3166 3641 3216 ut
3686 3178 3801 3216 non

2160 3254 2398 3307 omnino
2431 3252 2541 3307 nisi
2576 3254 2645 3307 de
2690 3252 3005 3307 Manichaee
3038 3258 3228 3307 vestro
3261 3255 3498 3322 possent
3528 3249 3794 3321 intelligi,

2160 3340 2311 3396 sicut
2367 3342 2758 3396 ostenduntur
2806 3341 2862 3395 in
2922 3340 3219 3411 prophetis
3269 3356 3336 3394 ea
3381 3356 3509 3395 esse
3539 3338 3694 3394 dicta
3723 3339 3793 3394 de

2161 3430 2407 3495 Christo,
2442 3448 2568 3500 quae
2602 3431 2659 3484 in
2686 3429 2867 3484 alium
2889 3431 3092 3485 cadere
3114 3430 3349 3484 omnino
3374 3446 3487 3483 non
3507 3429 3789 3499 possint‘,

2157 3524 2351 3573 tamen
2371 3536 2503 3573 cum
2527 3535 2593 3573 ea
2610 3518 2679 3572 de
2699 3518 2768 3573 iis
2786 3518 3083 3573 codicibus
3104 3518 3578 3589 proferetis,quos
3599 3516 3794 3572 dicitis

2160 3608 2487 3671 infalsatos,
2510 3608 2617 3662 hoc
2635 3608 2825 3678 ipsum
2843 3606 2961 3661 illic
2994 3606 3205 3662 falsum
3222 3610 3277 3661 et
3299 3623 3332 3660 a
3355 3606 3793 3675 corruptoribus

2158 3697 2483 3768 majoribus
2513 3697 2720 3751 vestris
2746 3696 3077 3750 immissum
3114 3712 3242 3749 esse
3269 3694 3615 3762 diceremus,
3638 3695 3793 3766 quod

2159 3786 2277 3841 illic
2309 3788 2376 3841 de
2408 3785 2721 3841 Manichaeo
2767 3784 2848 3839 sic
2883 3784 3166 3855 scriptum
3200 3782 3476 3855 legeritis,
3511 3788 3575 3838 ut
3602 3788 3659 3838 et
3690 3782 3801 3839 alio

2158 3875 2483 3947 intelligere
2515 3892 2629 3929 non
2655 3890 2958 3946 possemus
2986 3890 2997 3925 :
3025 3874 3163 3944 quid
3186 3873 3473 3936 faceretis,
3497 3873 3669 3927 dicite
3690 3872 3802 3926 mi-

2158 3963 2239 4030 hi,
2277 3963 2387 4019 nisi
2420 3963 2771 4032 clamaretis,
2804 3961 2961 4016 nullo
2983 3962 3153 4016 modo
3175 3978 3273 4016 vos
3299 3962 3557 4033 potuisse
3591 3961 3798 4016 falsare

2159 4053 2408 4116 codices,
2442 4052 2539 4123 qui
2562 4054 2687 4122 jam
2720 4052 2779 4105 in
2810 4051 3082 4105 manibus
3113 4055 3307 4105 essent
3337 4050 3597 4105 omnium
3630 4050 3801 4104 Chri-

2160 4142 2519 4197 stianorum?
2547 4141 2691 4206 Quia
2722 4157 2854 4195 mox
2885 4146 2947 4194 ut
2993 4141 3177 4195 facere
3215 4140 3557 4211 cmpissetis,
3603 4144 3799 4194 vestu-

2161 4232 2406 4287 etiorum
2439 4230 2857 4302 exemplarium
2877 4230 3115 4283 veritate
3135 4228 3638 4285 convinceremini.
3677 4232 3801 4295 Qua

2160 4321 2338 4392 igitur
2386 4337 2560 4374 causa
2590 4319 2814 4374 avobis
2858 4319 3152 4389 corrumpi
3207 4334 3322 4373 non
3375 4323 3628 4388 possent,
3693 4318 3802 4374 hac

2160 4426 2333 4465 causa
2364 4427 2397 4464 a
2427 4409 2659 4463 nemine
2698 4412 3033 4479 potuerunt.
3067 4407 3344 4477 Quisquis
3374 4407 3527 4461 enim
3554 4406 3658 4462 hoc
3688 4408 3803 4478 pri-

2159 4501 2339 4554 mitus
2370 4515 2552 4553 ausus
2585 4502 2761 4566 esset,
2783 4497 3099 4550 multorum
3123 4496 3387 4551 codicum
3420 4496 3804 4553 vetustiorum

2159 4588 2467 4643 collatione
2494 4588 2920 4641 confutaretur:
2949 4585 3219 4651 maxime,
3249 4584 3384 4655 quia
3418 4601 3527 4640 non
3551 4602 3667 4640 una
3693 4585 3806 4641 lin-

2159 4694 2294 4749 gua,
2351 4677 2448 4731 sed
2482 4676 2689 4731 multis
2732 4676 2930 4729 eadem
2983 4674 3284 4745 Scriptura
3324 4674 3799 4730 continereretur.

2161 4768 2304 4824 Nam
2338 4767 2510 4821 etiam
2547 4782 2703 4820 nunc
2735 4763 3025 4819 nonnullae
3066 4763 3330 4819 codicum
3365 4763 3798 4835 mendositates,

2157 4856 2245 4911 vel
2301 4856 2370 4911 de
2428 4854 2879 4926 antiquioribus,
2932 4853 3017 4909 vel
3066 4855 3136 4908 de
3190 4853 3391 4924 lingua
3440 4852 3799 4924 praecedente

2157 4946 2562 5001 emendantur.
2595 4944 2677 4998 lta
2708 4961 2843 5015 ergo
2868 4949 2971 4998 aut
3001 4942 3274 5015 cogimini
3301 4958 3533 4997 veraces
3556 4941 3683 4996 illos
3700 4958 3794 4995 co-

2158 5036 2315 5090 dices
2346 5034 2627 5103 conliteri,
2660 5038 2717 5088 et
2749 5035 3022 5088 continuo
3062 5036 3328 5087 evertunt
3358 5030 3625 5085 haeresim
3676 5048 3801 5085 ves-

2156 5130 2330 5190 tram;
2365 5128 2465 5178 aut
2498 5124 2543 5177 si
2580 5121 2814 5177 fallaces
2845 5139 2940 5177 eos
2989 5121 3270 5191 dixeritis,
3303 5136 3499 5174 eorum
3553 5122 3805 5174 auctori-

2157 5218 2271 5269 tate
2304 5211 2664 5267 Paracletum
2706 5229 2820 5266 non
2852 5210 3067 5283 poteris
3098 5226 3376 5275 asserere,
3406 5214 3575 5264 etvos
3594 5208 3799 5264 everti-

2155 5303 2230 5356 tis
2264 5299 2529 5355 haeresim
2566 5304 2839 5354 vestram.

2226 5390 2459 5446 CAPUT
2476 5388 2716 5444 XVII.—
2740 5389 2861 5443 Huc
2883 5389 3127 5453 accedit,
3152 5388 3290 5459 quia
3309 5404 3375 5442 ea
3396 5387 3552 5441 dicta
3569 5390 3709 5441 sunt
3741 5386 3799 5442 in

2155 5479 2543 5551 promissione
2561 5477 2929 5544 Paracleti,ut
2952 5477 3333 5532 Manicheeum
3357 5480 3487 5548 post
3504 5482 3622 5531 tam
3646 5477 3798 5531 mul-

2153 5575 2244 5625 tos
2262 5585 2447 5623 annos
2468 5568 2815 5632 venientem,
2840 5566 2911 5620 ab
2937 5569 3048 5620 ista
3078 5566 3410 5635 suspicione
3428 5581 3668 5637 prorsus
3698 5581 3795 5619 ex-

2154 5656 2565 5719 cludant.Quia
2590 5655 2744 5709 enim
2770 5660 2899 5725 post
2918 5654 3400 5709 resurrectionem
3423 5658 3480 5709 et
3500 5653 3802 5709 ascensio-

2154 5762 2288 5803 nem
2310 5744 2828 5819 Dominicontiuuo
2843 5747 3124 5799 venturus
3136 5742 3521 5816 eratSpiritus
3534 5746 3792 5815 sanctus,

2218 5845 2236 5880 ¹
2266 5842 2423 5910 Apud
2449 5844 2537 5897 Er.
2567 5844 2732 5908 Lugd.
2766 5844 2898 5899 Ven.
2928 5843 3075 5907 Lov.,
3103 5844 3333 5909 possunt.
3451 5842 3521 5893 Μ.
