4094 6490
34 430 155 489 521

36 563 185 617 Tunc
217 560 439 632 aperuit
459 562 579 616 illis
599 577 841 630 sensum,
866 563 925 615 ut
949 560 1328 632 intelligerent
1343 558 1662 629 Scripturas
1685 573 1705 613 :

31 661 84 707 et
117 650 270 706 dixit
298 652 399 721 eis,
434 652 714 723 Quoniam
734 652 812 705 sic
830 652 1109 721 scriptum
1126 656 1226 718 est,
1250 657 1302 704 et
1322 651 1400 704 sic
1420 650 1705 720 oportebat

45 740 334 795 Christum
352 742 471 811 pati
485 752 537 795 et
554 755 839 810 resurgere
858 756 891 793 a
910 740 1149 795 mortuis
1168 738 1256 793 die
1278 740 1457 802 tertio,
1479 745 1531 794 et
1554 751 1703 808 prae-

32 830 225 885 dicari
237 831 297 884 in
310 830 529 885 nomine
541 831 659 900 ejus
670 830 1057 901 paenitentiam
1068 832 1120 882 et
1133 828 1508 882 remissionem
1525 841 1707 897 pecca-

32 926 225 973 torum
252 920 308 973 in
327 934 511 973 omnes
533 922 740 986 gentes,
767 917 1159 984 incipient-ibus
1179 917 1246 971 ab
1279 916 1587 973 Ierusalem
1612 915 1705 969 Vos

32 1011 227 1061 autem
259 1008 388 1061 estis
420 1011 575 1062 testes
624 1006 843 1061 horum.
894 1008 958 1060 Et
987 1022 1079 1076 ego
1111 1007 1331 1061 mittam
1355 1004 1697 1074 promissum

32 1096 227 1150 Patris
248 1096 361 1149 mei
382 1097 441 1149 in
464 1112 551 1151 vos
574 1112 591 1147 :
616 1112 708 1151 vos
734 1103 925 1150 autem
953 1094 1126 1149 sedete
1151 1096 1212 1149 in
1239 1096 1459 1149 civitate
1484 1093 1696 1163 quoad-

32 1200 213 1254 usque
244 1184 562 1240 induamini
590 1187 851 1240 virtutem
880 1200 950 1238 ea:
978 1184 1087 1238 alto
1121 1184 1270 1254 (Luc.
1300 1199 1449 1248 xx1v,
1486 1181 1690 1252 36-49).

34 1272 265 1327 Etcum
290 1272 641 1328 reddidisset
664 1273 921 1328 codicem
945 1270 1259 1343 Evangelii,
1279 1270 1500 1341 accepit
1515 1271 1694 1325 Actus

30 1361 477 1432 Apostolorum,
497 1366 553 1417 et
571 1360 739 1431 dixit,
759 1360 1107 1416 Audivimus
1124 1359 1181 1414 in
1201 1358 1510 1431 Evangelio
1531 1374 1693 1413 com-

42 1466 412 1506 memorasse
459 1449 891 1522 Evangelistam
936 1454 1207 1504 sanctum
1240 1447 1691 1519 promissionem

33 1539 283 1606 Christi,
314 1556 437 1610 quas
469 1544 558 1594 est
588 1540 647 1593 in
682 1538 990 1611 Evangelio
1022 1537 1345 1593 secundum
1379 1536 1691 1603 Joannem,

32 1644 218 1699 quem
243 1644 500 1700 praisens
526 1626 683 1683 Felix
707 1626 1202 1681 commemoravit.
1229 1625 1334 1681 Ubi
1358 1625 1515 1680 enim
1547 1623 1694 1679 dixit

37 1716 349 1783 Dominus,
382 1719 543 1772 Mitto
575 1717 726 1772 vobis
757 1716 1025 1787 Spiritum
1052 1720 1305 1770 sanctum
1352 1714 1692 1785 paracletum

28 1806 221 1877 (Ioan.
257 1822 374 1871 xvx,
396 1806 475 1876 7),
496 1805 751 1861 Joannes
773 1803 1129 1875 evangelista
1151 1804 1406 1874 scripsit.
1440 1802 1557 1857 Hoc
1587 1819 1690 1857 au-

27 1900 149 1949 tem
170 1894 327 1965 quod
346 1895 516 1949 modo
534 1892 666 1965 legi,
691 1900 869 1948 Lucas
888 1891 1238 1965 evangelista
1257 1896 1563 1947 attestatus
1580 1897 1688 1960 est,

26 1988 85 2038 et
101 1982 421 2038 consonuit
433 1982 657 2037 veritati
673 1980 1687 2054 apostoliloannis.Videamusetiam

28 2072 331 2142 quomodo
366 2072 685 2143 perfectum
718 2076 806 2125 est
834 2070 988 2141 quod
1025 2070 1295 2141 promisit
1328 2068 1614 2124 Dominus
1635 2073 1693 2124 et

29 2160 334 2231 quomodo
359 2159 665 2229 impletum
696 2175 708 2213 :
735 2164 797 2213 ut
821 2175 955 2213 cum
979 2160 1152 2214 fuerit
1181 2175 1248 2213 ex
1274 2158 1569 2213 canonicis
1603 2156 1689 2211 Li-

27 2249 153 2304 hris
177 2253 394 2304 sancta:
418 2247 681 2303 Ecclesia:
711 2263 985 2319 expressa
1001 2247 1259 2319 impletio
1281 2246 1689 2319 promissionis

26 2337 295 2403 Domini,
321 2337 679 2408 paracletum
702 2337 980 2408 Spiritum
1008 2341 1282 2391 sanctum
1301 2335 1551 2391 alterum
1572 2352 1686 2391 non

28 2442 396 2497 quaeramus,
431 2443 501 2481 ne
533 2425 593 2480 in
625 2426 1001 2481 seductorum
1033 2426 1272 2496 laqueos
1294 2425 1683 2481 incurramus.

108 2513 349 2569 CAPUT
382 2514 467 2569 IV.
503 2544 569 2554 â€”-
602 2514 667 2569 Et
716 2514 977 2568 recitavit
1014 2530 1081 2569 ex
1113 2514 1353 2568 Actibus
1382 2512 1687 2583 Apostolo-

26 2620 164 2657 rum
194 2620 208 2658 :
247 2604 501 2657 Primum
531 2603 749 2673 quidem
780 2618 1083 2656 sermonem
1128 2604 1235 2672 feci
1263 2601 1328 2656 de
1356 2602 1626 2668 omnibus,
1654 2617 1684 2657 0

24 2692 344 2764 Theophite,
371 2708 489 2763 qua
518 2693 674 2763 capit
694 2693 847 2747 Iesus
861 2693 1045 2762 facere
1063 2700 1114 2747 et
1141 2690 1348 2756 docere,
1380 2691 1441 2745 in
1464 2690 1553 2746 die
1580 2706 1685 2762 quo

23 2782 318 2854 Apostolos
348 2781 508 2851 elegit
564 2797 664 2851 per
717 2782 994 2851 Spiritum
1042 2785 1315 2847 sanctum,
1347 2788 1398 2835 et
1422 2782 1685 2852 pracepit

24 2870 345 2942 praedicare
374 2870 737 2940 Evangelium
758 2885 776 2922 .'
806 2870 1005 2940 quibus
1032 2870 1268 2940 praebuit
1288 2884 1345 2923 se
1364 2870 1545 2924 vivum
1563 2873 1682 2940 post

22 2962 345 3031 passionem
366 2960 425 3012 in
446 2958 637 3013 multis
659 2959 1001 3026 argumentis
1023 2957 1259 3023 dierum,
1290 2959 1441 3012 visus
1470 2959 1546 3012 eis
1568 2956 1684 3013 dies

23 3048 426 3121 quadraginta,
455 3050 506 3102 et
534 3048 729 3102 docens
759 3046 825 3101 de
854 3063 1023 3117 regno
1051 3047 1167 3112 Dei,
1199 3054 1247 3101 et
1275 3045 1537 3117 quomodo
1560 3061 1685 3101 con-

26 3146 277 3192 versatus
299 3140 378 3192 est
401 3152 525 3190 cum
548 3134 688 3190 illis.
712 3136 777 3189 Et
796 3136 1059 3207 praecepit
1079 3136 1157 3189 eis
1176 3151 1245 3190 ne
1259 3134 1593 3190 discederent
1608 3136 1684 3191 ab

24 3226 419 3298 Jerosolymis,
478 3224 570 3280 sed
626 3226 962 3279 sustinerent
996 3224 1457 3296 pollicitationem
1478 3224 1679 3292 Patris,

26 3333 201 3388 quam
232 3313 485 3382 audistis,
515 3315 716 3385 inquit,
751 3330 821 3369 ea:
848 3329 939 3368 ore
968 3330 1123 3381 meo;
1156 3314 1417 3384 quoniam
1443 3317 1684 3370 Joannes

29 3404 252 3476 quidem
276 3404 578 3474 baptizavit
598 3420 768 3474 aqua,
792 3418 881 3457 vos
901 3408 1085 3457 autem
1105 3402 1315 3473 Spiritu
1334 3412 1517 3457 sancto
1538 3404 1683 3457 inci-

28 3495 201 3565 pictis
226 3492 504 3563 baptizari
523 3508 681 3563 quem
703 3494 755 3546 et
777 3494 1053 3562 accepturi
1070 3494 1201 3547 estis
1222 3508 1330 3547 non
1346 3494 1465 3562 post
1488 3493 1685 3547 multos

34 3586 167 3638 istos
194 3581 333 3647 dies,
356 3598 524 3654 usque
542 3580 612 3635 ad
636 3582 999 3637 Pentecosten.
1022 3582 1116 3636 Illi
1135 3596 1259 3652 ergo
1287 3580 1683 3645 convenientes,

34 3673 459 3739 interrogabant
475 3687 599 3725 eum
618 3670 885 3726 dicentes:
910 3672 1157 3738 Domine,
1181 3672 1231 3724 si
1251 3672 1311 3723 in
1332 3668 1429 3725 hoc
1450 3674 1691 3740 tempore

25 3759 393 3831 praesentabis
422 3776 651 3830 regnum
685 3760 896 3814 Israel?
921 3759 1020 3813 Ille
1068 3768 1256 3813 autem
1304 3758 1489 3813 dixit:
1522 3759 1684 3814 Nemo

26 3852 204 3920 potest
225 3864 550 3921 cognoscere
573 3859 800 3919 tempus,
825 3848 963 3918 quod
985 3852 1150 3902 Pater
1166 3849 1347 3918 posuit
1373 3848 1432 3902 in
1460 3864 1562 3901 sua
1588 3863 1683 3917 po-

28 3942 217 3994 testate
239 3958 257 4003 ;
281 3937 373 3992 sed
393 3940 673 4008 accipietis
698 3939 949 3992 virtutem
974 3936 1214 4007 Spiritus
1236 3938 1415 3990 sancti
1433 3952 1683 4006 superve-

31 4031 277 4083 nientem
299 4028 360 4081 in
382 4042 492 4097 vos,
509 4038 563 4081 et
586 4029 742 4082 eritis
765 4026 909 4081 mihi
928 4031 1087 4081 testes
1109 4027 1256 4096 apud
1270 4023 1681 4095 Ierosolymam,

34 4124 75 4172 et
110 4119 170 4171 in
207 4121 320 4171 tota
340 4116 533 4172 Iudaea
552 4124 604 4171 et
625 4116 899 4185 Samaria,
924 4124 973 4170 et
996 4130 1160 4185 usque
1184 4116 1246 4169 in
1265 4117 1435 4169 totam
1456 4121 1682 4168 terram.

38 4210 171 4261 Cum
204 4206 323 4260 haec
343 4204 564 4270 diceret,
589 4205 755 4260 nubes
774 4205 1008 4275 suscepit
1026 4220 1174 4268 eum,
1194 4207 1243 4257 et
1258 4203 1505 4257 sublatus
1522 4204 1598 4257 est
1619 4202 1685 4257 ab

36 4298 131 4350 eis.
162 4295 227 4348 Et
246 4292 508 4364 quomodo
520 4295 938 4365 contemplantes
950 4301 1106 4347 erant
1120 4309 1245 4346 cum
1262 4293 1365 4346 iret
1384 4293 1439 4346 in
1471 4291 1683 4355 caelum,

36 4402 153 4440 ecce
175 4384 284 4437 duo
308 4383 421 4437 viri
440 4383 732 4437 adstabant
757 4382 869 4437 itlis
891 4384 951 4436 in
972 4389 1116 4435 veste
1136 4380 1281 4449 alba,
1305 4382 1402 4451 qui
1429 4379 1690 4436 dixerunt

38 4475 97 4528 ad
119 4489 215 4529 eos
240 4489 253 4526 :
287 4473 400 4527 Viri
427 4470 498 4525 ÏÎ±
509 4470 672 4538 lilaei,
696 4472 827 4543 quid
846 4473 1004 4526 statis
1028 4471 1371 4539 respicientes
1393 4470 1451 4523 in
1472 4470 1691 4523 calum?

41 4566 133 4617 Iste
155 4564 311 4619 Iesus
332 4562 429 4632 qui
447 4570 750 4631 assumptus
769 4569 850 4615 est
870 4563 931 4615 in
945 4560 1142 4615 caelum
1161 4575 1191 4612 a
1212 4559 1383 4621 vobis,
1414 4560 1493 4612 sic
1512 4560 1691 4613 veniet

41 4649 500 4722 quemadmodum
534 4651 747 4706 vidistis
772 4666 898 4705 eum
945 4656 1165 4703 euntem
1214 4647 1269 4701 in
1301 4648 1515 4702 cretum.
1550 4647 1693 4701 Tunc

44 4740 253 4797 reversi
283 4748 411 4793 sunt
451 4740 849 4811 Ierosolymam
876 4754 908 4792 a
926 4740 1105 4793 monte
1125 4738 1223 4807 qui
1249 4744 1468 4791 vocatur
1488 4735 1689 4803 Elzon,

43 4834 129 4902 qui
151 4831 230 4885 est
243 4830 403 4899 juxta
424 4830 840 4900 Ierosotymam;
862 4828 1079 4883 sabbati
1098 4826 1303 4881 habens
1323 4826 1451 4880 iter.
1478 4826 1544 4880 Et
1567 4841 1694 4880 cum

44 4921 379 4983 introissent,
413 4918 777 4974 ascenderunt
808 4918 868 4972 in
896 4917 1202 4989 superiora,
1242 4915 1338 4969 ubi
1374 4915 1696 4971 habitabant

45 5010 241 5063 Petrus
273 5011 324 5061 et
351 5008 605 5068 Ioannes.
651 5009 877 5064 Iacobus
922 5013 973 5061 et
1018 5004 1283 5072 Andreas,
1327 5003 1616 5075 Philippus
1644 5012 1697 5061 et

53 5099 298 5161 Thomas,
329 5095 763 5153 Bartholomaeus
793 5101 843 5151 et
872 5094 1189 5164 Mattiacas,
1210 5092 1439 5149 Iacobus
1458 5092 1693 5163 Alphaei,

52 5192 93 5241 et
109 5188 316 5245 Simon
336 5184 567 5250 Zelotes,
586 5190 638 5240 et
657 5186 827 5241 Iudas
848 5183 1051 5240 Jacobi.
1080 5183 1143 5237 Et
1164 5183 1319 5236 erant
1337 5197 1695 5252 perseveran-

51 5285 113 5331 tes
147 5290 339 5331 omnes
370 5276 661 5328 unanimes
684 5276 744 5328 in
763 5272 1116 5337 orationibus,
1135 5288 1259 5325 cum
1278 5270 1624 5337 mulieribus,
1648 5274 1697 5325 et

52 5366 225 5421 Maria
255 5378 382 5434 quae
410 5365 590 5434 fuerat
619 5366 796 5417 mater
825 5365 969 5429 Iesu,
999 5366 1049 5417 et
1072 5360 1347 5432 fratribus
1378 5360 1513 5431 ejus.
1546 5361 1609 5413 Et
1638 5360 1696 5414 in

56 5455 246 5511 diebus
270 5453 385 5507 illis
405 5455 717 5507 exsurrexit
739 5455 927 5508 Petrus
955 5454 1014 5506 in
1043 5448 1220 5505 medio
1244 5450 1577 5504 discentium
1600 5450 1699 5517 â€™,et

54 5545 193 5601 dixit
216 5543 354 5615 (fuit
372 5552 561 5598 autem
582 5542 743 5598 turba
765 5544 822 5597 in
844 5558 975 5609 uuo,
1002 5541 1286 5597 hominum
1307 5539 1465 5610 quasi
1483 5547 1699 5594 centum

110 5726 122 5760 Â¹
157 5720 321 5778 Editi,
351 5721 404 5784 in
432 5720 598 5784 medio
620 5721 891 5784 fratrum,
923 5718 989 5767 At
1023 5717 1170 5776 Mss.,
1201 5715 1521 5766 discentium.
1553 5715 1695 5767 Gre-

59 5799 107 5837 ce
134 5790 241 5846 est,
274 5782 557 5833 mathetdn.

379 5902 642 5963 Parcet.
688 5899 870 5961 XLII.

452 428 555 488 DE
599 425 820 489 AGTlS
863 425 1027 489 CUM
1073 426 1348 487 FELICE
1394 424 1690 485 MANICH

1802 425 1853 497 ),
1889 425 1955 483 S.
2006 426 2431 488 AUGUSTINI
2476 426 2707 489 LIBER
2749 428 3071 492 PRIMUS.

3341 434 3458 493 52%

1814 557 2034 629 viginti)
2059 574 2071 613 :
2112 560 2230 615 Viri
2256 563 2475 631 fratres,
2499 566 2701 631 oportet
2720 561 3016 634 adimpleri
3034 565 3363 635 scripturam
3384 568 3461 621 is-

1814 654 1950 717 tam,
1987 663 2159 719 quam
2172 650 2441 719 praedixit
2466 650 2706 722 Spiritus
2728 656 2948 708 sanctus
2969 669 3060 708 ore
3086 656 3265 709 sancti
3292 654 3464 710 David

1813 736 1878 792 de
1895 736 2058 803 Iuda,
2085 739 2183 809 qui
2199 742 2308 809 fuit
2325 738 2577 795 deductor
2595 741 2821 796 illorum
2834 744 2931 813 qui
2938 743 3465 814 comprehenderunt

1812 827 2015 894 Iesum,
2034 830 2295 898 quoniam
2318 838 2714 884 annumeratus
2734 835 2859 885 erat
2872 832 3017 886 inter
3027 849 3145 901 nos,
3159 834 3254 904 qui
3268 834 3463 890 habuit

1813 919 2013 970 sortem
2042 916 2205 987 hujus
2236 918 2558 973 ministerii.
2602 920 2711 974 Hic
2758 936 2885 988 ergo
2913 921 3148 991 possedit
3174 939 3374 991 agrum
3397 922 3462 978 de

1801 1004 2047 1060 mercede
2068 1006 2361 1077 injustitia'e
2379 1021 2517 1076 suae,
2540 1016 2591 1063 et
2609 1008 2812 1062 collum
2830 1010 2940 1063 sibi
2958 1010 3233 1080 alligavit,
3252 1015 3303 1066 et
3322 1011 3462 1083 deje-

1801 1102 1918 1149 ctus
1933 1094 1991 1147 in
2010 1096 2209 1163 faciem
2222 1139 2234 1160 ,
2252 1095 2533 1167 disruptus
2546 1102 2625 1151 est
2641 1099 2880 1163 medius,
2894 1105 2943 1152 et
2954 1099 3126 1169 effusa
3138 1104 3264 1154 sunt
3277 1101 3461 1155 omnia

1800 1185 2009 1237 viscera
2038 1183 2176 1254 ejus.
2211 1184 2367 1256 Quod
2389 1189 2438 1239 et
2458 1187 2736 1255 cognitum
2759 1188 2969 1255 factum
2996 1194 3072 1241 est
3094 1187 3346 1242 omnibus
3368 1195 3461 1259 qui

1801 1272 2191 1329 inhabitabant
2215 1274 2640 1345 Ierosotymam,
2675 1277 2755 1329 ita
2786 1280 2849 1329 ut
2894 1290 3181 1331 vocaretur
3206 1291 3336 1347 ager
3364 1275 3463 1330 ille

1801 1362 2045 1433 ipsorum
2079 1362 2270 1432 lingua
2300 1362 2679 1431 Aceldemach,
2728 1363 2787 1418 id
2836 1368 2934 1430 est,
2967 1380 3105 1434 ager
3130 1366 3452 1436 sanguinis.

1801 1447 2078 1521 Scriptum
2097 1460 2178 1505 est
2199 1453 2348 1506 enim
2370 1452 2427 1505 in
2454 1452 2592 1507 libro
2613 1452 2960 1507 Psalmorum
2987 1470 3006 1507 :
3030 1454 3154 1509 Fiat
3172 1453 3313 1509 villa
3338 1454 3458 1525 ejus

1798 1538 2032 1606 deserta,
2062 1547 2113 1594 et
2141 1555 2251 1594 non
2280 1541 2350 1594 sit
2377 1542 2475 1611 qui
2503 1542 2773 1596 inhabitet
2802 1543 2863 1595 in
2894 1557 2977 1607 ea,
3010 1546 3063 1597 et
3086 1543 3455 1613 episcopatum

1798 1626 1912 1697 ejus
1930 1628 2167 1697 accipiat
2194 1628 2351 1682 alter.
2381 1633 2606 1699 Oportet
2630 1630 2823 1701 itaque
2846 1646 2917 1685 ex
2938 1630 3024 1684 his
3052 1631 3185 1685 viris
3209 1632 3306 1701 qui
3324 1646 3454 1686 con-

1797 1724 2061 1771 venerunt
2080 1715 2363 1771 nobiscum
2387 1719 2446 1771 in
2466 1720 2619 1773 omni
2638 1727 2878 1789 tempore
2899 1735 3002 1789 quo
3024 1720 3275 1775 introivit
3288 1735 3453 1789 super

1797 1805 1927 1860 nosâ€˜
1961 1814 2012 1859 et
2041 1807 2276 1859 excessit
2330 1806 2587 1860 Dominus
2630 1807 2783 1862 Iesus
2817 1807 3084 1873 Christus,
3118 1809 3388 1877 incipiens
3418 1825 3453 1863 a

1800 1894 2065 1964 baptismo
2092 1896 2324 1951 Joannis
2356 1911 2523 1967 usque
2556 1896 2610 1949 in
2646 1896 2807 1950 illum
2839 1895 2983 1951 diem
3006 1911 3108 1965 quo
3137 1902 3451 1968 assumptus

1797 1988 1876 2037 est
1899 2000 1932 2037 a
1951 1983 2126 2049 nobis,
2150 1992 2333 2038 testem
2354 1986 2777 2039 resurrectionis
2795 1985 2914 2054 ejus
2935 1986 3213 2040 nobiscum
3229 2002 3360 2041 esse.
3384 1986 3449 2041 Et

1797 2074 1991 2127 statuit
2010 2071 2161 2138 duos,
2184 2073 2375 2143 Ioseph
2397 2074 2493 2144 qui
2520 2073 2811 2128 vocabatur
2843 2074 3129 2143 Barsabas,
3156 2076 3252 2145 qui
3278 2078 3328 2129 et
3349 2076 3449 2130 Iu-

1797 2169 1933 2227 stus;
1964 2170 2015 2216 et
2047 2160 2357 2217 Matthiam.
2420 2163 2484 2216 Et
2536 2166 2788 2233 precatus
2836 2162 3019 2217 dixit:
3059 2165 3160 2230 Tu,
3196 2165 3448 2235 Domine,

1795 2250 1950 2305 cordi
1954 2267 2043 2304 um
2061 2252 2307 2305 omnium
2321 2252 2375 2304 in
2385 2251 2800 2316 tellector,osten
2809 2250 2874 2305 de
2886 2268 2958 2305 ex
2969 2252 3051 2305 his
3062 2251 3273 2306 duobus
3290 2267 3449 2321 quem

1794 2339 2006 2407 elegisti
2025 2338 2095 2393 ad
2115 2338 2520 2410 suscipiendum
2544 2340 2724 2394 locum
2755 2338 2919 2410 hujus
2947 2340 3249 2394 ministerii
3272 2347 3323 2394 et
3343 2357 3445 2394 an-

1793 2429 2179 2493 nantiationis,
2212 2445 2245 2482 a
2273 2444 2381 2499 qua
2411 2430 2640 2483 excessit
2666 2428 2831 2483 Iudas
2863 2429 3148 2483 ambulare
3172 2430 3232 2482 in
3265 2429 3441 2483 locum

1794 2532 1973 2571 suum.
2004 2519 2074 2570 Et
2095 2515 2359 2571 dederunt
2375 2520 2553 2571 sortes
2600 2517 2788 2583 suas',
2810 2525 2861 2571 et
2905 2518 3105 2571 cecidit
3132 2533 3246 2571 sors
3273 2532 3438 2586 super

1792 2604 2101 2671 Matthiam,
2124 2606 2357 2660 etsimul
2379 2604 2669 2675 deputatus
2693 2610 2769 2660 est
2789 2621 2914 2661 eum
2938 2604 3187 2660 undecim
3208 2606 3433 2676 Aposto-

1793 2696 1862 2749 lis
1891 2693 2267 2749 duodecimus.
2316 2694 2385 2748 Et
2414 2710 2549 2748 cum
2582 2694 2839 2765 legisset,
2880 2694 3055 2748 dixit:
3086 2692 3436 2748 Audivimus

1792 2780 1925 2851 quis
1955 2780 2257 2835 ordinatus
2287 2784 2376 2835 est
2404 2779 2463 2834 in
2497 2780 2690 2835 locum
2731 2780 2895 2835 Judze
2929 2780 3244 2847 traditoris,
3279 2780 3435 2851 quod

1792 2869 1965 2941 paulo
1996 2874 2129 2925 ante
2160 2869 2628 2939 commemoravi,
2680 2886 2750 2924 ne
2796 2869 3109 2941 quisquam
3144 2886 3246 2941 per
3273 2869 3434 2924 frau-

1790 2959 1924 3014 dem
1955 2962 2172 3030 irrepat
2218 2958 2276 3012 in
2309 2957 2713 3031 Apostolorum
2756 2975 3088 3029 numerum,
3116 2963 3173 3014 et
3200 2959 3435 3015 nomine

1790 3047 2151 3120 apostolatus
2182 3046 2346 3102 fallat
2376 3048 2632 3120 ignaros.

1861 3136 2168 3193 CAPUTV.
2201 3168 2269 3178 â€”-
2298 3136 2463 3192 Nunc
2492 3136 2793 3192 videamus
2842 3137 2996 3209 quod
3029 3136 3429 3209 promisimus,

1791 3227 2084 3299 quomodo
2134 3226 2373 3299 impleta
2415 3226 2489 3282 sit
2521 3225 2736 3281 Christi
2768 3226 3079 3297 promissio
3110 3227 3180 3281 de
3211 3226 3432 3298 Spiritu

1792 3320 2013 3371 sancto.
2044 3315 2109 3370 Et
2137 3332 2269 3370 cum
2301 3314 2563 3384 dixisset,
2598 3314 2737 3387 legit
2766 3315 2823 3369 in
2854 3314 3015 3370 loco:
3050 3315 3302 3385 Tempore
3330 3329 3432 3385 quo

1790 3406 2071 3477 suppletus
2092 3406 2167 3459 est
2195 3404 2309 3459 dies
2338 3406 2694 3471 Pentecostes,
2750 3406 2974 3474 fuerunt
3030 3420 3220 3459 omnes
3264 3403 3434 3458 simul

1793 3494 1853 3547 in
1881 3508 2011 3547 uno.
2043 3494 2117 3545 Et
2143 3494 2325 3562 factus
2353 3501 2430 3547 est
2456 3493 2635 3547 subito
2660 3508 2828 3546 sonus
2858 3492 2923 3547 de
2950 3492 3102 3557 caelo,
3136 3492 3296 3562 quasi
3320 3494 3432 3561 fer-

1792 3586 1946 3636 retur
1971 3579 2140 3653 ï¬‚atus
2194 3580 2499 3649 vehemens,
2557 3584 2607 3635 et
2661 3581 2907 3651 implevit
2954 3584 3122 3635 totam
3152 3581 3311 3635 illam
3340 3580 3433 3634 do-

1792 3672 2025 3736 mum,in
2059 3686 2165 3741 qua
2192 3678 2349 3725 erant
2376 3669 2639 3723 sedentes.
2673 3671 2737 3724 Et
2768 3671 2900 3724 visae
2928 3674 3051 3724 sunt
3084 3670 3197 3724 illis
3227 3670 3437 3737 linguae

1791 3759 1976 3815 divisas
2007 3761 2166 3830 quasi
2196 3760 2357 3829 ignis,
2393 3760 2487 3829 qui
2516 3760 2564 3811 et
2596 3758 2791 3813 insedit
2810 3774 2978 3827 super
2997 3772 3439 3828 unumquemque

1792 3864 1998 3902 eorum.
2029 3850 2090 3902 Et
2119 3848 2335 3918 impleti
2362 3854 2491 3901 sunt
2530 3863 2714 3901 omnes
2754 3847 2969 3918 Spiritu
3011 3856 3221 3915 sancto,
3256 3849 3304 3901 et
3334 3863 3438 3901 cie-

1791 3941 1989 4009 perunt
2020 3938 2169 4007 loqui
2212 3937 2383 3990 variis
2430 3936 2661 4006 linguis,
2713 3935 2973 4006 quomodo
3003 3936 3246 4007 Spiritus
3275 3934 3439 3989 dabat

1793 4026 1872 4080 eis
1900 4026 2277 4097 pronuntiare.
2318 4024 2669 4095 Ierosolymis
2697 4033 2877 4079 autem
2904 4027 3129 4095 fuerunt
3162 4023 3437 4078 habitato-

1794 4131 1880 4169 res
1908 4114 2118 4182 Iudaâ€™i,
2145 4115 2391 4169 homines
2421 4129 2490 4168 ea:
2510 4115 2661 4168 omni
2680 4115 2899 4168 natione
2918 4128 3041 4183 quae
3059 4121 3139 4167 est
3160 4112 3260 4167 sub
3283 4112 3436 4173 coelo.

1794 4205 1859 4259 Et
1884 4220 2005 4259 cum
2033 4206 2179 4275 facta
2210 4206 2341 4257 esset
2372 4219 2493 4269 vox,
2543 4202 2765 4257 collecta
2818 4210 2894 4257 est
2925 4204 3086 4257 turba
3115 4204 3163 4257 et
3191 4202 3439 4271 confusa,

1796 4295 2055 4365 quoniam
2085 4291 2340 4346 audiebat
2386 4293 2753 4363 unusquisque
2807 4308 2909 4345 suo
2960 4307 3207 4345 sermone
3244 4295 3294 4345 et
3324 4289 3441 4345 suis

1798 4384 2005 4451 linguis
2037 4381 2309 4452 loquentes
2339 4396 2445 4435 eos.
2479 4382 2776 4451 Stupebant
2796 4384 2982 4435 autem
3003 4384 3054 4435 et
3076 4378 3438 4433 admiraban-

1800 4478 1909 4537 tur,
1950 4470 2019 4525 ad
2050 4471 2279 4524 invicem
2330 4470 2608 4525 dicentes:
2635 4470 2821 4525 Nonne
2866 4484 3051 4524 omnes
3080 4469 3175 4540 qui
3213 4469 3444 4540 loquun-

1798 4567 1915 4631 tur,
1947 4562 2168 4614 natione
2222 4560 2350 4613 sunt
2398 4558 2660 4615 Galileei?
2690 4562 2753 4613 Et
2801 4558 3062 4628 quomodo
3092 4558 3442 4625 agnoscimus

1800 4652 1862 4705 in
1894 4650 2009 4704 illis
2036 4664 2341 4703 sermonem
2372 4649 2431 4701 in
2460 4663 2563 4720 quo
2594 4648 2715 4702 nati
2745 4662 2932 4702 sumus
2952 4650 2977 4699 Î³
3004 4646 3220 4701 Parthi.
3255 4648 3305 4700 et
3324 4649 3441 4700 Me-

1800 4740 1878 4809 di,
1912 4749 1962 4794 et
1990 4738 2260 4803 Elamitz,
2291 4745 2341 4791 et
2368 4740 2463 4807 qui
2492 4737 2745 4791 habitant
2774 4736 3232 4807 Mesopotamiam,
3262 4733 3446 4791 Iudae-

1798 4845 1891 4882 am
1922 4834 1972 4883 et
2002 4826 2402 4898 Cappadociam
2420 4826 2462 4892 Â³,
2512 4827 2749 4880 Pontum
2805 4833 2857 4880 et
2880 4825 3084 4895 Asiam,
3120 4824 3448 4893 Phrygiam-
3530 4894 3533 4895 Î½

1804 4932 1906 4988 que
1933 4926 1983 4971 et
2012 4916 2418 4986 Pamphyliam,
2478 4916 2773 4987 /Egyptum
2818 4922 2868 4970 et
2908 4930 3088 4985 partes
3117 4913 3301 4983 Libya:
3328 4926 3447 4984 quae

1803 5012 1879 5062 est
1909 5007 2057 5061 circa
2116 5003 2396 5075 Cyrenem,
2450 5012 2499 5058 et
2555 5005 2649 5074 qui
2703 5003 3035 5058 advenerant
3062 5002 3313 5067 Romani,
3344 5001 3446 5055 Iu-

1805 5099 2023 5168 deeique
2050 5099 2102 5151 et
2150 5094 2450 5166 Proselyti,
2501 5094 2773 5149 Cretenses
2829 5096 2879 5149 et
2906 5093 3123 5159 Arabes,
3154 5090 3449 5147 audiebant

1807 5187 2077 5259 loquentes
2108 5184 2231 5238 illos
2276 5184 2391 5237 suis
2434 5183 2643 5250 linguis
2688 5182 2969 5253 magnalia
3009 5181 3106 5235 Dei
3151 5180 3290 5251 (Act.
3330 5195 3445 5243 1-11,

1808 5276 1917 5346 11).
1956 5276 2021 5328 Et
2049 5290 2181 5328 cum
2215 5273 2503 5339 recitaret,
2537 5271 2712 5326 dixit:
2744 5270 2963 5325 Audisti
2998 5270 3293 5339 nuncjam
3317 5267 3446 5339 Spi-

1808 5366 1981 5420 ritum
2016 5367 2306 5429 sauctum,
2354 5362 2646 5431 quomodo
2693 5360 2771 5415 sit
2793 5360 3055 5414 missus?
3099 5358 3259 5423 Quod
3293 5375 3326 5412 a
3356 5374 3448 5413 me

1870 5473 1886 5506 á½·
1915 5470 2072 5549 Editiâ€˜,
2095 5469 2231 5517 inter
2254 5482 2361 5517 nos.
2393 5471 2457 5517 At
2488 5468 2630 5527 Mss.,
2660 5481 2812 5531 super
2854 5478 2961 5514 nos.
2997 5465 3154 5515 Juxta
3182 5465 3449 5527 Grecam,

2274 5606 2410 5647 suas,
2442 5606 2504 5641 ex
2538 5591 2657 5640 Mss.
2690 5592 2749 5641 In
2789 5606 2963 5655 graeco
2994 5591 3297 5655 est.uutdn.

1868 5659 1889 5693 Â³
1916 5658 2049 5706 Editi
2080 5656 2340 5714 ferebant,
2372 5655 2669 5719 Armeniam
2719 5659 2767 5703 et
2798 5654 3211 5719 Cappadociam.
3261 5655 3452 5719 Emen-

1807 5720 2000 5770 dantur
2027 5734 2089 5769 ex
2121 5719 2265 5777 Mss.,
2317 5717 2412 5782 qui
2458 5716 2615 5766 isthic
2643 5730 2816 5780 graeco
2850 5715 2901 5771 et
2932 5717 3099 5768 latino
3132 5719 3301 5767 textui
3330 5715 3451 5766 vul-

1806 5787 1944 5848 gatae
1973 5782 2338 5833 consentiunt.

3065 5899 3138 5961 17
