4094 6500
577 391 694 449 523

580 520 822 594 exegisti
854 519 1089 592 probavi
1116 536 1129 587 ;
1164 523 1430 591 superest
1460 522 1525 575 ut
1553 523 1610 575 et
1630 522 1695 573 tu
1716 517 1897 574 facias
1918 516 2072 589 quod
2095 531 2228 587 pro-

586 608 839 665 misisti:
876 608 1155 681 quoniam
1206 609 1535 664 invenimus
1589 607 1822 679 quando
1855 606 2018 661 misit
2046 604 2230 676 Spiri-

586 702 714 754 tum
744 704 1030 767 sanctum,
1063 714 1239 770 quem
1271 697 1572 770 promisit;
1597 714 1841 769 respuas
1862 694 2023 751 illam
2047 694 2229 767 scrip-

588 791 805 858 turam,
838 805 963 859 quaa
996 789 1104 843 sub
1162 787 1398 843 nomine
1445 787 1698 859 Spiritus
1745 784 1931 841 sancti
1964 783 2233 839 fraudare

589 875 772 933 voluit
799 876 885 933 vel
917 876 1192 933 lectorem
1217 877 1304 933 vel
1338 876 1687 933 auditorem.

662 982 888 1040 CAPUT
918 983 1010 1039 VI.
1044 1016 1111 1025 ——
1142 984 1270 1039 FEL.
1306 983 1487 1039 dixit:
1521 987 1637 1055 Ego
1669 1000 1783 1039 non
1818 998 1962 1053 nego
1993 981 2049 1035 id
2079 979 2232 1051 quod

591 1072 731 1141 dixi,
765 1072 904 1143 quia
933 1089 1063 1128 cum
1099 1073 1408 1145 probatum
1442 1072 1584 1127 mihi
1609 1072 1781 1127 fuerit
1804 1069 1957 1143 quod
1979 1068 2233 1141 Spiritus

591 1166 829 1217 sanctus
860 1162 1121 1218 docuerit
1148 1163 1449 1218 veritatem
1478 1176 1655 1233 quam
1702 1175 1916 1231 quaero,
1948 1158 2108 1214 illam
2140 1173 2233 1213 re-

593 1267 762 1322 spuo.
793 1250 908 1305 Hoc
939 1250 1093 1305 enim
1125 1249 1416 1306 Sanctitas
1462 1254 1563 1303 tua
1606 1247 1751 1302 mihi
1780 1247 1940 1319 legit,
1974 1246 2073 1302 ubi
2105 1245 2234 1318 Spi-

593 1340 768 1394 ritum
830 1344 1098 1395 sanctum
1150 1337 1409 1410 Apostoli
1468 1340 1836 1408 acceperunt,
1897 1340 1953 1391 et
1999 1336 2059 1390 in
2089 1334 2237 1407 ipsis

593 1427 882 1499 Apostolis
910 1444 1086 1483 unum
1119 1444 1313 1498 quaero
1344 1426 1444 1498 qui
1478 1443 1569 1481 me
1616 1427 1816 1481 doceat
1846 1426 1916 1481 de
1947 1424 2133 1495 initio,
2167 1424 2236 1479 de

594 1517 805 1588 medio,
839 1522 896 1572 et
925 1518 994 1571 de
1034 1518 1169 1572 ﬁne.

666 1607 809 1662 AUG.
846 1605 991 1661 dixit
1015 1622 1027 1659 :
1060 1606 1117 1660 Si
1146 1605 1358 1678 legeris
1387 1605 1495 1660 hoc
1518 1603 1732 1659 dixisse
1757 1602 2090 1668 Dominum,
2114 1601 2239 1656 Mit-

595 1698 655 1749 to
687 1696 850 1750 vobis
882 1695 1163 1767 Spiritum
1196 1699 1487 1763 sanctum,
1514 1694 1610 1765 qui
1635 1694 1840 1748 doceat
1858 1710 1961 1748 vos
1983 1691 2238 1758 initium,

598 1783 858 1839 medium
892 1788 948 1839 et
978 1785 1153 1840 ﬁnem
1180 1803 1193 1851 ;
1226 1785 1371 1839 bene
1403 1801 1493 1839 me
1523 1782 1804 1854 astringis
1834 1787 1899 1837 ut
1936 1782 2239 1837 ostendam

600 1888 747 1943 quos
778 1872 1037 1928 docuerit
1067 1872 1318 1945 Spiritus
1349 1877 1605 1928 sanctus.

678 1962 809 2017 FEL.
842 1961 1017 2018 dixit:
1078 1962 1223 2026 Quia
1277 1964 1561 2018 sanctitas
1608 1969 1710 2019 tua
1755 1963 1864 2019 hoc
1895 1962 2052 2029 dicit,
2087 1960 2239 2032 quod

601 2050 867 2122 Apostoli
898 2051 1008 2123 ipsi
1041 2057 1390 2123 acceperunt
1438 2052 1721 2123 Spiritum
1772 2056 2040 2107 sanctum
2074 2067 2241 2122 para-

603 2139 854 2209 cletum;
887 2139 1099 2195 iterum
1130 2139 1277 2207 dico,
1307 2141 1379 2196 de
1425 2141 1716 2213 Apostolis
1760 2140 1908 2212 ipsis
1941 2156 2114 2211 quem
2145 2156 2242 2194 vo-

602 2227 803 2294 lueris,
862 2230 1064 2284 doceat
1119 2246 1211 2284 me
1267 2231 1419 2301 quod
1479 2246 1572 2285 me
1621 2230 1975 2285 Manicbteus
2024 2228 2241 2299 docuit,

600 2323 703 2373 aut
732 2317 920 2389 ipsius
950 2318 1276 2375 doctrinam
1333 2324 1571 2375 evacuet
1626 2320 1696 2375 de
1729 2318 2033 2374 duodecim
2069 2334 2242 2389 quem

598 2405 869 2463 volueris.

671 2501 821 2551 Avo.
855 2496 1036 2552 dixit:
1070 2497 1239 2552 Absit
1268 2497 1437 2569 longe
1468 2514 1501 2552 a
1529 2497 1640 2553 Ilde
1681 2496 2147 2569 Apostolorum‘,
2182 2500 2243 2551 ut

603 2585 928 2640 doctrinam
952 2586 1198 2642 doceant
1216 2586 1481 2659 sacrilegi
1499 2585 1816 2642 Manicbaai.
1837 2586 1946 2641 Sed
1967 2584 2245 2657 quoniam

603 2673 750 2730 dicis
774 2692 955 2729 unum
978 2674 1241 2748 ipsorum
1268 2676 1475 2731 debere
1499 2692 1775 2731 evacuare
1792 2676 2114 2730 doctrinam
2134 2674 2249 2729 Ma-

606 2762 833 2831 nichaai,
866 2764 1037 2819 modo
1094 2770 1287 2820 autem
1348 2764 1534 2819 sancti
1582 2763 1841 2836 Apostoli
1872 2780 1987 2819 non
2016 2768 2157 2818 sunt
2186 2763 2246 2818 in

606 2868 881 2923 corpore;
914 2869 1019 2924 ego
1053 2853 1356 2921 minimus,
1390 2871 1504 2909 non
1536 2853 1728 2909 solum
1777 2855 2041 2908 omnium
2070 2854 2251 2922 Apos-

608 2941 881 3009 telorum,
915 2944 1013 2997 sed
1047 2943 1308 2998 omnium
1339 2942 1765 3015 episcoporum,
1796 2943 1951 3009 (nam
1984 2942 2055 2995 ad
2082 2940 2250 2995 meri-

611 3034 669 3085 ta
697 3030 1106 3102 Apostolorum
1164 3031 1397 3102 quando
1454 3032 1649 3103 aspiro
1674 3031 1721 3097 ?)
1775 3035 2059 3101 quantum
2103 3028 2248 3083 mihi

608 3121 893 3175 Dominus
924 3121 993 3176 de
1024 3121 1151 3192 ipso
1182 3120 1402 3192 Spiritu
1448 3137 1554 3175 suo
1605 3118 1803 3191 largiri
1834 3120 2111 3191 dignatus
2136 3122 2245 3185 est,

605 3226 820 3267 evacuo
878 3210 1204 3266 doctrinam
1265 3208 1587 3278 Manichzei,
1650 3224 1782 3262 cum
1823 3206 2103 3279 cmperint
2134 3205 2245 3279 legi

602 3299 909 3372 sequentia
937 3298 1099 3354 illius
1146 3297 1424 3370 epistolas,
1476 3314 1652 3369 quam
1696 3302 1759 3352 tu
1791 3297 1915 3369 ipse
1946 3296 2246 3352 Manichaai

598 3406 726 3445 esse
758 3407 871 3445 non
906 3404 1104 3461 negas.

664 3483 792 3534 FEL.
827 3477 1010 3533 dixit:
1048 3476 1247 3532 Dixisti
1283 3476 1420 3548 quia
1471 3475 1728 3549 Apostoli
1777 3476 1848 3531 de
1880 3492 2120 3548 corpore
2149 3493 2239 3532 re-

597 3572 918 3637 cesserunt,
954 3567 1257 3637 scripturaa
1288 3581 1490 3621 eorum
1520 3565 1713 3621 valent
1743 3582 1930 3636 usque
1962 3583 2151 3620 nunc:
2184 3569 2242 3621 et

594 3657 735 3728 quia
764 3657 905 3711 dixit
935 3656 1230 3711 Sanctitas
1260 3660 1379 3723 tua,
1413 3660 1469 3710 et
1500 3656 1637 3727 quia
1658 3655 1866 3711 dedisti
1891 3660 2237 3726 potestatem

595 3745 826 3801 dicendi
859 3762 985 3816 quas
1016 3744 1372 3799 voluerimus
1404 3744 1529 3799 sine
1562 3743 1680 3799 ullo
1704 3743 2031 3810 formidine,
2060 3743 2237 3798 dixis-

594 3834 659 3901 ti,
692 3834 919 3888 Evacuo
951 3832 1139 3905 legem
1172 3831 1473 3887 Manicbzei
1500 3847 1513 3885 :
1548 3836 1605 3886 et
1624 3848 1729 3903 ego
1751 3831 1901 3897 dico,
1929 3831 2114 3887 Omnis
2138 3831 2235 3886 ho-

592 3938 683 3978 mo
711 3922 969 3992 mendax,
1028 3922 1180 3977 solus
1225 3923 1363 3977 Deus
1393 3936 1567 3976 verax
1596 3920 1772 3992 (Psul.
1805 3936 1933 3977 cxv.
1972 3923 2045 3989 2;
2081 3920 2232 3976 Rom.

592 4026 678 4076 III,
711 4011 804 4083 4);
839 4011 1148 4082 Scriptura:
1180 4010 1279 4066 Dei
1320 4010 1662 4082 loquuntur.

661 4118 894 4173 CAPUT
908 4117 1031 4174 VII.
1056 4149 1121 4159 —
1141 4122 1284 4173 AUG.
1310 4117 1485 4173 dixit:
1510 4117 1593 4171 Tu
1614 4116 1851 4187 quidem
1874 4121 1930 4172 et
1950 4116 2125 4172 homo
2147 4133 2232 4184 es,

584 4212 641 4263 et
671 4209 823 4263 sicut
849 4224 939 4263 res
973 4208 1103 4279 ipsa
1135 4208 1307 4263 modo
1338 4206 1668 4261 indicatura
1713 4210 1821 4274 est,
1857 4208 2126 4263 mendax.
2162 4208 2233 4265 Et

586 4300 861 4368 quoniam
892 4296 1123 4352 locutus
1155 4312 1217 4351 es
1248 4313 1375 4368 quas
1406 4294 1659 4363 voluisti,
1695 4311 1807 4349 non
1843 4295 1911 4350 de
1935 4296 2233 4367 Scriptura

588 4386 681 4441 Dei
710 4403 724 4452 ;
749 4391 974 4457 oportet
995 4393 1051 4440 et
1074 4403 1164 4441 me
1188 4385 1342 4455 loqui
1379 4383 1532 4456 quod
1565 4383 1710 4439 volo.
1746 4384 1799 4437 Si
1831 4384 1986 4439 enim
2017 4386 2230 4442 veritas

586 4480 676 4529 est
708 4474 1005 4530 Manichazi
1037 4475 1141 4541 tui,
1177 4490 1281 4530 nec
1311 4492 1344 4528 a
1376 4490 1467 4528 me
1497 4473 1716 4528 destrui
1752 4472 1996 4543 poterit:
2031 4474 2079 4530 si
2117 4474 2228 4529 fal-

584 4562 729 4619 sitas
760 4569 867 4629 est,
900 4564 1038 4635 quid
1071 4564 1311 4620 interest
1358 4580 1391 4619 a
1439 4580 1551 4634 quo
1592 4563 1977 4617 destruatur?
2009 4564 2227 4620 Tamen

587 4653 725 4726 quia
748 4654 817 4709 de
832 4652 1243 4725 Apostolorum
1269 4653 1554 4722 scriptura
1584 4651 1803 4719 dixisti,
1838 4652 1989 4722 quod
2012 4654 2120 4708 etsi
2146 4653 2227 4709 illi

584 4760 698 4799 non
723 4744 843 4799 sint
864 4744 919 4797 in
944 4760 1200 4815 corpore,
1227 4747 1365 4797 sunt
1390 4740 1481 4796 hic
1503 4742 1803 4812 scriptura:
1826 4756 2027 4796 eorum
2053 4760 2065 4797 :
2094 4748 2229 4800 ante

582 4833 869 4904 assumpti
888 4837 1025 4888 sunt
1045 4830 1323 4903 Apostoli,
1350 4848 1526 4901 quam
1551 4847 1709 4885 error
1727 4830 2025 4885 Manicbsei
2053 4838 2226 4889 natus

581 4922 639 4976 in
664 4922 883 4976 mundo
908 4922 1095 4975 fuerat
1120 4938 1132 4988 ;
1159 4925 1464 4991 propterea
1494 4936 1607 4973 non
1643 4918 2020 4974 inveniuntur
2042 4922 2224 4993 scrip-

580 5014 721 5065 turaa
747 5009 1157 5081 Apostolorum
1179 5010 1473 5064 evidenter
1495 5013 1693 5063 contra
1710 5008 2091 5065 Manichaeum
2111 5010 2226 5067 dis-

580 5104 863 5155 serentes.
923 5097 1336 5153 Verumtamen
1397 5097 1551 5168 quod
1584 5096 1886 5167 apostolus
1918 5098 2134 5154 Paulus
2166 5101 2222 5155 in

579 5187 797 5259 Spiritu
820 5188 933 5243 isto
960 5191 1160 5242 saneto
1183 5185 1473 5257 paracleto
1498 5202 1669 5257 quem
1704 5192 2024 5257 acceperat,
2056 5188 2223 5243 futu-

580 5293 711 5330 rum
745 5275 1071 5348 praeviderit
1100 5275 1172 5329 de
1200 5272 1440 5341 talibus,
1486 5274 1675 5345 qualis
1707 5274 2058 5331 Manichacus
2090 5277 2219 5346 fuit,

582 5364 784 5435 quales
814 5365 955 5419 estis
987 5368 1043 5418 et
1072 5380 1195 5429 vos,
1230 5363 1406 5418 recito
1438 5371 1499 5417 ut
1549 5379 1853 5435 agnoscas.
1888 5366 1957 5419 Et
1987 5372 2223 5437 accepta

582 5453 838 5524 Epistola
858 5452 1101 5524 apostoli
1128 5452 1287 5507 Pauli
1310 5453 1380 5507 ad
1400 5453 1772 5509 Timotheum
1791 5452 1959 5525 legit:
1982 5454 2224 5525 Spiritus

577 5552 763 5598 autem
784 5544 1074 5613 manifeste
1092 5543 1227 5598 dicit
1242 5544 1371 5615 quia
1387 5545 1444 5599 in
1461 5544 1776 5598 novissimi:
1792 5544 2121 5614 temporibus
2138 5562 2221 5601 re-

638 5730 658 5765 ι
689 5727 821 5791 Vox,
848 5728 1223 5795 Apostolorum,
1252 5731 1405 5784 abest
1441 5746 1474 5783 a
1505 5730 1901 5794 manuscriptis.

1291 386 1393 446 DE
1436 382 1653 445 ACTIS
1699 382 1860 445 CUM
1908 381 2184 442 FELICE
2233 380 2688 452 MANICH/EO,
2736 380 2799 439 S.
2848 377 3275 441 AUGUSTINI

3874 377 4002 436 δὲι

2336 514 2521 569 cedent
2543 513 2767 586 quidam
2787 530 2819 568 a
2839 513 2965 585 ﬁde,
2997 514 3336 569 attendentes
3365 512 3654 583 spiritibus
3681 507 4000 567 seductori‘

2339 602 2455 668 bus,
2474 602 2738 658 doctrinis
2758 602 3159 657 dmmoniorum
3178 604 3235 657 in
3254 602 3534 673 hypocrisi
3551 600 4003 670 mendaciloquo-

2342 708 2489 759 rum,
2512 694 2875 747 cauteriatam
2897 692 3149 747 habentes
3188 693 3581 747 conscientiam
3600 708 3793 753 suam;
3810 692 4010 763 prohi-

2343 784 2526 841 bentes
2555 786 2777 853 nubere,
2812 786 3087 841 abstinere
3114 802 3148 840 a
3178 786 3315 839 cibis
3358 800 3492 854 quos
3522 785 3662 840 Deus
3687 786 3903 839 creavit
3933 782 4010 838 ad

2340 874 2747 946 percipiendum
2792 892 2917 930 cum
2945 876 3261 946 gratiarum
3291 874 3504 931 actione
3534 873 3811 943 ﬁdelibus,
3846 877 3902 927 et
3932 874 4013 927 iis

2342 966 2442 1037 qui
2470 969 2841 1034 cognoverunt
2887 967 3210 1021 veritatem:
3254 965 3384 1035 quia
3413 963 3590 1019 omnis
3619 972 3881 1019 creatura
3910 963 4020 1017 Dei

2345 1053 2483 1109 bona
2513 1058 2610 1121 est,
2644 1062 2695 1110 et
2743 1055 2890 1109 nihil
2938 1054 3302 1125 objiciendum
3359 1052 3504 1126 quod
3532 1069 3661 1108 cum
3690 1054 4015 1123 gratiarum

2343 1144 2555 1197 actione
2578 1145 2883 1215 percipitur
2904 1160 2925 1205 ,·
2955 1143 3339 1213 sanctiﬁcatur
3365 1144 3513 1199 enim
3540 1158 3639 1213 per
3658 1141 3885 1197 verbum
3910 1141 4015 1195 Dei

2343 1236 2393 1286 et
2422 1234 2756 1288 orationem.
2803 1234 2927 1287 Haec
2967 1234 3297 1305 praecipiens
3332 1232 3629 1303 fratribus,
3681 1232 3857 1286 bonus
3886 1233 4012 1285 eris

2344 1321 2596 1375 minister
2623 1323 2750 1377 Iesu
2783 1321 2989 1377 Christi
3033 1322 3076 1393 (Ι
3127 1324 3261 1377 Tim.
3296 1339 3370 1389 1v,
3406 1320 3546 1392 1-6).
3580 1321 3643 1375 El
3676 1337 3811 1375 cum
3843 1319 4011 1392 lege-

2346 1414 2451 1477 ret,
2485 1409 2601 1464 dixi
2629 1426 2642 1464 :
2676 1411 2792 1481 Ego
2824 1410 2932 1466 hoc
2983 1411 3052 1465 de
3099 1411 3286 1479 vobis,
3331 1418 3385 1466 et
3418 1411 3488 1465 de
3518 1409 3743 1465 talibus
3774 1409 3874 1480 qui
3913 1409 4011 1463 di-

2347 1502 2490 1553 cunt
2520 1498 2777 1569 aliquam
2829 1504 3154 1555 creaturam
3190 1500 3285 1554 Dei
3341 1499 3712 1554 immundam
3758 1515 3915 1568 esse,
3951 1503 4012 1553 et

2349 1586 2451 1658 qui
2484 1586 2689 1642 dicunt
2715 1604 2948 1643 omnem
2983 1588 3359 1644 concubitum
3390 1594 3446 1644 et
3475 1588 3573 1661 qui
3608 1589 3673 1643 fit
3697 1605 3831 1643 cum
3856 1604 4011 1643 uxo-

2349 1692 2429 1743 re,
2464 1676 2909 1732 fornicationem
2941 1694 3068 1733 esse
3096 1696 3107 1746 ;
3133 1678 3243 1733 hoc
3260 1682 3349 1733 est
3370 1678 3525 1732 enim
3549 1678 3703 1749 quod
3731 1678 3834 1742 ait,
3860 1682 4010 1733 Pro-

2350 1766 2594 1820 hibentes
2637 1769 2861 1838 nuptias
2883 1784 2903 1829 ;
2935 1783 3040 1839 per
3068 1767 3347 1839 Spiritum
3381 1766 3697 1839 prophetiae
3728 1767 4011 1839 designa-

2348 1858 2475 1909 tum
2508 1860 2565 1910 et
2596 1872 2938 1926 expressum
2998 1874 3125 1913 esse
3182 1856 3329 1912 dico.
3391 1857 3476 1911 Tu
3511 1861 3705 1911 autem
3738 1856 3789 1911 si
3823 1872 4015 1929 negas

2350 1960 2581 1998 omnem
2613 1944 2808 2000 cibum
2854 1945 3179 2001 humanum
3230 1945 3457 2002 licitum
3503 1950 3560 2001 et
3606 1946 3676 2000 ad
3707 1945 4012 2001 edendum

2351 2048 2690 2088 concessum
2750 2034 3111 2103 hominibus,
3170 2036 3460 2091 mundum
3504 2051 3653 2103 esse,
3687 2052 3804 2090 non
3836 2051 3901 2090 es
3934 2034 4010 2091 de

2351 2120 2468 2177 illis
2491 2138 2638 2194 quos
2662 2123 3026 2195 prophetavit
3055 2124 3388 2196 Apostolus.
3411 2124 3468 2180 Si
3493 2130 3686 2180 autem
3717 2124 4009 2180 inveniris

2352 2210 2411 2265 in
2442 2210 2513 2266 iis
2544 2228 2670 2282 quae
2703 2212 2841 2283 dixi,
2874 2230 3005 2269 ecce
3035 2214 3213 2270 habes
3242 2214 3571 2287 apostolum
3604 2212 3849 2268 Paulum
3876 2215 4009 2270 des-

2352 2302 2642 2353 truentem
2676 2304 2731 2354 et
2782 2306 3156 2357 evacuantem
3202 2302 3525 2358 doctrinam
3570 2303 3879 2359 Manichaei
3914 2303 4007 2358 fu-

2352 2388 2490 2443 turi.
2525 2388 2724 2460 ltaque
2756 2391 3041 2462 responde
3072 2391 3142 2446 ad
3177 2391 3234 2446 id
3266 2392 3419 2463 quod
3444 2392 3737 2465 interrogo
3762 2410 3777 2451 :
3798 2392 4011 2448 Omnis

2353 2478 2704 2533 concubitus
2736 2479 3036 2535 fornicatio
3067 2484 3180 2551 est,
3202 2497 3274 2536 an
3298 2481 3642 2538 concubitus
3665 2498 3803 2538 cum
3830 2497 4013 2538 uxore

2356 2581 2469 2622 non
2502 2572 2591 2622 est
2621 2573 2922 2638 peccatum
2945 2568 2973 2622 ‘I

2427 2672 2655 2727 CAPUT
2687 2672 2836 2725 VIII.
2862 2705 2929 2713 —-
2954 2674 3081 2729 FEL.
3109 2674 3291 2729 dixit:
3321 2676 3534 2731 Iterum
3561 2676 3704 2731 mihi
3729 2677 4014 2733 recitetur

2358 2762 2511 2833 quod
2539 2761 2683 2816 dixit
2715 2762 3045 2833 Apostolus.
3072 2764 3140 2819 Et
3162 2764 3463 2819 recitatum
3489 2770 3578 2821 est
3602 2783 3614 2820 :
3641 2766 3887 2833 Spiritus
3911 2785 4013 2822 au-

2356 2856 2465 2906 tem
2492 2854 2779 2921 manifeste
2807 2853 2957 2916 dicit,
2991 2859 3046 2907 et
3071 2858 3276 2907 cetera
3306 2870 3431 2924 quae
3464 2871 3643 2925 supra
3673 2860 3839 2912 sunt.
3875 2857 4008 2912 FEL.

2358 2939 2532 2994 dixit:
2591 2940 2942 2996 Manicbaaus
2991 2958 3105 2996 non
3156 2959 3188 2996 a
3237 2942 3348 2997 fide
3380 2942 3636 3013 recessit,
3672 2946 3833 2999 sicut
3863 2946 4009 2999 dicit

2360 3026 2595 3094 Paulus,
2628 3028 2778 3083 sicut
2807 3030 2995 3084 caeteri
3026 3036 3388 3085 recesserunt
3416 3050 3447 3086 a
3468 3030 3582 3087 ﬁde
3605 3033 3772 3104 quasi
3796 3034 3856 3088 in
3882 3051 4003 3089 sec-

2356 3119 2473 3171 tam
2507 3133 2676 3172 suam
2706 3134 2719 3173 :
2752 3117 3105 3173 Manichzeus
3136 3125 3328 3175 autem
3363 3137 3395 3175 a
3425 3120 3589 3177 nulla
3621 3127 3785 3178 secta
3818 3140 4005 3180 reces-

2355 3206 2454 3271 sit,
2488 3212 2552 3261 ut
2582 3206 2805 3262 dicatur
2833 3208 2969 3278 quia
2999 3225 3032 3263 a
3065 3209 3174 3264 ﬁde
3209 3211 3465 3265 recessit.

2424 3314 2568 3368 AUG.
2593 3313 2775 3368 dixit:
2800 3314 3084 3380 Quoniam
3111 3318 3165 3369 te
3188 3314 3351 3370 video
3374 3314 3527 3371 nolle
3548 3318 3911 3388 respondere
3934 3320 4000 3375 ad

2354 3403 2508 3472 quod
2530 3401 2927 3474 interrogaris,
2952 3420 3023 3459 ne
3044 3404 3354 3460 invenieris
3376 3404 3462 3461 vel
3497 3422 3613 3461 non
3644 3411 3847 3463 tenere
3879 3410 4003 3482 Spi-

2352 3490 2528 3545 ritum
2553 3496 2842 3562 sanctum,
2869 3494 3180 3563 quemjam
3208 3494 3583 3565 probavimus
3601 3496 3859 3553 missum
3879 3515 4004 3555 esse

2350 3581 2666 3652 Apostolis,
2688 3580 2775 3635 vel
2799 3598 2913 3637 non
2936 3598 3063 3637 esse
3084 3582 3143 3636 in
3165 3600 3366 3638 eorum
3392 3600 3635 3641 numero
3658 3603 3807 3656 quos
3842 3587 3999 3643 futu-

2348 3686 2443 3725 ros
2467 3669 2683 3724 Paulus
2705 3670 3051 3741 designavit,
3076 3670 3177 3725 ubi
3199 3676 3254 3726 et
3279 3689 3382 3727 vos
3405 3672 3565 3744 ipsos
3584 3674 3967 3745 prophetavit
3990 3696 4001 3744 ;

2347 3759 2597 3814 breviter
2618 3760 2972 3830 respondeo:
2998 3758 3069 3814 Ut
3091 3761 3414 3816 secundum
3432 3766 3601 3817 tuum
3627 3762 3996 3820 intellectum

2346 3848 2625 3919 accipiam
2645 3849 2798 3919 quod
2820 3848 3034 3915 dixisti,
3056 3850 3344 3905 Recedent
3360 3868 3393 3905 a
3411 3850 3556 3906 ﬁde:
3592 3853 3733 3923 quia
3767 3870 3885 3909 non
3912 3872 3998 3910 re-

2344 3938 2555 3992 cedunt
2575 3954 2609 3991 a
2630 3937 2877 4003 ﬁde,nisi
2902 3937 2983 3992 illi
3007 3937 3107 4009 qui
3135 3938 3370 3994 fuerunt
3390 3939 3448 3995 in
3472 3939 3665 4011 aliqua
3692 3942 3811 3997 ﬁde
3833 3960 3847 4010 ;
3872 3944 3990 3999 Ma-

2344 4025 2600 4081 nichacus
2625 4029 2818 4082 autem
2842 4027 2899 4081 in
2919 4026 3081 4082 nulla
3100 4028 3214 4083 ﬁde
3235 4028 3346 4083 fuit
3363 4046 3397 4084 a
3413 4046 3529 4101 qua
3541 4032 3868 4098 recesserit,
3890 4034 3988 4088 sed

2342 4116 2399 4170 in
2420 4132 2535 4187 qua
2560 4116 2665 4170 fuit
2687 4115 2743 4169 in
2767 4132 2833 4171 ea
2855 4117 3205 4187 permansit:
3233 4116 3342 4173 hoc
3364 4123 3418 4173 te
3438 4117 3758 4190 interrogo,
3785 4125 3987 4176 utrum

2342 4203 2809 4272 Manichecus,vel
2828 4205 3021 4276 potius
3035 4205 3297 4261 doctrina
3310 4207 3733 4263 daemoniorum
3751 4210 3992 4265 menda-

2341 4293 2488 4365 ciloq
2499 4309 2701 4347 uorum
2718 4309 2845 4363 quae
2864 4292 2974 4347 fuit
2992 4292 3047 4346 in
3065 4293 3403 4364 Manicbaao,
3417 4293 3611 4350 nullos
3624 4294 3989 4351 Christianos

2339 4383 2653 4439 catholicos
2676 4382 2990 4451 seduxerit,
3045 4388 3111 4437 ut
3140 4384 3475 4439 recederent
3504 4401 3538 4439 a
3569 4384 3702 4439 fide.
3737 4385 3795 4440 Si
3836 4386 3987 4441 enim

2341 4472 2511 4528 multi
2534 4491 2567 4528 a
2587 4473 2771 4542 vobis,
2798 4476 2854 4525 et
2877 4488 2976 4542 per
3000 4488 3123 4537 vos,
3148 4478 3203 4527 et
3234 4472 3323 4543 pel
3354 4470 3515 4528 illam
3538 4474 3874 4530 doctrinam
3901 4492 3988 4530 se-

2337 4563 2653 4631 ducuntur,
2680 4566 2742 4616 ut
2764 4562 3036 4616 recedant
3058 4578 3090 4615 a
3115 4561 3246 4631 fide,
3272 4566 3329 4617 et
3352 4562 3659 4618 intendant
3682 4564 3987 4635 spiritibus

2338 4650 2766 4716 seductoribus,
2788 4648 2975 4720 qualis
3000 4650 3055 4705 in
3094 4650 3409 4707 Manichan
3442 4652 3586 4720 fuit;
3617 4656 3675 4707 et
3704 4653 3988 4724 incipiant

2337 4741 2528 4795 dicere
2549 4756 2780 4795 omnem
2804 4739 3178 4795 concubitum
3197 4755 3324 4795 esse
3342 4740 3811 4811 fornicationem,
3834 4742 3985 4797 unde

2339 4828 2648 4901 Apostolus
2674 4827 2835 4895 dicit,
2861 4829 3210 4885 Prohibentes
3229 4830 3484 4902 nuptias;
3506 4835 3563 4885 et
3585 4829 3875 4903 incipiant
3900 4832 3984 4886 di-

2334 4936 2482 4991 cere,
2509 4936 2713 4975 carnes
2735 4936 2882 4990 quas
2914 4920 3227 4975 comedunt
3257 4920 3545 4993 homines,
3574 4939 3693 4976 non
3725 4938 3856 4978 esse
3886 4922 3983 4979 Dei

2335 5014 2683 5074 creaturam,
2708 5009 2807 5064 sed
2832 5009 3159 5064 daemonum
3179 5011 3483 5076 facturam,
3505 5016 3561 5066 et
3575 5027 3706 5066 esse
3726 5012 3981 5069 immun-

2333 5098 2560 5167 ditiam,
2585 5097 2960 5152 manifestum
2988 5103 3077 5153 est
3105 5098 3175 5153 de
3205 5098 3297 5154 his
3330 5100 3666 5172 praedixisse
3698 5101 3978 5172 Spiritum

2333 5194 2600 5243 sanctum
2622 5186 2978 5259 paracletum
2999 5187 3098 5258 qui
3117 5193 3240 5243 erat
3256 5188 3314 5243 in
3336 5189 3594 5261 apostolo
3608 5189 3812 5257 Paulo,
3828 5192 3980 5263 quod

2333 5276 2616 5332 recessuri
2640 5282 2803 5331 erant
2815 5293 2848 5330 a
2865 5276 2997 5343 ﬁde,
3014 5275 3383 5333 intendentes
3397 5278 3699 5349 spiritibus
3713 5280 3975 5336 seducto-

2331 5368 2515 5437 ribus,
2545 5365 2734 5438 qualis
2769 5365 2875 5419 t'uit
2905 5368 2961 5418 in
2992 5366 3327 5423 Manichaeo.
3359 5367 3491 5423 Jam
3531 5384 3667 5440 ergo
3704 5369 3847 5440 quia
3877 5386 3974 5441 ego

2331 5455 2875 5527 respondi,justum
2911 5459 3000 5509 est
3023 5458 3087 5508 ut
3107 5459 3170 5509 tu
3203 5458 3558 5527 respondeas
3590 5458 3661 5511 ad
3697 5459 3855 5529 quod
3890 5460 3971 5513 in-

2328 5544 2636 5616 terrogavi,
2661 5548 2857 5599 utrum
2882 5559 2996 5597 non
3018 5543 3179 5599 dicas
3200 5561 3431 5601 omnem
3451 5546 3832 5603 concubitum
3854 5564 3969 5604 esse

2328 5632 2767 5691 fornicationem
2792 5646 2805 5686 :
2830 5635 2931 5686 aut
2950 5631 2997 5687 si
3021 5633 3094 5688 ad
3116 5632 3223 5689 hoc
3241 5651 3356 5690 non
3383 5635 3469 5691 vis
3489 5636 3879 5707 respondere,
3903 5636 3966 5692 ad

2326 5724 2385 5781 id
2407 5722 2558 5797 quod
2581 5720 2771 5795 primo
2792 5719 3141 5794 interrogavi
3157 5723 3465 5796 responde,
3479 5727 3545 5782 ut
3555 5725 3774 5798 probes
3788 5725 3966 5783 Mani-
