4094 6484
94 486 216 549 529

170 620 303 676 Ρει..
338 618 484 674 dixit
516 634 529 672 :
566 618 637 673 Et
665 633 769 689 ego
798 615 947 681 dico,
990 615 1127 686 quia
1168 613 1216 668 si
1265 608 1599 666 Paracletus
1647 622 1747 678 per

95 708 411 781 Apostolos
442 707 672 762 locutus
703 710 811 773 est,
844 711 901 761 et
933 721 1032 775 per
1062 702 1306 757 Paulum
1337 717 1349 754 :
1384 702 1439 755 et
1477 714 1581 767 ego
1615 701 1745 767 peto

94 800 479 853 Sanctitatem
494 800 748 863 tuam,ut
762 794 860 849 illa
873 794 1015 848 mihi
1039 792 1311 847 ostendas
1329 806 1453 860 qum
1466 790 1588 857 jam
1604 785 1741 840 dixi.

171 891 309 949 Auo.
342 886 524 942 dixit:
561 884 847 940 Confitere
875 888 930 937 te
979 899 1089 936 non
1141 880 1397 952 potuisse
1442 874 1745 930 ostendere

95 979 258 1051 quod
286 992 392 1048 ego
423 973 794 1045 interrogavi,
824 976 881 1027 et
910 971 1212 1027 ostendam
1243 966 1561 1023 secundum
1596 961 1742 1017 Scri-

94 1073 309 1139 pturas
341 1065 495 1137 quod
528 1062 814 1136 pertineat
842 1062 913 1116 ad
946 1061 1118 1114 fidem
1154 1056 1553 1113 christianam.

174 1157 306 1212 Ρη.
332 1153 512 1209 dixit:
548 1152 618 1207 Et
663 1167 788 1222 ego,
839 1148 888 1204 si
938 1148 1083 1203 mihi
1133 1144 1397 1201 attuleris
1428 1140 1746 1209 scripturas

94 1244 424 1310 Manichai,
476 1241 739 1315 quinque
784 1242 1050 1295 auctores
1089 1252 1237 1307 quos
1266 1232 1373 1290 tibi
1403 1230 1541 1297 dixi,
1574 1227 1744 1300 quid-

96 1333 246 1406 quid
278 1348 371 1389 me
401 1328 869 1402 interrogaveris,
900 1327 1080 1399 probo
1110 1324 1236 1380 tibi.

168 1425 317 1479 Auc.
350 1419 526 1477 dixit:
559 1420 639 1475 De
670 1418 817 1490 ipsis
848 1415 1109 1489 quinque
1140 1411 1475 1468 auctoribus
1501 1410 1591 1464 est
1618 1406 1747 1478 ipsa

90 1510 545 1585 epistola,cujus
579 1507 920 1579 aperuimus
948 1502 1383 1577 pr1ncipium,et
1414 1496 1746 1554 invenimus

90 1602 179 1658 ibi
214 1600 521 1672 scriptum,
552 1597 889 1653 Manicherus
917 1593 1189 1665 apostolus
1226 1591 1352 1646 Iesu
1399 1586 1637 1643 Christi:
1690 1587 1747 1639 et

91 1690 269 1746 video
318 1690 457 1761 quia
506 1688 699 1759 ipsum
749 1683 1101 1756 principium
1144 1696 1258 1734 non
1296 1676 1442 1733 mihi
1482 1673 1744 1744 exponis,

96 1780 245 1853 quia
275 1795 390 1835 non
422 1776 632 1849 probas
659 1773 947 1846 quomodo
974 1769 1327 1826 Manichaus
1348 1766 1426 1822 sit
1446 1762 1747 1837 apostolus

90 1873 125 1925 J
131 1885 238 1925 esu
273 1865 509 1925 Christi.

174 1959 306 2014 FEL.
340 1956 521 2013 dixit:
564 1954 622 2009 Si
668 1953 728 2008 in
778 1952 933 2007 ista‘
984 1967 1099 2005 non
1150 1948 1349 2019 probo,
1398 1945 1458 2000 in
1490 1942 1745 1999 secundo

94 2048 304 2121 probo.

170 2139 313 2193 Anc.
348 2134 530 2191 dixit:
565 2133 627 2189 In
659 2148 775 2203 quo
807 2127 1112 2187 secundo?

171 2226 305 2282 FsL.
341 2223 520 2279 dixit:
555 2223 618 2277 1n
637 2221 957 2277 Thesauro.

175 2318 320 2371 Avo.
356 2311 534 2369 dixit:
568 2311 934 2366 Thesaurum
958 2308 1160 2373 istum,
1184 2319 1356 2375 quem
1379 2302 1508 2357 ideo
1527 2299 1626 2355 tali
1646 2315 1748 2354 no-

100 2404 267 2460 mine
285 2400 617 2474 appellatis,
640 2403 704 2453 ut
720 2398 965 2453 miseros
987 2393 1298 2460 seducatis,
1322 2390 1453 2463 quis
1474 2387 1749 2461 scripsit?

96 2488 500 2547 Manichacus?
528 2487 669 2544 Nolo
701 2486 843 2541 mihi
875 2486 946 2540 ab
972 2483 1069 2539 illo
1101 2481 1309 2555 probes
1330 2498 1342 2535 :
1363 2479 1500 2552 quia
1516 2477 1611 2532 ille
1632 2481 1748 2531 Ma-

100 2582 369 2638 nichacus
401 2578 699 2644 mentitur,
732 2575 978 2631 dicendo
1010 2589 1072 2628 se
1100 2588 1228 2627 esse
1261 2569 1414 2641 quod
1447 2584 1561 2624 non
1605 2567 1748 2623 est”.

171 2674 307 2725 Fac.
342 2667 522 2723 dixit:
557 2667 645 2722 Tu
674 2664 854 2737 proba
884 2662 1027 2718 mihi
1060 2676 1161 2733 per
1194 2658 1463 2715 alterum.

175 2762 329 2816 AUG.
355 2756 536 2812 dixit:
569 2755 715 2819 Quid
747 2754 836 2809 vis
866 2751 972 2807 tibi
1003 2751 1243 2824 probem
1263 2748 1290 2803 ?

176 2848 308 2904 Ρη.
346 2846 523 2901 dixit:
557 2844 703 2910 Quia
733 2841 1016 2898 mentitur
1045 2837 1422 2895 Manichasus.

176 2940 331 2992 Avo.
366 2934 507 2990 dixit
532 2951 545 2989 :
575 2932 720 2999 Quia
748 2936 810 2985 tu
842 2946 957 2985 non
989 2932 1152 3001 potes
1175 2926 1420 2999 probare
1448 2940 1650 2981 verum
1674 2922 1751 2978 di.

100 3042 236 3082 cere
288 3022 693 3088 Manichaeum,
738 3023 966 3090 oportet
1016 3021 1078 3071 ut
1123 3032 1227 3088 ego
1272 3014 1512 3086 probem
1546 3012 1752 3067 menti-

96 3120 234 3171 tum
268 3128 398 3169 esse
426 3110 805 3167 Manicheum
827 3108 855 3163 ‘I

180 3204 316 3260 FsL.
347 3201 528 3257 dixit:
563 3202 750 3265 Quare
780 3214 895 3253 non
918 3195 1076 3269 potui
1113 3192 1403 3267 probare?
1458 3190 1756 3262 Numquid

101 3292 353 3365 prolata:
384 3292 521 3346 sunt
549 3287 847 3360 scriptura;
878 3302 1024 3358 quas
1054 3300 1160 3357 ego
1192 3282 1385 3355 petivi,
1411 3285 1467 3337 et
1487 3297 1599 3335 non
1626 3296 1755 3351 pro-

102 3381 242 3437 bavi
265 3378 294 3434 ?

178 3472 329 3525 Λυσι.
363 3466 544 3522 dixit:
577 3465 684 3521 Sed
716 3463 1036 3536 scripturas
1066 3458 1363 3516 Manichaai
1408 3458 1577 3530 petis,
1629 3456 1757 3529 qui-

106 3561 230 3615 bus
263 3557 437 3612 fidem
471 3572 585 3611 non
618 3554 935 3609 habemus:
971 3550 1205 3606 aliunde
1220 3548 1543 3621 proba.Ego
1564 3552 1758 3602 autem

105 3648 183 3703 de
213 3646 344 3719 ipsa
373 3644 665 3716 scriptura
717 3640 1018 3697 Manichzsi
1062 3638 1167 3693 tibi
1216 3638 1395 3709 probo
1451 3635 1760 3691 mentitum

108 3752 247 3793 esse
278 3733 685 3797 Manichaium,
710 3735 767 3787 et
785 3729 1225 3801 hlasphemasse
1251 3725 1652 3782 Manichaeum.

188 3826 327 3882 FEL.
360 3822 505 3878 dixit
528 3839 540 3877 :
570 3821 902 3877 Aﬂ'erantur
930 3818 1085 3873 libri.
1271 3823 1279 3832 ‘

186 3916 334 3970 Anc.
378 3912 557 3967 dixit:
590 3911 845 3966 Praesens
874 3911 963 3965 est
982 3904 1232 3980 epistola
1259 3903 1762 3975 Manichzsi,quam

111 4002 320 4059 dicitis
352 4000 761 4070 Fundamenti,
795 3997 1033 4053 Initium
1056 3996 1115 4050 in
1138 3994 1382 4050 aedificio
1400 3991 1629 4049 nullum
1652 3995 1763 4057 est,

111 4092 236 4148 nisi
266 4091 717 4146 fundamentum
744 4104 757 4143 :
791 4088 842 4142 si
890 4102 1024 4142 eum
1057 4085 1362 4141 ostendero
1392 4083 1451 4137 in
1484 4082 1611 4154 ipso
1632 4082 1765 4137 fun-

112 4182 402 4237 damento
420 4179 651 4234 ruinam
668 4177 895 4245 fecisse,
930 4178 1194 4231 casteram
1225 4174 1352 4244 ejus
1383 4170 1767 4228 constructio-

111 4286 257 4326 nem
281 4267 491 4338 utquid
525 4262 885 4337 quaerimus?

194 4355 432 4413 CAPUT
470 4353 583 4411 XV.
614 4385 683 4394 —
734 4354 861 4409 FsL.
913 4351 1088 4407 dixit:
1141 4354 1257 4405 Hoc
1304 4349 1471 4414 dicis,
1525 4349 1585 4404 in
1641 4348 1771 4420 ipsa

116 4446 444 4503 ostendens
476 4444 705 4499 ruinam
739 4443 942 4498 esse”:
979 4446 1034 4497 et
1062 4457 1166 4513 ego
1199 4441 1350 4505 dico,
1399 4440 1473 4494 da
1521 4439 1770 4494 arbitros

114 4540 376 4609 quantos
407 4537 462 4589 et
492 4538 553 4589 tu
586 4532 790 4601 habes,
821 4535 877 4586 et
906 4529 1014 4585 tibi
1045 4530 1223 4601 probo
1268 4528 1403 4599 quia
1450 4545 1563 4584 non
1616 4545 1773 4583 men-

112 4625 289 4681 titur.

190 4716 341 4770 Auc.
365 4711 511 4767 dixit
536 4729 548 4763 :
584 4710 750 4766 Absit
779 4726 813 4765 a
843 4708 1011 4765 nobis
1042 4712 1101 4764 et
1130 4725 1163 4763 a
1193 4722 1401 4779 genere
1430 4708 1687 4762 humano
1709 4709 1774 4761 ut

114 4807 346 4878 quanto
378 4800 473 4857 hic
519 4800 700 4871 vides,
730 4803 924 4855 tantos
952 4798 1149 4852 videas
1179 4795 1548 4853 Manichazos.

194 4894 330 4950 FsL.
363 4891 544 4946 dixit:
576 4895 673 4957 Da,
706 4888 846 4958 dixi,
877 4903 1003 4957 quae
1032 4904 1065 4941 a
1096 4892 1152 4941 te
1184 4886 1379 4958 petivi.

194 4989 350 5038 Anc.
385 4980 569 5035 dixit:
603 4981 757 5043 Quos
785 4977 873 5032 vis
900 4992 1036 5048 ergo
1068 4979 1133 5030 ut
1171 4975 1302 5030 dem
1334 4973 1437 5029 tibi
1464 4973 1492 5029 7

195 5072 332 5127 FEL.
368 5068 551 5124 dixit:
587 5070 740 5134 Quos
769 5071 833 5121 tu
862 5064 1133 5121 volueris.

196 5167 352 5218 Avo.
383 5158 562 5214 dixit:
614 5161 729 5228 Ego
786 5156 930 5211 istos
990 5155 1099 5210 do:
1155 5153 1205 5209 si
1250 5152 1432 5208 habes
1482 5151 1775 5221 meliores,

118 5256 283 5326 pete.

192 5424 213 5487 ξ
246 5420 373 5487 Lov.
477 5416 535 5487 in_
560 5415 675 5463 isto.
695 5414 893 5487 posteri
948 5413 1087 5473 libri,
1127 5411 1173 5460 si
1218 5412 1273 5460 in
1327 5410 1465 5459 ista:
1526 5409 1774 5470 subaudi,

119 5483 347 5549 epistola
380 5477 742 5528 Fundamenti.
1019 5538 1030 5547 .

189 5548 215 5582 ³
245 5542 530 5609 Er._l_.ugd.
564 5546 614 5589 et
645 5541 775 5609 ven.
809 5538 884 5587 sic
912 5537 1165 5609 exhibent
1192 5536 1335 5609 hunc
1386 5534 1595 5607 locum:
1628 5534 1777 5609 βψ.

120 5609 264 5657 dixit
289 5622 302 5654 :
339 5596 644 5655 Thesaqu
676 5603 829 5651 istum
845 5615 991 5665 quem
1012 5600 1132 5665 ideo
1148 5600 1241 5665 tali
1260 5598 1467 5665 nomine
1486 5596 1776 5665 oppelta-tis,

123 5676 185 5721 ut
214 5671 428 5719 miseros
447 5666 718 5724 seducats's,
750 5659 867 5727 quis
890 5663 1091 5727 scripsit
1109 5661 1135 5709 ?
1169 5662 1279 5727 Fs_r..
1313 5659 1449 5727 dixit
1467 5673 1485 5707 :
1505 5659 1778 5727 Manio/ise-

125 5750 189 5785 us
229 5737 361 5783 Auo.
394 5730 531 5780 dixit
558 5743 570 5778 :
601 5722 730 5776 Noto
758 5722 887 5774 "mm:
915 5722 1097 5773 ab'itlo
1123 5723 1321 5787 probes,
1353 5722 1474 5787 quia
1500 5722 1777 5771 Manicha-

988 5787 1091 5835 uod
1119 5786 1219 5836 non
1248 5789 1337 5835 est.
1405 5786 1471 5834 M.

1026 5850 1083 5901 in
1108 5850 1221 5915 ipsa
1248 5849 1457 5900 ruinam
1484 5860 1606 5899 esse.

128 5812 189 5848 us
221 5794 471 5845 mentitur
499 5791 714 5842 dicendo
743 5803 795 5838 se
821 5800 925 5838 esse

195 5860 222 5897 ⁸
248 5859 339 5911 Sic
363 5856 489 5909 Mss.
523 5856 591 5908 At
617 5852 764 5914 editi,
793 5858 935 5902 osten

1498 473 1733 535 LIBER
1780 473 2100 537 PRIMUS.

3382 478 3499 538 530

1923 607 2052 662 FsL.
2086 608 2265 664 dixit:
2301 611 2599 675 Quomodo
2623 611 2769 667 istos
2799 613 2949 668 das?

1923 698 2067 752 AUG.
2100 699 2281 755 dixit:
2316 704 2634 756 Prassentes
2665 701 2761 772 qui
2796 719 2898 757 nos
2930 702 3198 757 audiunt.

1927 785 2051 839 [πει.
2088 786 2266 842 dixit:
2302 789 2399 842 Isti
2434 789 2574 842 mihi
2609 807 2721 844 non
2748 790 2958 844 favent.

1922 878 2066 930 Aue.
2102 877 2274 931 dixit:
2306 878 2455 949 Ergo
2487 883 2549 932 tu
2600 878 2741 933 tales
2791 881 2999 950 quaeris
3046 879 3144 950 qui
3196 879 3300 934 tibi
3350 878 3495 933 fave-

1854 970 1974 1030 ant,
2010 982 2122 1020 non
2156 967 2256 1037 qui
2288 968 2514 1022 veritati
2542 971 2563 1022 Ρ

1930 1055 2052 1109 FEL.
2087 1056 2264 1112 dixit:
2300 1057 2405 1122 Qui
2441 1072 2530 1111 me
2564 1056 2822 1123 audiant,
2855 1062 2913 1112 et
2943 1074 3056 1112 non
3102 1061 3329 1112 tantum
3380 1072 3491 1123 me,

1854 1142 1954 1197 sed
1987 1149 2043 1198 et
2071 1144 2259 1216 ipsam
2292 1147 2659 1217 scripturam,
2694 1152 2757 1201 ut
2783 1146 3059 1217 probetur
3089 1162 3161 1200 an
3185 1161 3382 1201 verum
3406 1145 3492 1198 di-

1853 1230 1951 1300 cit,
1984 1250 2055 1287 an
2088 1235 2388 1292 mentitur.

1923 1325 2059 1379 Ana.
2088 1324 2264 1379 dixit:
2319 1323 2493 1381 Vides
2538 1340 2673 1397 ergo
2723 1324 2861 1396 quia
2909 1324 3177 1381 audiunt.
3212 1325 3493 1396 Legamus

1854 1418 2093 1468 cetera:
2156 1414 2295 1485 quia
2349 1418 2414 1469 tu
2462 1413 2635 1470 istam
2683 1412 2990 1486 epistolam
3037 1412 3336 1469 Manichai
3366 1429 3494 1469 esse

1854 1501 2155 1558 confessus
2181 1519 2261 1557 es.

1922 1593 2051 1645 FEL.
2086 1590 2230 1645 dixit
2256 1608 2269 1647 :
2301 1590 2426 1646 Non
2454 1607 2621 1664 nego.

1924 1682 2071 1735 Avo.
2105 1679 2285 1734 dixit:
2321 1679 2465 1752 Ergo
2498 1680 2744 1753 legatur.

1923 1767 2155 1825 CAPUT
2186 1768 2324 1823 XVI.
2356 1799 2425 1809 —
2460 1769 2583 1824 FsL.
2618 1769 2801 1826 dixit:
2832 1769 3095 1826 Arbitros
3137 1785 3253 1824 non
3286 1769 3489 1824 habeo.

1852 1857 1923 1912 Et
1949 1855 2196 1927 adjecit:
2232 1857 2476 1925 Legatur
2504 1863 2679 1929 caput
2708 1858 2889 1914 illius.
2922 1859 2990 1913 Et
3027 1874 3159 1913 cum
3185 1857 3491 1928 legeretur,

1853 1950 1908 2002 et
1936 1950 2174 2001 ventum
2207 1951 2362 2001 esset
2390 1947 2461 2002 ad
2491 1946 2683 2002 locum
2716 1948 2814 2003 ubi
2846 1947 3128 2019 scriptum
3182 1946 3359 2001 habet
3405 1962 3496 2001 ea-

1854 2036 1985 2091 dem
2016 2036 2284 2108 epistola,
2317 2042 2440 2091 Pam
2489 2039 2582 2093 Dei
2606 2038 2898 2093 invisibilis
2944 2043 2995 2094 et
3024 2041 3267 2094 veritatis
3294 2039 3494 2093 notitia

1852 2126 1925 2180 sit
1950 2142 2075 2180 cum
2118 2126 2387 2197 fratribus
2425 2128 2539 2182 suis
2585 2135 2636 2181 et
2679 2128 3037 2193 charissimis,
3087 2128 3184 2198 qui
3215 2125 3494 2181 mandatis

1853 2214 2157 2269 caelestibus
2187 2215 2413 2271 credunt
2457 2219 2673 2287 pariter
2725 2223 2888 2289 atque
2929 2216 3286 2272 deserviunt:
3324 2216 3415 2271 sed
3444 2225 3495 2271 et

1855 2301 2075 2358 dextera
2098 2305 2332 2360 luminis
2360 2310 2577 2360 tueatur
2604 2311 2657 2361 et
2687 2308 2888 2377 eripiat
2916 2322 3005 2361 vos
3034 2308 3102 2361 ab
3128 2307 3276 2361 omni
3308 2308 3495 2361 incur-

1855 2394 2007 2448 sione
2034 2393 2311 2463 maligna,
2338 2397 2390 2449 et
2419 2412 2452 2449 a
2480 2394 2672 2465 laqueo
2702 2395 2897 2451 mundi
2913 2416 2933 2462 ,-
2959 2398 3132 2467 pietas
3164 2410 3287 2451 vero
3316 2395 3496 2465 Spiri-

1860 2486 1944 2537 tus
1972 2484 2150 2537 sancti
2179 2484 2379 2537 intima
2424 2484 2591 2538 vestri
2632 2486 2865 2555 pectoris
2913 2483 3226 2555 adaperiat,
3274 2485 3335 2537 ut
3362 2484 3499 2553 ipsis

1858 2571 2029 2626 oculis
2058 2571 2288 2626 videatis
2316 2579 2520 2627 vestras
2548 2573 2799 2634 animas;
2832 2571 2988 2628 Felix
3016 2571 3159 2628 dixit
3187 2590 3201 2629 :
3243 2571 3328 2627 Da
3358 2571 3499 2627 scri-

1858 2665 2091 2733 pturam
2121 2676 2247 2732 quis
2273 2659 2386 2715 ista
2416 2661 2745 2733 redarguat.

1928 2754 2071 2807 Avo.
2104 2751 2279 2807 dixit:
2304 2750 2508 2805 Adhuc
2530 2749 2674 2806 nihil
2698 2750 2832 2806 mali
2854 2750 3326 2819 audivimus,nisi
3346 2751 3499 2822 quod

1860 2839 2506 2896 aususestManichzeus
2529 2839 2855 2910 apostolum
2868 2840 3073 2895 Chriin
3093 2856 3155 2896 se
3177 2840 3499 2895 nominare.

1861 2930 2005 2986 Nam
2036 2947 2105 2986 ea
2134 2947 2259 3001 qua:
2281 2929 2442 3000 dixit,
2467 2930 2658 2985 adhuc
2683 2930 2755 2985 ad
2777 2930 3084 2985 tectorium
3111 2928 3346 2984 fallaciae
3369 2945 3497 2999 per-

1861 3020 2070 3090 tinent,
2104 3024 2160 3074 et
2188 3020 2259 3075 ad
2290 3020 2523 3075 ovinam
2555 3017 2785 3090 pellem,
2817 3019 3031 3091 quibus
3063 3018 3147 3074 eis
3179 3017 3341 3090 prius
3363 3016 3505 3073 dicit

1863 3110 2036 3165 verba
2062 3109 2307 3177 bona,ut
2337 3108 2523 3180 possit
2553 3108 2918 3163 introducere
2942 3107 3230 3164 mala.Sed
3257 3108 3391 3178 quid
3412 3124 3504 3163 ve-

1864 3198 1931 3253 lit
1960 3215 2061 3270 per
2090 3198 2211 3253 haac
2238 3198 2412 3253 verba
2455 3198 2842 3264 introducere,
2890 3198 3211 3254 videamus.
3257 3196 3316 3251 Si
3346 3197 3503 3251 enim

1865 3287 2086 3358 aliquid
2120 3286 2257 3341 mali
2290 3287 2692 3353 introduxerit,
2724 3292 2780 3341 et
2810 3286 2922 3342 ista
2950 3287 3124 3341 verba
3152 3286 3305 3341 mala
3334 3291 3507 3341 erunt

1864 3382 1922 3432 et
1950 3377 2317 3432 seductoria:
2352 3376 2399 3431 si
2430 3382 2625 3431 autem
2656 3375 2878 3447 aliquid
2906 3375 3040 3431 boni
3072 3376 3130 3431 in
3171 3374 3506 3446 posteriori-

1865 3467 1975 3523 bus
2007 3472 2064 3523 et
2092 3467 2207 3522 veri
2240 3466 2471 3535 dixerit,
2504 3465 2849 3521 necessitate
2880 3464 3438 3537 comprehendamus
3462 3466 3503 3519 ι.

1868 3555 2142 3612 Permitte
2173 3572 2309 3627 ergo
2340 3555 2610 3626 legantur
2636 3554 2963 3625 sequentia.

1938 3646 2066 3701 Fas.
2101 3645 2279 3699 dixit:
2315 3644 2371 3699 Si
2404 3659 2540 3715 ergo
2571 3643 2786 3698 asseris
2829 3643 2968 3714 quia
3016 3642 3074 3697 in
3124 3642 3312 3714 primo
3355 3643 3510 3699 bona

1868 3738 2185 3805 ponuntur,
2217 3738 2274 3789 et
2305 3736 2505 3803 postea
2552 3731 2704 3787 mala
2749 3732 3170 3801 immittuntur,
3217 3732 3509 3803 quomodo

1869 3840 1973 3896 ego
2004 3822 2109 3877 tibi
2142 3838 2383 3894 possum
2405 3821 2656 3889 credere,
2689 3836 2824 3876 cum
2856 3819 2996 3875 mihi
3030 3820 3217 3891 primo
3246 3821 3399 3877 bona
3430 3820 3513 3876 di-

1864 3913 2016 3970 xeris
2035 3912 2064 3968 ?

1939 4004 2081 4058 Auc.
2110 4001 2292 4056 dixit:
2327 4000 2441 4071 Ego
2491 3999 2679 4055 adhuc
2720 3998 2835 4055 ista
2884 4015 2989 4055 nec
3036 4000 3187 4055 bona
3235 3998 3374 4067 dixi,
3407 4013 3511 4055 nec

1874 4091 2047 4151 mala.
2078 4089 2232 4146 Nihil
2265 4088 2404 4144 mali
2435 4088 2627 4143 adhuc
2657 4088 3012 4159 audivimus,
3034 4088 3152 4143 dixi
3179 4105 3191 4143 :
3224 4105 3337 4144 non
3369 4087 3509 4157 dixi,

1873 4181 2004 4238 Jam
2028 4180 2247 4251 aliquid
2268 4179 2403 4234 boni
2424 4178 2779 4233 audivimus.
2816 4177 3029 4233 Malum
3062 4177 3217 4233 enim
3251 4177 3391 4232 illud
3426 4194 3516 4232 so-

1876 4270 1998 4325 lum
2027 4269 2163 4324 dixi.
2198 4268 2353 4340 quod
2386 4284 2567 4323 ausus
2597 4272 2685 4322 est
2714 4267 2903 4323 dicere
2925 4283 2985 4323 se
3007 4266 3333 4338 apostolum
3355 4266 3513 4322 Chri-

1877 4360 1972 4416 sti.
2010 4359 2194 4413 Verba
2240 4373 2372 4413 vero
2404 4373 2530 4427 qua:
2565 4356 2711 4410 dixit
2734 4356 2793 4411 in
2820 4355 3325 4426 consequentibus,
3373 4360 3515 4411 tunc

1877 4454 2049 4505 erunt
2098 4444 2271 4509 mala,
2319 4446 2367 4501 si
2417 4444 2556 4499 mali
2606 4444 2827 4516 aliquid
2875 4444 3339 4512 introduxerint;
3372 4449 3515 4501 tunc

1877 4541 2049 4594 erunt
2076 4538 2247 4603 bona,
2281 4534 2469 4590 siboni
2518 4533 2740 4604 aliquid
2773 4534 3215 4589 introduxerint.
3242 4534 3518 4591 Permitte

1878 4643 2012 4699 ergo
2036 4630 2099 4680 ut
2129 4623 2434 4696 sequentia
2463 4622 2767 4697 legantur:
2802 4639 2979 4695 quare
3004 4623 3177 4679 times
3197 4627 3222 4677 ?

1948 4716 2076 4772 FxL.
2106 4714 2288 4770 dixit:
2319 4712 2443 4769 Non
2474 4711 2669 4767 timeo.

1948 4807 2091 4860 Avo.
2116 4802 2293 4873 dixit.
2321 4802 2596 4857 Permitte
2627 4816 2762 4873 ergo
2794 4804 2859 4856 ut
2886 4800 3175 4874 legantur.

1948 4894 2076 4950 FsL.
2109 4891 2255 4947 dixit
2276 4908 2288 4946 :
2321 4890 2631 4963 Legantur.

1950 4982 2179 5038 CAPUT
2209 4979 2375 5037 XVII.
2408 5010 2476 5020 —
2506 4980 2577 5036 Et
2606 4997 2738 5035 cum
2769 4978 3137 5050 legeretur,et
3163 4984 3398 5035 ventum
3427 4994 3518 5035 es-

1881 5076 1969 5127 set
1996 5072 2067 5126 ad
2099 5071 2292 5126 locum
2325 5070 2424 5124 ubi
2456 5070 2737 5141 scriptum
2771 5068 3053 5135 habet,lta
3080 5072 3261 5124 autem
3286 5066 3521 5138 fundata

1880 5169 2008 5217 sunt
2034 5159 2271 5233 ejusdem
2321 5158 2773 5230 splendidissima
2808 5173 2977 5225 regna
3005 5173 3173 5228 supra
3200 5154 3443 5211 lucidam
3471 5159 3523 5210 et

1884 5250 2096 5305 beatam
2143 5253 2371 5317 terram,
2414 5256 2474 5302 ut
2519 5265 2553 5301 a
2599 5248 2760 5302 nulla
2798 5262 3042 5317 unquam
3070 5247 3168 5301 aut
3195 5245 3400 5299 moveri
3427 5250 3525 5299 aut

1882 5338 2099 5393 concuti
2143 5338 2394 5408 possint;
2441 5337 2806 5407 Augustinus
2844 5334 3025 5388 dixit:
3074 5332 3309 5388 Terram
3350 5331 3522 5387 istam

1885 5442 2061 5498 quam
2095 5425 2259 5491 dixit,
2303 5425 2455 5479 unde
2504 5423 2801 5478 habebat?
2851 5421 3002 5477 Fecit
3043 5437 3192 5489 eam,
3222 5438 3294 5477 an
3326 5419 3528 5494 genuit

1885 5532 2035 5581 eam,
2067 5532 2140 5570 an
2173 5514 2412 5585 aequalis
2440 5520 2493 5567 et
2521 5517 2805 5567 coaeterna
2834 5510 2917 5565 illi
2947 5514 3070 5566 erat
3089 5509 3115 5563 ‘t
3165 5510 3342 5566 Istam
3399 5510 3529 5566 dico

1884 5610 2099 5660 terram
2121 5603 2375 5659 lucidam
2409 5607 2464 5659 et
2494 5602 2721 5656 beatam
2755 5617 2930 5673 quam
2960 5598 3121 5656 dicit.

1957 5846 1973 5880 ⁸
1999 5845 2061 5895 In
2091 5843 2233 5903 Μαι,
2252 5836 2688 5907 reprehendimur.
