4094 6438
481 431 590 490 531

556 561 685 617 FSL.
720 561 900 615 dixit:
934 561 1232 626 Quomodo
1264 560 1543 631 scriptum
1576 563 1683 627 est,
1730 563 1793 613 In
1841 557 2118 629 principio

1184 431 1285 490 DE
1328 429 1550 490 ACTIS
1597 427 1756 489 CUM
1804 425 2078 486 FELICE
2123 425 2579 504 MANICH/EO,
2627 429 2691 488 S.
2740 427 3166 490 AUGUSTINI

3759 429 3882 488 532

2298 556 2532 612 CAPUT
2555 559 2749 614 XVIII.
2780 590 2845 599 —
2878 559 3006 614 FEL.
3043 559 3222 614 dixit:
3266 559 3627 630 Respondeo.
3672 557 3746 612 Et
3776 559 3880 612 ad-

485 653 618 720 fecit
648 651 786 705 Deus
814 650 1006 704 caelum
1036 658 1086 704 et
1114 658 1334 716 terram,
1367 654 1418 704 et
1441 653 1586 703 terra
1607 651 1722 702 erat
1749 647 2044 702 invisibili:
2067 647 2119 699 et
2220 645 2396 715 jecit:
2433 646 2636 702 Dixisti
2668 664 2804 719 ergo
2835 649 2906 702 de
2936 652 3092 702 terra
3125 646 3221 701 illa
3255 647 3313 701 in
3356 664 3471 717 qua
3521 649 3671 703 Deus
3708 646 3882 701 habi-

485 740 904 810 coz'nquz'nabz’tz's
935 743 984 792 et
1018 740 1415 809 incomposita?
1445 739 1559 809 Ego
1609 738 1690 791 ita
1722 735 1982 806 intelligo
2009 751 2020 788 :
2057 736 2116 788 In

483 826 765 898 principio
798 827 930 882 fecit
967 832 1115 882 Deus
1147 826 1355 882 cmlum
1390 831 1447 882 et
1462 831 1697 891 terram,
1722 830 1777 880 et
1801 829 1954 879 terra
1971 827 2113 878 erat:

486 915 651 987 quasi
701 917 828 972 dus:
881 925 1040 972 terra:
1092 916 1232 971 mihi
1279 916 1549 971 videntur
1596 931 1745 980 esse,
1795 913 2116 968 secundum

486 1004 637 1076 quod
672 1003 1028 1060 Manichzeus
1054 1005 1190 1061 dicit
1219 1007 1332 1061 duo
1364 1021 1560 1077 regna.

559 1107 707 1159 AUG.
746 1103 924 1159 dixit:
958 1103 1102 1168 Quia
1124 1103 1483 1174 Scripturam
1516 1099 1985 1156 commemorasti
2021 1116 2121 1153 no-

490 1196 692 1261 stram,
725 1208 894 1262 quam
941 1191 1137 1248 soletis
1189 1191 1608 1261 blasphemare,
1655 1189 1725 1244 ad
1759 1205 1848 1244 me
1879 1187 2127 1260 pertinet

489 1296 774 1357 exponere
805 1280 985 1346 illam,
1018 1285 1073 1335 et
1101 1281 1404 1336 ostendere
1433 1280 1560 1347 tibi,
1609 1279 1733 1333 sine
1765 1277 2128 1349 blasphemia

487 1386 614 1426 esse
646 1369 784 1424 illud
819 1370 1122 1441 scriptum,
1172 1373 1226 1424 et
1255 1385 1386 1424 cum
1417 1369 1656 1423 veritate
1687 1373 1743 1423 et
1773 1383 1885 1422 non
1919 1383 2127 1422 secun-

490 1458 629 1512 dum
683 1457 1103 1524 Manichaum;
1157 1462 1219 1512 ut
1269 1458 1476 1512 deinde
1527 1461 1588 1512 tu
1639 1456 1726 1511 vel
1766 1455 1825 1510 in
1858 1453 2130 1511 secundis

491 1546 630 1601 mihi
659 1547 1006 1618 respondeas
1037 1549 1188 1618 quod
1222 1545 1592 1619 interrogavi.

561 1635 685 1690 FsL.
721 1636 899 1691 dixit:
930 1637 1289 1708 Respondeo.

559 1735 702 1788 AUG.
732 1733 909 1788 dixit:
945 1734 1106 1799 Quod
1140 1735 1423 1805 scriptum
1455 1736 1562 1802 est,
1603 1736 1670 1787 In
1694 1732 1974 1803 principio
2001 1730 2131 1802 fecit

490 1824 627 1878 Deus
655 1822 853 1878 cretum
882 1831 934 1878 et
960 1827 1163 1878 terram
1186 1839 1205 1882 ,·
1236 1821 1484 1876 breviter
1515 1820 1814 1893 complexa
1835 1826 1922 1876 est
1946 1820 2133 1890 Scrip-

493 1919 624 1967 tura
656 1913 792 1984 quid
828 1911 1022 1966 fecerit
1046 1916 1214 1966 Deus.
1252 1911 1469 1966 Deinde
1502 1911 1636 1982 quia
1665 1910 1921 1965 nondum
1951 1925 2126 1979 appa-

493 2001 656 2056 rebat
684 2001 802 2055 hac
835 2005 990 2055 terra
1037 2017 1212 2071 quam
1244 2001 1474 2066 fecerat,
1510 2004 1822 2072 antequam
1853 2014 1981 2053 eam
2013 1997 2130 2052 dis-

491 2089 782 2161 tingueret
806 2095 860 2144 et
881 2088 1369 2160 ornaret,qualem
1395 2094 1607 2143 terram
1631 2089 1842 2144 fecerat
1863 2087 2134 2154 Deus,se-

492 2183 625 2234 cuta
656 2179 954 2250 Scriptura
998 2179 1282 2250 exposuit,
1335 2178 1524 2250 qualis
1569 2183 1724 2233 terra
1765 2181 1886 2232 erat
1918 2178 1988 2231 de
2020 2192 2136 2248 qua

491 2268 729 2334 dixerat,
766 2269 829 2323 In
871 2269 1144 2339 princisz
1180 2268 1317 2341 fecit
1364 2267 1504 2322 Deus
1554 2268 1746 2321 caelum
1791 2270 1839 2322 et
1879 2273 2130 2321 terram:

489 2361 764 2426 tanquam
785 2372 919 2412 cum
941 2356 1401 2422 audissemus,In
1421 2357 1694 2427 principio
1713 2357 1845 2426 fecit
1875 2355 2009 2410 Deus
2038 2370 2137 2410 ca:-

489 2446 604 2501 lum
633 2454 683 2501 et
709 2449 935 2514 terram,
960 2461 1352 2516 quaereremus
1377 2445 1608 2516 qualem
1630 2449 1867 2510 terram,
1889 2443 2140 2514 subjecit

487 2540 545 2591 et
579 2535 677 2604 ait,
712 2536 871 2590 Terra
900 2537 1090 2590 autem
1120 2535 1176 2588 id
1209 2541 1316 2602 est,
1351 2533 1449 2589 illa
1481 2551 1658 2604 quam
1705 2535 1916 2589 fecerat
1962 2537 2135 2599 Deus,

488 2626 796 2681 invisibilis
823 2633 938 2680 erat
967 2633 1017 2678 et
1048 2624 1402 2694 incomposita
1435 2623 1588 2696 (Gen.
1625 2641 1663 2690 ι,
1702 2625 1749 2690 1,
1781 2623 1858 2695 2).
1893 2622 2016 2677 Non
2049 2638 2136 2676 er-

488 2730 559 2785 go
592 2715 738 2768 duas
768 2717 953 2767 terras
987 2713 1150 2779 dixit,
1184 2713 1282 2767 sed
1318 2711 1508 2784 qualis
1534 2711 1636 2766 illa
1657 2712 1832 2766 fuerit
1851 2709 2136 2782 exposuit.

490 2804 576 2858 Tu
609 2803 806 2874 itaque
836 2802 1120 2873 responde
1153 2818 1307 2855 nunc
1339 2801 1483 2856 mihi
1511 2802 1665 2872 quod
1691 2800 1940 2856 breviter
1969 2800 2142 2854 inter-

492 2893 684 2964 rogavi
715 2909 727 2946 :
762 2893 935 2947 Terra
967 2891 1079 2945 ista
1113 2890 1307 2944 lucida
1340 2894 1397 2945 et
1428 2890 1597 2945 beata
1628 2906 1805 2960 quam
1837 2888 1978 2943 dicit
2023 2892 2139 2942 Ma-

493 2980 772 3044 nichasus,
806 2996 982 3049 supra
1013 2995 1188 3050 quam
1237 2979 1482 3033 fundata
1510 2982 1675 3032 erant
1707 2995 1885 3049 regna
1914 2977 2036 3042 Dei,
2068 2976 2140 3031 ab

493 3067 618 3139 ipso
645 3069 758 3123 Deo
793 3068 940 3122 facta
972 3072 1114 3134 erat,
1149 3083 1220 3122 an
1253 3067 1448 3138 genita
1479 3067 1548 3121 de
1579 3067 1677 3122 illo
1709 3070 1850 3133 erat,
1897 3083 1969 3120 an
2001 3081 2141 3120 cozs-

494 3161 659 3212 terna
682 3156 763 3210 illi
796 3154 965 3210 erat?
995 3154 1185 3210 Unum
1214 3156 1284 3209 de
1316 3155 1525 3224 tribus,
1559 3154 1670 3208 nisi
1693 3153 2004 3209 molestum
2032 3159 2138 3223 est,

495 3245 621 3302 sine
650 3244 1128 3317 tergiversatione
1158 3244 1464 3312 responde.

563 3335 690 3390 FEL.
722 3334 902 3389 dixit:
941 3335 1074 3405 Ipsa
1104 3350 1166 3388 se
1197 3333 1496 3404 scriptura
1523 3333 1959 3404 interpretatur.

561 3434 705 3489 Ave.
738 3432 924 3487 dixit:
957 3431 1014 3485 Si
1067 3447 1202 3502 ergo
1246 3431 1400 3486 nosti
1448 3447 1577 3486 esse
1625 3430 1719 3485 hic
1764 3429 2020 3502 aliquem
2053 3428 2140 3486 lo-

494 3539 626 3579 cum
662 3521 761 3577 ubi
802 3521 909 3576 hoc
934 3520 1092 3575 dicat
1123 3520 1436 3591 scriptura,
1468 3520 1605 3590 quia
1634 3519 1797 3574 illam
1819 3525 2035 3574 terram
2053 3518 2141 3574 vel

493 3611 693 3684 genuit
725 3616 893 3680 Deus,
925 3608 1011 3665 vel
1044 3609 1196 3674 fecit,
1229 3607 1314 3663 vel
1348 3613 1632 3663 coaeterna
1664 3608 1747 3662 illi
1789 3612 1932 3674 erat,
1982 3607 2141 3678 aperi

495 3700 566 3755 ad
599 3700 790 3755 locum
825 3715 997 3769 quem
1026 3698 1201 3765 nosti,
1236 3703 1292 3752 et
1314 3696 1437 3768 lege
1468 3697 1635 3751 mihi.

566 3789 693 3844 FsL.
728 3787 909 3843 dixit:
941 3787 1066 3842 Non
1113 3791 1203 3842 est
1250 3786 1308 3841 in
1359 3786 1469 3841 ista
1501 3786 1811 3857 scriptura,
1846 3785 1946 3840 sed
1978 3784 2036 3839 in
2065 3784 2144 3839 a1-

494 3882 638 3934 tera.

565 3969 711 4022 Aua.
745 3965 923 4021 dixil:
956 3965 1134 4020 Credo
1166 3981 1322 4036 ergo,
1357 3963 1496 4035 quia
1532 3963 1582 4018 si
1614 3979 1728 4033 qua
1757 3966 1848 4017 est
1878 3961 1978 4016 illa
2009 3961 2146 4018 scri-

495 4054 1014 4128 ptura,meministi
1052 4053 1190 4125 quid
1224 4054 1300 4108 ibi
1336 4051 1563 4107 dixerit.
1598 4051 1796 4123 Itaque
1813 4057 1876 4105 tu
1901 4051 2042 4106 mihi
2063 4069 2146 4106 re-

496 4144 842 4216 sponde,qui
869 4143 1018 4199 nosti
1043 4143 1201 4198 illam
1224 4142 1577 4213 scripturam
1603 4157 1614 4194 :
1650 4145 1706 4195 et
1728 4140 1774 4196 si
1798 4140 1994 4195 dixero
2008 4141 2146 4211 quia

496 4250 610 4289 non
633 4232 716 4289 sic
742 4233 937 4304 habet,
962 4232 1266 4288 convinces
1285 4230 1464 4286 me.Si
1484 4234 1676 4285 autem
1701 4229 1784 4284 sic
1805 4246 2140 4299 cognovero,

496 4323 817 4378 secundum
843 4322 951 4377 hoc
975 4322 1207 4393 disputo
1232 4321 1386 4391 quod
1415 4324 1478 4374 tu
1500 4318 1625 4390 ipse
1648 4319 2145 4389 responderis.Dic

496 4426 632 4482 ergo
654 4427 726 4465 an
761 4410 958 4466 fecerit
989 4416 1202 4465 terram
1228 4408 1403 4464 istam
1433 4409 1608 4476 Deus,
1642 4425 1714 4462 an
1747 4408 2037 4481 genuerit.
2068 4426 2143 4464 an

499 4505 781 4555 comterna
812 4499 896 4553 illi
929 4499 1140 4554 fuerit:
1176 4498 1276 4570 qui
1308 4496 1498 4569 legisti
1527 4497 1587 4552 in
1629 4496 1822 4552 nescio
1853 4515 1964 4567 quo
1996 4497 2143 4555 libro

501 4590 599 4644 ubi
632 4605 759 4644 esse
789 4589 898 4644 hoc
929 4588 1213 4659 scriptum
1248 4586 1415 4641 dicis.

572 4677 702 4732 FEL.
734 4675 912 4731 dixit:
947 4677 1091 4742 Quia
1125 4676 1295 4730 modo
1326 4674 1615 4729 Sanctitas
1641 4678 1744 4728 tua
1773 4673 2148 4745 interpretata

502 4770 591 4821 est
617 4766 977 4837 Scripturam
1009 4769 1193 4832 tuam,
1229 4764 1519 4834 quomodo
1545 4762 1779 4818 voluisti
1797 4769 1855 4818 et
1885 4769 2146 4836 accepta-

500 4853 577 4923 vi,
610 4858 668 4908 et
697 4858 760 4908 tu
783 4855 866 4908 sic
895 4853 1037 4908 mihi
1071 4858 1304 4923 accepta
1334 4849 1614 4922 quidquid
1653 4850 1868 4906 dixero.

570 4954 717 5007 AUG.
753 4952 932 5006 dixit:
987 4949 1220 5005 Interim
1266 4950 1417 5019 quod
1495 4949 1833 5021 interogavi,
1885 4949 1933 5004 si
2001 4950 2146 5005 nihil

500 5056 592 5096 me
621 5044 824 5095 contra
856 5040 1101 5095 moverit
1137 5043 1368 5109 accepto
1396 5053 1408 5092 :
1443 5036 1493 5091 si
1542 5041 1735 5092 autem
1769 5037 1992 5109 aliquid
2024 5056 2147 5094 mo-

497 5128 662 5195 verit,
698 5135 922 5184 motum
954 5143 1152 5184 meum
1184 5125 1376 5182 indico
1414 5125 1543 5194 tibi,
1577 5129 1642 5180 ut
1670 5127 1742 5182 ad
1787 5127 1980 5198 ipsum
2033 5145 2148 5184 res-

495 5217 776 5288 pendeas.

570 5307 697 5362 FEL.
732 5305 914 5360 dixit:
951 5305 1065 5377 Ego
1097 5321 1209 5361 non
1241 5303 1514 5376 respondi
1547 5303 1619 5358 ad
1651 5307 1753 5358 tua
1792 5305 1964 5361 dicta.

568 5397 707 5450 Ave.
741 5393 922 5448 dixit:
958 5394 1100 5457 Quia
1132 5394 1295 5465 prius
1325 5396 1412 5447 est
1443 5396 1507 5446 ut
1538 5391 1681 5446 mihi
1704 5393 1845 5447 adid
1871 5395 2022 5464 quod
2054 5395 2146 5451 in-

500 5482 785 5555 terrogavi
818 5483 1399 5554 respondeas,tamen
1432 5481 1537 5536 feci
1565 5479 1739 5536 etiam
1772 5487 1837 5536 ut
1862 5483 1966 5538 tibi
1991 5485 2148 5555 prior

502 5571 886 5641 respondeam
913 5589 926 5627 :
961 5572 1104 5628 forte
1138 5588 1251 5627 non
1284 5576 1337 5625 te
1375 5570 1574 5635 movit,
1607 5569 1733 5624 ideo
1766 5587 1881 5626 non
1912 5589 2147 5645 respon-

505 5660 664 5728 disti,
696 5661 838 5716 forte
888 5666 944 5717 et
992 5679 1085 5718 me
1133 5678 1246 5718 non
1282 5660 1557 5727 movebit,
1596 5674 1729 5713 cum
1757 5663 2145 5732 responderis.

496 5749 799 5822 Responde
831 5766 965 5822 ergo
1006 5751 1078 5808 ad
1110 5751 1265 5824 quod
1293 5747 1665 5820 interrogavi.

2229 737 2333 800 tat,
2367 751 2438 788 au
2476 736 2625 790 facta
2657 741 2746 791 est
2773 737 2846 791 ab
2878 735 2997 803 illo,
3031 753 3102 789 an
3134 736 3428 806 generavit
3456 735 3640 803 illam,
3675 753 3750 790 an
3781 752 3884 790 co-

2227 825 2438 879 aeterna
2481 823 2565 878 illi
2616 829 2718 880 est.
2773 826 2839 880 Et
2889 841 2993 896 ego
3041 825 3190 890 dico,
3228 825 3366 896 quia
3397 825 3690 895 quomodo
3723 825 3887 880 Deus

2228 915 2477 968 aeternus
2509 918 2616 982 est,
2649 918 2705 969 et
2733 914 2960 970 factura
2989 914 3144 985 apud
3177 913 3343 968 illum
3377 912 3538 968 nulla
3571 919 3885 982 est,totum

2233 1004 2511 1056 aeternum
2541 1007 2647 1057 est.

2307 1093 2452 1145 Ave.
2487 1091 2668 1146 dixit:
2703 1092 2828 1146 Non
2859 1091 3021 1146 illam
3055 1107 3190 1164 ergo
3220 1091 3441 1163 genuit,
3476 1107 3668 1164 neque
3701 1091 3889 1148 fecit?

2307 1178 2437 1232 FsL.
2470 1179 2648 1236 dixit:
2683 1180 2829 1248 Non,
2864 1182 2961 1236 sed
2991 1185 3079 1236 est
3108 1180 3192 1235 illi
3215 1186 3517 1236 coasterna.

2307 1281 2455 1331 AUG.
2491 1277 2669 1334 dixit:
2702 1278 2758 1332 Si
2791 1283 2984 1334 autem
3009 1278 3307 1351 genuisset
3335 1277 3520 1344 illam,
3545 1295 3660 1334 non
3684 1278 3770 1334 illi
3795 1295 3888 1334 es-

2238 1368 2324 1421 set
2351 1371 2652 1421 cowterna.

2308 1454 2437 1509 FsL.
2473 1455 2653 1512 dixit:
2695 1457 2856 1520 Quod
2911 1456 3190 1526 nascitur,
3233 1456 3407 1512 linem
3457 1455 3672 1512 habet:
3726 1457 3889 1528 quod

2238 1542 2530 1614 innatum,
2566 1562 2679 1599 non
2708 1545 2882 1599 habet
2914 1545 3111 1600 finem.

2307 1633 2455 1687 AUG.
2488 1631 2665 1687 dixit:
2701 1633 2921 1698 Quibus
2952 1649 3088 1705 ergo
3119 1636 3242 1688 erat
3275 1632 3370 1689 ille
3402 1637 3586 1706 pater,
3639 1638 3745 1688 aut
3793 1650 3894 1688 cu-

2231 1720 2332 1791 jus
2363 1727 2485 1776 erat
2516 1727 2695 1793 pater,
2729 1738 2901 1792 quem
2935 1723 3105 1778 modo
3139 1727 3361 1794 patrem
3406 1722 3782 1778 nominavit?
3833 1721 3895 1777 Si

2240 1810 2394 1865 enim
2427 1810 2572 1864 nihil
2605 1816 2902 1883 genuerat,
2939 1816 3100 1882 pater
3126 1828 3252 1866 esse
3280 1829 3389 1866 non
3424 1816 3667 1884 poterat.

2312 1903 2437 1953 FEL.
2474 1900 2652 1954 dixit:
2688 1900 2796 1954 Sed
2826 1905 2964 1955 sunt
2996 1900 3109 1954 alia
3140 1918 3263 1971 quae
3297 1901 3612 1972 generavit.

2313 1999 2454 2053 AUG.
2488 1998 2667 2052 dixit:
2702 1998 2805 2053 Illa
2831 2015 2966 2070 ergo
2989 2015 3115 2069 quae
3147 2000 3459 2071 generavit,
3496 2016 3608 2055 non
3641 2003 3788 2055 sunt
3809 1999 3898 2054 illi

2244 2092 2548 2154 coaeterna,
2582 2105 2654 2141 an
2682 2092 2738 2141 et
2768 2087 2894 2158 ipsa
2919 2093 3201 2143 coasterna
3232 2088 3410 2142 sunt?

2317 2176 2441 2230 FsL.
2476 2177 2657 2231 dixit:
2692 2176 2984 2231 Coeterna
3016 2176 3257 2232 suntilli
3291 2176 3577 2248 quidquid
3610 2175 3767 2232 Deus
3798 2193 3898 2249 ge-

2247 2266 2487 2321 neravit.

2319 2359 2465 2410 AUG.
2500 2355 2684 2411 dixit:
2721 2356 2868 2427 Ergo
2908 2354 3136 2419 errasti,
3169 2354 3322 2425 quod
3357 2354 3628 2424 superius
3671 2354 3902 2422 dixisti,

2319 2444 2448 2499 FsL.
2483 2443 2656 2500 dixit:
2694 2443 2927 2498 Interim
2956 2442 3093 2514 quia
3114 2443 3438 2498 secundum
3460 2443 3906 2514 generationem

2249 2535 2442 2589 carnis
2472 2532 2702 2588 locutus
2734 2549 2889 2599 sum,
2928 2531 3133 2587 erravi.

2318 2628 2464 2677 Asc.
2500 2621 2644 2676 dixit
2668 2638 2679 2675 :
2706 2620 3137 2675 Modestissime
3163 2619 3463 2675 confessus
3487 2635 3904 2688 errorem,me~

2249 2711 2430 2766 rearis
2460 2709 2784 2781 intelligere
2810 2710 3134 2764 veritatem.

2325 2799 2449 2852 FsL.
2483 2798 2660 2854 dixit:
2699 2799 2893 2853 Faciat
2922 2797 3095 2852 Deus.

2318 2899 2464 2952 AUG.
2498 2897 2676 2952 dixit:
2713 2897 2959 2951 Attende
2991 2896 3290 2967 ergojam,
3327 2899 3390 2950 ut
3413 2895 3660 2967 incipias
3683 2912 3907 2968 cogno-

2250 3002 2408 3040 scere
2440 3002 2692 3040 errorem
2725 2985 3025 3055 scripturae
3059 2984 3323 3054 hujus.Si
3350 3001 3475 3055 quae
3498 2985 3705 3055 genuit
3725 2990 3903 3052 Deus,

2251 3079 2534 3130 coeterna
2582 3091 2696 3129 non
2748 3079 2886 3128 sunt
2915 3073 3023 3141 illi,
3058 3073 3264 3128 melior
3295 3079 3382 3128 est
3405 3079 3559 3128 terra
3587 3072 3690 3127 illa
3721 3090 3905 3145 quam

2251 3180 2365 3219 non
2398 3163 2695 3236 generavit
2725 3163 2898 3228 Deus,
2922 3162 3020 3217 ubi
3045 3161 3312 3217 habitant
3342 3162 3537 3217 omnia
3568 3179 3698 3232 quae
3733 3180 3908 3235 gene-

2251 3254 2396 3308 ravit
2425 3253 2783 3323 Deus,quam
2813 3257 3027 3307 terram
3052 3250 3197 3305 dicis
3217 3252 3288 3306 ab
3311 3268 3376 3306 eo
3401 3268 3514 3306 non
3537 3257 3901 3324 generatam.

2321 3343 2452 3401 FEL.
2487 3341 2661 3396 dixit:
2695 3345 3084 3411 Coaequantur
3114 3340 3224 3394 sibi
3256 3340 3475 3406 omnia,
3507 3345 3565 3396 et
3586 3357 3713 3410 qua:
3731 3357 3907 3412 gene-

2248 3431 2417 3501 ravit,
2449 3437 2503 3485 et
2535 3447 2662 3502 quae
2696 3446 2806 3484 non
2856 3428 3169 3501 generavit,
3218 3428 3273 3482 id
3325 3433 3433 3499 est,
3479 3433 3635 3484 terra
3667 3428 3771 3484 illa
3804 3431 3908 3485 ubi

2249 3520 2740 3575 commorabatur.

2323 3613 2469 3663 AUG.
2504 3607 2686 3664 dixit:
2719 3607 2887 3675 Quid,
2918 3606 3043 3678 ipse
3077 3606 3174 3677 qui
3200 3606 3514 3678 generavit,
3542 3607 3790 3678 aequalis
3817 3613 3910 3664 est

2249 3697 2367 3752 illis
2393 3698 2692 3762 omnibus,
2725 3705 2824 3751 aut
2855 3697 3040 3766 major
3071 3700 3158 3752 est
3187 3695 3303 3751 illis
3324 3696 3351 3749 ‘2

2321 3786 2450 3841 Ρη.
2485 3786 2665 3841 dixit:
2695 3787 2764 3841 Et
2813 3786 2912 3857 qui
2962 3785 3277 3857 generavit,
3315 3789 3372 3838 et
3403 3801 3551 3856 quos
3581 3786 3908 3857 generavit,

2251 3881 2307 3930 et
2337 3874 2436 3929 ubi
2463 3874 2636 3945 positi
2671 3875 2866 3938 sunt‘,
2900 3873 3096 3928 omnia
3126 3872 3371 3943 aequalia
3403 3877 3561 3928 sunt.

2320 3965 2466 4018 Λυσι.
2501 3963 2681 4018 dixit:
2718 3962 2900 4018 Unius
2930 3979 3065 4033 ergo
3098 3962 3436 4018 substantiae
3468 3962 3653 4018 sunt?

2322 4051 2450 4108 FEL.
2481 4051 2658 4106 dixit:
2696 4051 2898 4106 Unius.

2320 4143 2469 4196 AUG.
2505 4141 2683 4196 dixit:
2718 4145 2836 4195 Hoc
2887 4141 3037 4211 quod
3080 4144 3170 4194 est
3217 4139 3368 4195 Deus
3401 4144 3583 4211 pater,
3616 4137 3724 4194 hoc
3759 4145 3904 4196 sunt

2251 4228 2355 4284 filii
2386 4229 2595 4300 ipsius,
2627 4229 2735 4284 hoc
2765 4234 2822 4284 et
2849 4234 3002 4283 terra
3031 4227 3170 4282 illa?

2325 4319 2454 4374 FEL.
2488 4318 2667 4374 dixit:
2701 4323 2820 4372 Hoc
2854 4334 3036 4372 unum
3070 4322 3208 4372 sunt
3239 4333 3461 4372 omnes.

2324 4420 2471 4472 Ave.
2507 4416 2688 4471 dixit:
2727 4416 2913 4486 Hujus
2944 4431 3079 4487 ergo
3111 4420 3273 4470 terra:
3305 4431 3419 4470 non
3461 4418 3550 4471 est
3579 4419 3771 4486 pater,
3806 4416 3908 4473 sed

2251 4505 2608 4561 inhabitator
2627 4505 2654 4559 ?

2324 4595 2453 4651 FEL.
2488 4595 2633 4650 dixit
2655 4611 2667 4649 :
2699 4594 2905 4648 Etiam.

2324 4687 2466 4739 Ave.
2500 4683 2684 4738 dixit:
2719 4682 2812 4737 Sic
2843 4698 2948 4737 nec
2978 4681 3179 4752 genuit
3207 4681 3389 4749 illam,
3423 4696 3530 4737 nec
3561 4681 3695 4736 fecit
3717 4682 3905 4749 illam,

2255 4773 2547 4844 quomodo
2579 4773 2648 4827 ad
2682 4787 2815 4826 eum
2850 4772 3133 4843 pertineat
3181 4771 3293 4825 nisi
3343 4769 3466 4826 sola
3495 4771 3752 4826 vanitate
3784 4789 3902 4827 non

2253 4863 2440 4926 video,
2475 4862 2764 4933 quomodo
2798 4859 2845 4916 si
2875 4860 3085 4914 habeat
3116 4859 3328 4930 aliquis
3357 4859 3616 4915 vicinum
3641 4861 3866 4916 bonum
3892 4878 3906 4919 :

2255 4956 2312 5006 et
2361 4951 2486 5005 duae
2523 4953 2648 5022 jam
2695 4954 2864 5004 erunt
2885 4966 2976 5004 res
3031 4950 3218 5004 amba:
3279 4947 3575 5021 ingenitas,
3637 4955 3796 5006 terra
3849 4956 3905 5007 et

2252 5044 2435 5110 pater.

2324 5129 2452 5184 FsL.
2486 5127 2662 5184 dixit:
2699 5128 2820 5182 Imo
2849 5130 2967 5182 tres
2999 5131 3157 5192 sunt,
3192 5129 3356 5196 pater
3396 5125 3717 5198 ingenitus,
3749 5131 3905 5184 terra

2253 5218 2534 5291 ingenita,
2567 5222 2624 5273 et
2654 5233 2752 5272 aer
2779 5214 3097 5288 ingenitus.

2324 5315 2474 5364 AUG.
2509 5305 2689 5362 dixit:
2726 5305 2843 5361 Hoc
2873 5309 3062 5360 totum
3095 5320 3212 5358 una
3243 5302 3577 5359 substantia
3603 5304 3744 5360 est?

2323 5398 2454 5453 FEL.
2489 5395 2634 5451 dixit
2659 5411 2671 5450 :
2710 5394 2851 5451 Una.

2323 5489 2468 5542 AUG.
2505 5485 2682 5539 dixit:
2713 5484 2782 5538 Et
2829 5482 2910 5536 ita
2964 5481 3224 5549 fundata,
3275 5486 3341 5537 ut
3382 5497 3416 5536 a
3448 5479 3608 5536 nullo
3640 5499 3903 5555 unquam

2255 5575 2468 5632 moveri
2504 5579 2605 5629 aut
2634 5571 2863 5628 concuti
2896 5571 3126 5642 possit?

2321 5765 2338 5798 ί
2370 5759 2523 5824 Apud
2547 5760 2633 5811 Er.
2665 5756 2829 5822 Lugd.
2859 5756 2992 5809 Ven.
3021 5757 3170 5816 Lov.,
3194 5756 3361 5820 posita
3388 5757 3526 5806 sunt.
3594 5756 3667 5807 Μ.
