4094 6470
166 460 291 522 533

242 592 377 649 FEL.
413 593 590 651 dixit:
614 593 787 650 Motio
809 598 864 649 et
886 594 1189 650 concussio
1208 594 1384 650 habet
1404 592 1761 649 distantiam.

1571 461 1805 523 LIBER
1848 460 2175 523 PRIMUS.

3455 473 3570 534 534

1927 591 2307 664 interroganti
2342 597 2689 666 respondere
2702 597 2963 655 noluisti.
2982 600 3087 655 Sed
3113 600 3253 673 quia
3276 618 3370 656 me
3391 602 3569 658 inter-

243 684 390 739 Auo.
428 683 613 739 dixit:
650 683 905 755 Habeat:
941 684 1041 739 sed
1073 689 1265 739 tamen
1297 684 1435 739 talia
1464 684 1719 753 fuerunt,
1758 685 1822 737 ut
1927 682 2169 753 rogasti,
2202 684 2337 737 audi
2370 686 2523 755 quod
2556 685 2943 757 interrogasti.
2978 688 3092 744 Nos
3132 690 3364 759 quidem
3424 692 3569 747 dici-

165 788 201 825 a
233 771 395 827 nullo
427 789 687 843 unquam
724 773 937 828 moveri
969 778 1069 827 aut
1099 772 1325 827 concuti
1359 771 1642 844 possent?

245 861 376 917 FEL.
412 861 592 917 dixit:
626 867 724 917 Est
776 861 1056 917 distantia
1100 864 1250 918 inter
1306 862 1522 917 moveri
1571 864 1627 915 et
1682 876 1817 914 con-

166 951 313 1005 cutL

238 1041 388 1096 Ave.
419 1040 599 1096 dixit:
634 1040 760 1097 Non
791 1041 926 1096 inde
952 1044 1006 1095 te
1038 1040 1353 1112 interrogo.

240 1129 373 1184 Ρη.
408 1131 589 1185 dixit:
626 1132 736 1186 Sed
768 1130 903 1186 inde
938 1146 1025 1185 me
1056 1131 1140 1185 vis
1171 1135 1386 1185 tenere.

236 1220 387 1274 AUG.
423 1219 604 1275 dixit:
638 1219 939 1282 Quomodo
992 1218 1099 1285 vis,
1148 1218 1343 1289 accipe
1389 1217 1639 1273 Moveri:
1700 1233 1816 1272 non

162 1311 397 1378 poterat
428 1310 639 1364 moveri
664 1307 690 1361 ?

239 1397 370 1452 FEL.
401 1398 581 1453 dixit:
616 1398 738 1453 Non
774 1397 901 1452 dico
933 1396 1069 1469 quia
1116 1413 1232 1452 non
1295 1400 1517 1467 poterat
1574 1394 1811 1466 moveri,

158 1486 263 1541 sed
298 1487 480 1542 motio
510 1487 788 1543 distantia
816 1491 925 1543 est.

234 1580 390 1631 Avo.
415 1576 595 1631 dixit:
628 1577 739 1632 Sed
776 1576 854 1631 ita
885 1576 1022 1647 dixi,
1056 1575 1171 1631 Nec
1204 1574 1441 1643 moveri,
1474 1590 1579 1629 nec
1601 1590 1812 1629 concu-

157 1664 228 1719 ti.
264 1665 392 1721 Non
414 1666 554 1733 dixi,
589 1666 807 1721 Moveri
835 1666 1074 1737 quidem
1095 1669 1301 1736 potest,
1323 1665 1422 1719 sed
1443 1664 1670 1718 concuti
1697 1680 1811 1719 non

157 1758 398 1826 potest;
432 1759 552 1820 aut,
588 1754 832 1810 Concuti
876 1754 1110 1825 quidem
1169 1758 1377 1826 potest,
1431 1753 1646 1808 moveri
1696 1770 1811 1808 non

157 1846 393 1915 potest:
426 1844 527 1899 sed
560 1844 765 1899 ambas
794 1860 886 1899 res
917 1842 1053 1911 dixi,
1088 1859 1203 1898 non
1235 1858 1405 1915 posse
1436 1859 1541 1897 nec
1572 1841 1808 1910 moveri,

158 1946 270 1987 nec
300 1932 545 1988 contuti.

236 2020 369 2076 Ρη.
398 2020 577 2076 dixit:
613 2026 693 2076 De
724 2022 1012 2077 ambabus
1040 2021 1215 2076 rebus
1246 2020 1525 2075 distantia
1550 2024 1638 2075 est
1659 2019 1810 2075 inter

158 2109 387 2165 moveri
419 2116 481 2167 et
507 2110 757 2167 concuti.

217 2215 454 2274 CAPUT
476 2216 1307 2288 XlX.—-Auo.dixit:Legamus
1326 2231 1463 2287 ergo
1480 2216 1802 2288 sequentia,

136 2306 452 2362 videamus
465 2306 513 2363 si
536 2307 691 2364 Deus
711 2307 821 2363 iste
837 2305 933 2379 qui
950 2306 1194 2361 fundata
1209 2305 1458 2361 habebat
1498 2322 1676 2376 regna
1703 2323 1802 2361 su-

137 2411 248 2467 per
265 2394 520 2451 lucidam
544 2401 601 2452 et
621 2397 853 2452 beatam
877 2400 1110 2463 terram,
1152 2412 1279 2466 qua:
1298 2394 1507 2449 anullo
1543 2411 1802 2466 unquam

137 2484 365 2539 moveri
387 2490 443 2540 et
484 2485 715 2541 concuti
759 2488 1023 2557 possunt,
1058 2483 1357 2539 neminum
1400 2482 1615 2548 timuit,
1650 2484 1803 2539 sicut

138 2573 451 2645 oportebat
474 2580 537 2629 ut
560 2574 851 2630 neminem
872 2574 1122 2639 timeret,
1148 2574 1318 2643 cujus
1344 2588 1521 2644 regna
1543 2572 1626 2627 sic
1666 2572 1801 2627 fun-

138 2662 465 2718 dataerant
482 2668 606 2730 ut,a
629 2663 789 2718 nullo
810 2667 911 2718 aut
935 2662 1150 2718 moveri
1172 2666 1275 2717 aut
1296 2661 1525 2716 concuti
1541 2665 1799 2732 possent.

136 2751 211 2806 Et
242 2750 385 2823 legit
413 2753 754 2824 sequentia:
779 2754 947 2808 Juxta
968 2769 1139 2807 unam
1158 2767 1281 2807 vero
1310 2754 1521 2822 partem
1554 2766 1618 2805 ac
1647 2752 1800 2806 latus

132 2840 381 2896 illustris
418 2842 575 2896 illius
604 2858 670 2898 ac
691 2850 893 2898 sancta?
916 2846 1099 2898 terra}.
1122 2842 1191 2895 Et
1220 2857 1353 2895 cum
1376 2839 1591 2911 legeret
1620 2839 1799 2895 inter-

132 2929 410 3001 rogavit:
444 2930 605 2994 Quod
643 2930 835 2985 latus?
865 2931 1153 2993 dextrum,
1177 2946 1249 2984 an
1269 2928 1573 2983 sinistrum
1594 2928 1621 2982 ?

208 3027 344 3083 Ρη.
370 3028 553 3083 dixit:
588 3028 747 3083 Hanc
776 3028 880 3083 tibi
915 3044 1020 3099 ego
1054 3044 1169 3083 non
1218 3043 1459 3097 possum
1508 3025 1797 3099 interpre-

136 3116 262 3171 tari
294 3116 669 3189 scripturam,
700 3122 756 3174 et
785 3132 1070 3189 exponere
1103 3117 1256 3189 quod
1284 3115 1361 3170 ibi
1397 3132 1509 3170 non
1545 3120 1666 3171 est:
1709 3115 1795 3188 ip-

129 3222 203 3261 sa
235 3205 350 3261 sibi
383 3205 676 3277 interpres
708 3210 835 3271 est;
867 3222 971 3278 ego
1005 3222 1118 3261 non
1161 3221 1401 3277 possum
1452 3204 1663 3273 dicere,
1724 3220 1795 3261 ne

131 3295 297 3349 forte
327 3292 625 3349 incurram
655 3294 713 3349 in
747 3299 1069 3367 peccatum.

207 3384 359 3438 AUG.
401 3383 577 3439 dixit:
620 3384 874 3455 Legatur
902 3382 1011 3439 hoc
1037 3399 1174 3455 ergo
1205 3382 1359 3454 quod
1404 3382 1679 3454 sequitur.
1725 3384 1795 3438 Et

134 3488 279 3527 cum
299 3470 843 3544 legeret,etventum
858 3478 1009 3527 esset
1027 3473 1095 3527 ad
1118 3472 1306 3526 locum
1323 3472 1421 3527 ubi
1440 3473 1792 3539 habet,Luci.s

134 3577 270 3616 vero
293 3561 989 3632 beatissz'mzPater,scicns
1013 3562 1063 3615 la
1071 3561 1184 3615 bem
1202 3578 1463 3631 magnam
1479 3578 1549 3615 ac
1564 3563 1703 3615 vasti
1707 3566 1791 3616 ta-

137 3654 258 3705 tem
282 3666 403 3721 quae
427 3667 497 3705 επ
512 3651 747 3705 tenebris
767 3654 1032 3721 surgeret,
1064 3650 1319 3704 adversus
1336 3667 1437 3705 sua
1457 3659 1646 3704 sancta
1684 3651 1787 3705 im-

140 3740 389 3810 pendere
417 3740 643 3804 sazcula,
674 3740 786 3793 nisi
816 3739 954 3809 quod
982 3741 1253 3793 eximium
1282 3755 1345 3792 ac
1369 3739 1704 3809 praeclarum
1739 3743 1789 3795 et

128 3830 349 3883 virtute
366 3832 555 3898 potens
578 3844 781 3883 numen
803 3837 1174 3899 opponanquo
1195 3836 1411 3896 superet
1427 3828 1594 3882 simul
1615 3845 1677 3883 ac
1696 3828 1786 3883 de-

128 3920 318 3973 struat
338 3918 569 3984 stirpem
589 3917 965 3985 tenebrarum,
989 3934 1095 3988 qua
1111 3919 1352 3972 extincta
1364 3926 1619 3989 perpetua
1633 3920 1787 3988 quies

131 4006 493 4061 lucisincolis
507 4015 801 4077 pararetur
820 4023 841 4067 ;
864 4006 1230 4078 Augustinus
1248 4006 1427 4061 dixit:
1461 4007 1626 4061 Nunc
1657 4007 1783 4077 jam

129 4095 591 4168 quiacceperunt
627 4099 837 4166 apertae
876 4094 1272 4167 blasphemiae,
1304 4095 1354 4150 si
1392 4094 1785 4152 defendendas

122 4183 576 4257 putas,dicquid
600 4184 867 4255 istagens
904 4186 1298 4254 tenebrarum,
1342 4202 1517 4255 quam
1556 4185 1786 4241 videtur

122 4274 285 4329 Deus
305 4272 594 4339 timuisse,
618 4290 689 4328 ne
715 4273 1100 4345 magnalabes
1116 4274 1424 4329 etvastitas
1445 4290 1512 4329 ex
1528 4275 1783 4332 tenebris

123 4364 190 4418 in
216 4364 534 4435 regnaejus
553 4362 864 4429 irruerent,
892 4377 1097 4417 nocere
1119 4366 1341 4433 poterat
1357 4367 1467 4418 Deo
1494 4380 1507 4429 ;
1534 4364 1784 4421 maxime

126 4453 308 4523 cujus
323 4467 500 4524 regna
521 4452 793 4523 superius
811 4451 955 4505 dixit
976 4452 1058 4505 ita
1080 4451 1415 4516 fundata,ut
1435 4468 1468 4506 a
1488 4451 1648 4508 nullo
1673 4471 1781 4508 un-

123 4557 313 4614 quam
346 4541 563 4596 moveri
598 4545 701 4595 aut
727 4540 957 4595 concuti
984 4545 1237 4611 possent.
1262 4540 1407 4605 Quid
1433 4557 1567 4613 ergo
1590 4541 1675 4595 illi
1700 4542 1779 4597 fa-

125 4636 299 4687 ctura
329 4635 452 4686 erat
478 4646 621 4701 gens
652 4628 809 4685 ista?
839 4629 1066 4685 Poterat
1095 4630 1145 4684 ei
1178 4645 1403 4697 nocere,
1435 4647 1508 4685 an
1541 4647 1654 4685 non
1678 4648 1777 4703 po—

126 4719 329 4776 terat?
364 4720 665 4789 Responde
695 4736 879 4774 unum
907 4736 936 4774 e
969 4720 1217 4775 duobus.

206 4819 336 4873 FEL.
371 4818 516 4873 dixit
544 4834 555 4872 :
591 4818 709 4890 Ego
741 4818 1085 4889 respondeo:
1122 4817 1181 4872 Si
1209 4816 1573 4873 nihilcontra
1594 4818 1775 4875 Deum

126 4912 245 4973 est,
276 4908 599 4963 secundum
634 4908 786 4978 quod
819 4906 962 4961 dixit
993 4906 1283 4978 scriptura
1313 4907 1779 4979 Manichaei,quia

125 5002 224 5054 est
252 4996 499 5051 alterum
533 5012 773 5068 regnum
797 5013 810 5062 ;
845 5011 946 5066 pro
975 5010 1092 5066 qua
1121 5012 1298 5050 causa
1345 4995 1614 5051 Christus
1642 4996 1777 5050 mis-

122 5102 236 5142 sus
267 5088 379 5151 est,
412 5088 477 5139 ut
504 5100 611 5139 nos
643 5084 914 5139 liberaret
944 5084 1015 5139 de
1046 5082 1253 5155 laqueo
1304 5085 1505 5139 mortis
1551 5084 1777 5155 hujus?

124 5174 305 5245 cujus
336 5178 425 5229 est
455 5174 563 5229 iste
591 5172 838 5244 laqueus
866 5176 922 5229 et
956 5189 1112 5227 mors
1134 5172 1162 5227 ‘I
1182 5172 1238 5227 Si
1257 5174 1625 5229 adversarius
1650 5174 1777 5228 nul-

122 5264 223 5319 lus
255 5267 461 5318 contra
509 5267 688 5319 Deum
748 5266 853 5330 est,
913 5261 1121 5333 utquid
1188 5261 1463 5334 baptizati
1522 5262 1776 5319 sumus?

120 5352 347 5424 thuid
373 5351 758 5417 Eucharistia,
791 5350 995 5424 utquid
1029 5350 1454 5421 Cbristianitas,
1488 5352 1536 5407 si
1573 5358 1776 5409 contra

122 5448 313 5498 Deum
346 5440 490 5497 nihil
524 5441 662 5496 est?

194 5535 343 5587 Avo.
379 5531 561 5598 dixit;
594 5530 738 5594 Quia
759 5531 924 5586 video
956 5534 1010 5586 te
1038 5529 1189 5587 nolle
1220 5530 1570 5603 respondere
1601 5530 1672 5585 ad
1714 5531 1771 5587 id

119 5621 283 5693 quod
302 5625 358 5676 te
391 5622 704 5691 interrogo,
746 5623 803 5673 et
844 5624 895 5673 te
934 5619 1290 5690 interrogare
1314 5622 1377 5673 ut
1404 5618 1505 5673 tibi
1540 5634 1774 5689 respon-

117 5713 336 5774 deam;
368 5715 424 5765 et
456 5709 565 5764 hoc
600 5724 710 5763 non
744 5724 983 5762 recuso:
1018 5708 1158 5763 dum
1191 5714 1383 5763 tamen
1436 5707 1772 5763 memineris

121 5800 269 5873 quia
289 5800 395 5856 tibi
417 5797 801 5871 interroganti
818 5813 923 5869 ego
953 5799 1361 5869 respondeo,tu
1397 5801 1593 5853 autem
1625 5796 1772 5855 mihi

1925 786 2059 825 mus
2120 770 2487 828 liberatorem
2529 775 2822 831 Christum
2868 778 3115 845 venisse,
3162 783 3217 834 et
3248 798 3281 834 a
3312 781 3566 852 peccatis

1924 858 2137 913 nostris
2171 860 2423 917 dicimus
2454 879 2559 918 nos
2592 862 2845 931 liberari,
2879 866 3017 937 quia
3047 884 3153 921 nos
3182 886 3295 923 non
3357 887 3566 927 sumus

1922 946 1992 1001 de
2023 948 2352 1004 substantia
2386 951 2483 1005 Dei
2515 953 2719 1023 geniti,
2754 955 2850 1009 sed
2886 972 2985 1026 per
3015 958 3143 1026 ejus
3166 958 3417 1013 Verbum
3447 961 3563 1014 fac-

1922 1035 1965 1090 ti
1998 1054 2030 1090 a
2062 1036 2197 1093 Deo.
2238 1040 2483 1094 Multum
2509 1047 2705 1096 autem
2740 1042 2980 1099 interest
3037 1045 3187 1100 inter
3244 1052 3443 1102 natum
3494 1050 3563 1105 de

1922 1126 2251 1182 substantia
2278 1130 2454 1195 Dei,et
2475 1132 2688 1185 factum
2711 1149 2744 1186 a
2762 1132 2875 1187 Deo
2900 1135 3052 1205 quod
3078 1152 3189 1189 non
3214 1137 3384 1191 estde
3398 1138 3564 1193 subs-

1921 1216 2105 1270 tantia
2124 1215 2543 1289 Dei.Quidquid
2564 1236 2699 1292 ergo
2720 1222 2848 1275 fecit
2864 1222 3036 1289 Deus,
3062 1229 3252 1294 potest
3272 1242 3400 1280 esse
3432 1243 3561 1281 mu-

1919 1303 2131 1371 tabile;
2164 1305 2287 1376 ipse
2318 1312 2511 1362 autem
2530 1308 2681 1363 Deus
2704 1326 2817 1364 non
2841 1315 2928 1365 est
2946 1312 3242 1367 mutabilis
3263 1329 3275 1367 :
3295 1315 3561 1385 quianon

1920 1398 2171 1464 possunt
2187 1397 2401 1466 aequari
2435 1414 2608 1469 opera
2634 1399 2838 1453 artifici
2855 1404 2913 1454 et
2933 1402 3239 1457 conditori.
3256 1403 3343 1457 Tu
3365 1411 3559 1460 autem

1921 1481 2019 1551 qui
2050 1482 2224 1552 paulo
2255 1485 2325 1538 ad
2358 1485 2871 1559 interrogationem
2913 1504 3103 1545 meam
3153 1491 3371 1562 dixisti,
3423 1493 3561 1564 quia

1916 1572 1966 1625 et
1994 1571 2160 1626 Pater
2188 1575 2284 1643 qui
2311 1577 2589 1643 generavit
2621 1577 2706 1632 ibi
2736 1578 2873 1632 lucis
2893 1579 3057 1648 ﬁlios,
3089 1589 3138 1634 et
3167 1596 3288 1645 aer,
3338 1585 3391 1635 et
3437 1582 3561 1651 ipsa

1915 1662 2081 1727 terra,
2110 1669 2159 1715 et
2185 1663 2295 1732 ipsi
2321 1664 2427 1732 ﬁli:
2457 1681 2569 1719 una
2590 1667 2894 1721 substantia
2916 1671 3067 1738 sunt,
3089 1678 3140 1723 et
3164 1671 3409 1740 aequalia
3428 1680 3559 1727 sunt

1915 1751 2140 1817 omnia;
2176 1756 2402 1821 oportet
2432 1758 2496 1806 ut
2524 1753 2685 1808 dicas
2718 1754 2883 1821 mihi,
2917 1756 3055 1811 huic
3085 1758 3554 1814 substantiaeuti-

1916 1852 2027 1908 que
2056 1838 2487 1911 incorruptibili
2520 1843 2811 1914 quomodo
2844 1849 3287 1915 poteratnocere
3308 1863 3452 1919 gens
3473 1857 3553 1905 te-

1914 1926 2250 1984 nebrarum.
2284 1929 2342 1985 Si
2376 1932 2530 1985 enim
2564 1936 2789 2002 poterat
2820 1949 3024 1989 nocere
3054 1934 3127 2003 ei,
3163 1952 3278 1990 non
3307 1942 3433 1992 erat
3454 1955 3554 1995 na-

1912 2018 2043 2070 tura
2073 2016 2567 2090 incorruptibilis:
2597 2020 2645 2075 si
2677 2026 2871 2076 autem
2914 2040 3027 2077 non
3085 2028 3329 2093 poterat,
3390 2025 3553 2083 nulla

1911 2120 2090 2159 causa
2116 2112 2241 2162 erat
2270 2125 2449 2179 quare
2478 2109 2744 2181 praelium
2777 2110 3105 2183 agitaret,et
3132 2112 3275 2169 illud
3336 2131 3553 2171 numen

1938 2195 2092 2265 quod
2125 2196 2285 2263 dicit,
2319 2196 2435 2252 huc
2466 2198 2738 2255 mitteret.

1981 2284 2107 2339 FEL.
2142 2285 2322 2341 dixit:
2356 2286 2699 2343 Dilationem
2742 2292 2894 2361 peto,
2928 2292 2993 2344 ut
3034 2290 3255 2361 possim
3316 2308 3554 2365 respon-

1909 2372 2063 2428 dere.

1977 2469 2126 2518 Ave.
2158 2463 2329 2520 dixit:
2365 2466 2654 2532 Quando?
2684 2466 2823 2523 Cras
2852 2466 3226 2525 intermissus
3257 2470 3521 2527 sufﬁcit?

1977 2568 2205 2625 CAPUT
2243 2570 2353 2625 XX.
2391 2602 2455 2611 —
2490 2571 2622 2627 FEL.
2654 2571 2835 2627 dixit:
2868 2572 3195 2629 Intermitte
3228 2574 3372 2630 mihi
3432 2580 3552 2634 tres

1906 2656 2050 2725 dies,
2084 2658 2139 2712 id
2171 2662 2259 2713 est
2287 2658 2478 2725 hodie,
2512 2664 2569 2714 et
2595 2677 2747 2725 cras,
2779 2665 2835 2716 et
2883 2661 3163 2732 perindie,
3216 2667 3318 2719 aut
3363 2681 3553 2737 usque

1902 2745 1971 2800 ad
2005 2745 2158 2801 diem
2190 2748 2287 2819 qui
2320 2752 2409 2803 est
2451 2754 2586 2820 post
2644 2749 3026 2818 dominicum,
3075 2750 3132 2805 id
3196 2756 3305 2822 est,
3364 2754 3551 2825 pridie

1902 2833 2037 2889 idus
2066 2835 2411 2892 decembris.

1972 2928 2121 2980 Λυσι.
2157 2925 2326 2981 dixit:
2360 2925 2537 2982 Video
2565 2926 2615 2982 ie
2665 2928 3004 2985 dilationem
3062 2931 3133 2985 ad
3197 2932 3546 3003 responden-

1900 3011 2040 3067 dum
2072 3015 2344 3085 petiisse;
2379 3014 2707 3072 humanum
2739 3022 2828 3073 est
2886 3022 2952 3073 ut
2994 3020 3348 3076 concedatur
3390 3020 3537 3081 tibi:

1899 3101 2002 3157 sed
2034 3102 2084 3157 si
2142 3104 2491 3175 respondere
2548 3122 2665 3160 non
2722 3106 2983 3178 potueris
3028 3109 3098 3164 ad
3151 3111 3542 3180 praestitutum

1897 3191 2069 3258 diem,
2105 3192 2239 3263 quid
2274 3194 2371 3249 flet
2388 3194 2416 3248 ?

1968 3281 2096 3337 FEL.
2125 3282 2304 3338 dixit:
2342 3285 2452 3339 Ero
2482 3284 2692 3341 victus.

1967 3374 2114 3427 AUG.
2148 3373 2323 3428 dixit:
2357 3374 2525 3438 Quid.
2562 3374 2612 3430 si
2644 3374 2864 3447 fugeris
2886 3376 2915 3430 ‘I

1968 3458 2093 3517 Fer.
2130 3461 2304 3516 dixit:
2340 3466 2491 3517 Reus
2520 3479 2616 3518 ero
2636 3463 2889 3519 civitatis
2922 3463 3099 3537 hujus
3130 3467 3185 3519 et
3215 3464 3451 3537 ubique,
3484 3471 3541 3524 et

1894 3547 2040 3621 legis
2070 3566 2230 3606 mete.

1962 3642 2110 3694 Avo.
2147 3639 2326 3694 dixit:
2362 3640 2482 3695 Imo
2513 3640 2622 3696 hoc
2652 3641 2776 3696 die:
2814 3640 2871 3697 Si
2904 3642 3127 3713 fugere,
3173 3643 3257 3699 sic
3318 3643 3537 3701 habear

1890 3729 2170 3797 tanquam
2204 3728 2251 3783 si
2284 3736 2421 3784 anat
2449 3729 2755 3785 hemavero
2789 3730 3193 3788 Manichteum.

1964 3817 2091 3871 FEL.
2124 3817 2298 3872 dixit:
2333 3818 2449 3873 Hoc
2481 3818 2672 3874 dicere
2699 3834 2811 3873 non
2844 3836 3105 3891 possum.

1962 3916 2102 3969 Auc.
2136 3915 2308 3973 dicit:
2342 3916 2489 3988 Ergo
2520 3920 2716 3988 aperte
2747 3916 2915 3973 nobis
2944 3918 3037 3973 die
3067 3920 3205 3989 quia
3225 3919 3534 3991 fugereco-

1889 4003 2061 4075 gitas,
2096 4008 2153 4059 et
2181 4021 2351 4059 nemo
2382 4009 2437 4059 te
2468 4010 2644 4071 tenet,

1960 4093 2088 4148 FEL.
2124 4093 2297 4147 dixit:
2332 4093 2456 4150 Non
2489 4094 2665 4166 fugio.

1956 4182 2102 4237 Avo.
2137 4182 2318 4237 dixit:
2352 4181 2423 4237 Ut
2452 4183 2639 4253 video,
2673 4199 2786 4238 non
2809 4182 2894 4238 vis
2927 4184 3095 4254 quasi
3126 4184 3316 4240 victus
3338 4187 3533 4243 absce-

1887 4270 2056 4325 dere:
2090 4271 2191 4325 sed
2223 4270 2434 4326 saltem
2467 4271 2570 4326 hoc
2597 4271 2712 4340 dic,
2746 4272 2805 4327 Si
2839 4272 3060 4344 fugere,
3082 4274 3269 4329 victus
3302 4291 3456 4331 sum.

1958 4359 2084 4414 FEL.
2120 4360 2265 4413 dixit
2290 4376 2302 4415 :
2337 4360 2485 4415 Dixi.

1956 4454 2104 4503 Ave.
2138 4448 2317 4504 dixit:
2355 4449 2419 4504 Et
2449 4449 2602 4504 unde
2632 4450 2936 4522 apparebit
2962 4454 3018 4505 te
3049 4451 3268 4524 fugisse
3300 4457 3536 4527 propter

1886 4536 1997 4592 Gcs
2012 4538 2103 4592 ta?

1957 4627 2085 4681 FEL.
2120 4627 2297 4683 dixit:
2331 4627 2479 4683 Jube
2504 4632 2569 4683 ut
2600 4644 2769 4699 quem
2803 4627 3049 4701 elegero,
3072 4646 3205 4685 cum
3230 4630 3355 4703 ipso
3390 4632 3525 4688 sim.

1954 4717 2099 4771 Ana.
2134 4716 2311 4771 dixit:
2346 4717 2502 4788 Elige
2532 4717 2639 4771 tibi
2698 4717 2952 4789 aliquem
3016 4720 3084 4774 de
3142 4720 3527 4791 praesentibus

1884 4804 2010 4859 istis
2044 4805 2343 4877 fratribus,
2378 4806 2475 4877 qui
2508 4809 2577 4861 ad
2608 4806 2925 4862 cancellum
2956 4813 3132 4864 stant.

1959 4895 2083 4948 FEL.
2118 4895 2291 4949 dixit:
2324 4896 2445 4949 Sim
2476 4912 2609 4950 cum
2642 4895 2740 4951 ille
2770 4896 2871 4967 qui
2901 4902 2990 4952 est
3013 4897 3072 4951 in
3100 4898 3309 4953 medio.

1951 4992 2096 5046 AUG.
2135 4992 2312 5047 dixit:
2346 4992 2507 5048 Sicut
2534 4992 2640 5048 tibi
2698 4991 2944 5065 elegisti,
3006 5010 3193 5066 usque
3250 4995 3322 5050 ad
3370 4994 3523 5051 diem

1881 5097 2016 5137 cum
2051 5081 2148 5137 illo
2178 5082 2314 5137 eris.

1952 5172 2078 5226 Ρη.
2114 5172 2259 5227 dixit
2286 5188 2297 5226 :
2332 5172 2537 5228 Etiam.
2571 5176 2628 5227 et
2655 5188 2759 5245 ego
2790 5172 2897 5228 hoc
2918 5173 3237 5228 consentio.

1953 5266 2296 5318 Bomsxcws
2329 5262 2475 5317 dixit
2498 5264 2513 5295 ¹
2542 5280 2554 5318 :
2587 5262 2887 5318 Prazstabit
2916 5261 3199 5329 Christus,
3232 5266 3294 5317 ut
3323 5261 3373 5317 si
3391 5279 3523 5321 cum

1880 5350 1979 5406 illo
2010 5350 2261 5420 veniam,
2297 5351 2655 5407 christianus
2687 5356 2791 5407 est.

1948 5559 1963 5593 ι
1990 5557 2056 5605 Er
2073 5556 2372 5617 Lugd.Ven.
2396 5558 2522 5605 Lov.
2538 5556 2651 5605 hzec
2672 5560 2723 5605 et
2746 5555 3019 5618 superiora
3043 5555 3117 5619 sic
3135 5555 3351 5619 legunt:
3388 5558 3521 5609 Avo.

1877 5619 2011 5686 dixit
2027 5634 2045 5667 :
2068 5620 2211 5686 Elige
2232 5619 2330 5668 tibi
2347 5620 2566 5686 aliquem
2590 5620 2652 5686 de
2673 5617 3137 5686 Praesentibus
3158 5617 3413 5686 fratribus
3433 5622 3525 5686 qui

1878 5683 1951 5729 ad
1970 5682 2241 5731 cancellum
2264 5686 2423 5731 stant.
2448 5682 2557 5729 FsL.
2579 5682 2737 5729 dixit:
2768 5682 2937 5744 Etiam
2953 5685 3103 5744 etego
3116 5684 3399 5732 consentio:
3428 5682 3521 5733 sed

1882 5760 1991 5793 cum
2016 5744 2104 5809 illo
2120 5745 2209 5809 qui
2229 5748 2301 5791 est
2322 5746 2371 5791 in
2396 5744 2581 5809 medio.
2602 5744 2732 5809 Auo.
2754 5743 2913 5792 dixit:
2937 5743 3079 5809 Sicut
3100 5745 3195 5794 tibi
3211 5744 3518 5809 ἀφίωμε-

1880 5822 1976 5873 que
2003 5808 2075 5856 ad
2102 5804 2237 5855 diem
2264 5821 2375 5856 cum
2401 5804 2486 5855 illa
2507 5806 2608 5856 eris
2638 5808 2929 5859 Bomncms
2958 5807 3115 5869 dixit,
3142 5812 3241 5858 etc.
3272 5804 3342 5860 Si.
