4094 6480
446 426 565 487 535

518 556 883 629 Augustinus
910 554 1220 627 episcopus
1254 555 1524 612 Ecclesiae
1554 554 1846 611 catholicae
1874 555 2088 627 Hippo-

451 644 831 718 neregiensis,
862 644 955 700 his
986 644 1046 699 in
1078 642 1324 699 ecclesia
1382 659 1575 699 coram
1629 641 1844 715 populo
1900 641 2091 698 Gestis

452 734 805 807 subscripsi.

1150 422 1252 483 DE
1294 424 1517 486 ACTIS
1562 424 1721 486 CUM
1770 422 2042 484 FELICE
2086 420 2543 497 MANICH/EO,
2592 424 2657 485 S.
2703 424 3132 487 AUGUSTINI

3741 422 3861 483 536

2272 553 2427 609 Felix
2456 555 2836 623 christianus,
2878 555 3066 611 cultor
3094 554 3240 628 legis
3271 553 3603 624 Manichaei,
3667 553 3764 609 his
3801 554 3860 608 in

2202 642 2448 700 ecclesia
2476 660 2669 701 coram
2698 644 2912 718 populo
2944 644 3136 701 Gestis
3168 643 3523 716 subscripsi.

1586 965 1961 1059 LIBER
2031 964 2716 1060 SECUNDUS.

1722 1126 1925 1186 ACTA
1973 1126 2361 1188 SECUNDE
2408 1127 2585 1188 DIE].

528 1376 758 1433 CAPUT
789 1376 1101 1439 PRIMUM.
1134 1376 1363 1431 —Cum
1387 1378 1620 1431 ventum
1650 1377 1805 1430 esset
1836 1374 1906 1428 ad
1941 1371 2095 1428 diem

458 1466 879 1538 praestitutum,
901 1467 957 1521 id
981 1469 1087 1533 est,
1115 1465 1186 1520 ad
1221 1464 1405 1536 pridie
1436 1464 1640 1519 iduum
1673 1464 2092 1529 decembrium,

458 1570 552 1610 res
574 1555 656 1609 sic
687 1555 778 1627 agi
810 1555 983 1626 cmpit
1011 1555 1069 1608 in
1102 1553 1346 1609 ecclesia
1366 1554 1552 1609 Pacis.
1578 1555 1932 1608 Aucusrmus
1954 1550 2103 1622 epis-

458 1658 639 1714 copus
670 1643 931 1699 Ecclesiae
951 1642 1246 1698 catholica:
1264 1642 1527 1714 Hippone
1553 1641 1902 1713 regiensium
1928 1640 2108 1711 regio-

459 1750 602 1788 num
636 1732 780 1788 dixit
806 1750 818 1788 :
860 1733 1082 1808 Pridem
1119 1749 1249 1787 cum
1276 1748 1601 1787 sermonem
1627 1732 1997 1798 haberemus,
2017 1729 2105 1784 di-

459 1821 737 1877 lationem
772 1826 825 1877 te
857 1822 1092 1893 petiisse
1128 1819 1467 1885 meministi,
1497 1837 1629 1876 cum
1663 1820 1730 1875 ad
1767 1836 1833 1875 ea
1866 1836 1991 1891 qua
2024 1820 2107 1873 in-

458 1914 885 1983 terrogaveram
917 1911 976 1963 in
1009 1910 1278 1982 praesenti
1322 1910 1671 1981 respondere
1720 1926 1833 1964 non
1882 1924 2105 1980 posses.

465 1998 526 2055 Si
558 2015 694 2071 ergo
728 2002 846 2053 tam
879 1998 996 2053 lato
1027 1997 1307 2070 temporis
1337 1997 1547 2071 spatio,
1580 2001 1712 2069 post
1742 1998 1895 2052 diem
1952 1995 2105 2051 scili-

467 2094 557 2145 cet
602 2087 876 2160 quintum
936 2086 1153 2158 aliquid
1211 2087 1569 2157 excogitasti,
1628 2087 1932 2158 responde.
1992 2084 2108 2140 Hoc

466 2176 622 2232 enim
653 2181 793 2231 tunc
818 2175 1341 2247 interrogaveram:
1377 2176 1435 2231 Si
1469 2176 1583 2230 Deo
1616 2191 1817 2230 nocere
1838 2173 1981 2229 nihil
2006 2190 2107 2245 po-

462 2269 633 2336 terat,
669 2281 848 2336 quare
868 2263 1085 2320 bellum
1117 2264 1300 2334 gessit
1329 2280 1462 2319 cum
1496 2268 1665 2335 gente
1696 2280 1875 2335 quam
1916 2262 2108 2317 dicitis

460 2354 859 2423 tenebrarum,
892 2354 952 2408 in
985 2369 1100 2424 quo
1133 2352 1281 2408 bello
1314 2358 1533 2407 natura:
1566 2353 1900 2408 daemonum
1963 2352 2109 2407 mis-

460 2448 615 2499 ceret
650 2441 1041 2499 substantiam
1074 2459 1263 2507 suam,
1298 2458 1425 2513 qua:
1458 2442 1564 2497 hoc
1626 2447 1714 2497 est
1762 2442 1916 2513 quod
1962 2440 2107 2512 ipse,

459 2532 613 2588 sicut
634 2533 758 2604 jam
791 2532 1184 2603 interrogatus
1217 2530 1463 2587 dixisti?
1493 2531 1549 2585 Si
1586 2536 1782 2585 autem
1816 2547 2019 2585 nocere
2058 2530 2109 2585 ei

458 2626 703 2693 poterat,
736 2637 850 2676 non
882 2619 1382 2691 incorruptibilem
1419 2621 1598 2675 Deum
1633 2619 1843 2687 colitis,
1878 2619 2111 2691 qualem

460 2710 672 2766 veritas
704 2714 760 2765 et
788 2709 1109 2782 apostolica
1139 2710 1403 2764 doctrina
1432 2714 1703 2764 testatur.

536 2800 703 2853 Feux
721 2799 899 2853 dixit:
928 2800 1005 2853 Ex
1029 2816 1143 2870 quo
1167 2815 1198 2852 a
1221 2798 1538 2853 Sanctitate
1564 2803 1663 2853 tua
1684 2798 1916 2861 recessi,
1952 2803 2017 2852 ut
2040 2799 2109 2853 ad

464 2889 617 2945 diem
649 2887 1030 2942 constitutum
1060 2904 1326 2943 reversus
1356 2904 1568 2953 essem,
1604 2892 1667 2942 ut
1699 2888 2111 2959 responderem

464 2982 581 3039 tuae
609 2977 1073 3048 interrogationi,
1108 2993 1492 3048 quazcumque
1523 2976 1698 3032 velles
1728 2976 2108 3047 interrogare,

465 3072 702 3121 ventum
734 3065 920 3120 estad
954 3066 1144 3120 diem:
1190 3070 1246 3120 et
1304 3066 1443 3136 quia
1494 3066 1715 3120 nullam
1762 3066 2115 3137 scripturam

465 3155 619 3209 inter
647 3170 858 3208 manus
889 3153 1089 3218 habui,
1125 3154 1261 3224 quia
1284 3171 1399 3208 non
1426 3153 1568 3209 mihi
1592 3160 1729 3209 sunt
1744 3154 1980 3209 redditze
2007 3171 2114 3209 un-

466 3244 537 3299 de
569 3259 661 3298 me
694 3243 982 3297 instruere
1016 3258 1249 3314 possem
1276 3260 1290 3309 ;
1324 3241 1520 3297 nullus
1541 3242 1695 3297 enim
1724 3242 1792 3297 ad
1821 3247 2112 3297 certamen

428 3388 435 3399 ,
464 3332 601 3399 exit,
637 3331 748 3387 nisi
782 3332 946 3403 prius
980 3331 1240 3386 munitus
1270 3335 1286 3370 ί
1322 3332 1516 3399 fuerit,
1550 3337 1606 3387 et
1630 3331 1828 3387 nullus
1860 3330 2119 3401 litigator

465 3425 657 3495 potest
685 3422 810 3476 sine
841 3421 965 3476 suis
998 3420 1217 3476 chartis
1267 3420 1527 3493 litigare;
1585 3420 1854 3475 similiter
1908 3425 1965 3475 et
2013 3438 2118 3493 ego

466 3512 593 3566 sine
625 3527 754 3565 mea
784 3510 1079 3581 scriptura
1110 3511 1460 3582 respondere
1494 3527 1606 3565 non
1641 3526 1904 3581 possum.

535 3603 679 3655 Auo.
713 3599 893 3654 dixit:
930 3600 1106 3654 Istam
1140 3600 1675 3671 tergiversationem
1710 3604 1871 3653 tanto
1889 3598 2117 3655 dierum

470 3689 660 3761 spatio
692 3687 1050 3760 excogitasti,
1096 3705 1223 3759 quae
1247 3694 1301 3742 te
1319 3688 1377 3743 in
1404 3706 1581 3743 causa
1606 3688 1829 3760 perdita
1852 3694 1909 3743 et
1928 3704 2122 3743 errore

470 3776 752 3846 sacrilego
780 3776 918 3847 quid
949 3778 1305 3848 respondeas
1327 3794 1441 3831 non
1490 3778 1805 3832 habentem
1847 3778 2123 3847 adjuvare

471 3865 617 3921 nihil
652 3865 876 3937 poterit.
910 3865 1121 3920 Notum
1155 3870 1243 3920 est
1265 3865 1419 3920 enim
1444 3865 1717 3920 omnibus
1739 3866 1837 3936 qui
1858 3866 2121 3935 aderant,

471 3971 617 4027 quos
634 3954 806 4009 etiam
824 3971 981 4008 nunc
997 3954 1201 4009 adesse
1219 3955 1463 4025 video,te
1483 3954 1709 4009 dierum
1732 3958 1957 4008 tantum
1977 3953 2122 4009 dila-

468 4042 687 4099 tionem
706 4042 1241 4114 petiisse:debuisse
1264 4047 1456 4097 autem
1473 4047 1664 4114 petere
1680 4043 1854 4097 etiam
1869 4044 2119 4109 codices,

468 4132 702 4204 quando
734 4131 1073 4186 dilationem
1104 4131 1344 4203 petiisti,
1375 4131 1608 4187 sibiste
1630 4132 1879 4203 putabas
1911 4132 2121 4187 instrui

466 4238 637 4294 posse
667 4222 737 4276 ad
771 4221 1281 4292 respondendum;
1315 4221 1468 4292 quod
1505 4237 1617 4276 non
1648 4220 1856 4276 fecisti.
1890 4222 2032 4276 Novi
2065 4226 2122 4276 te

468 4310 704 4382 petiisse
733 4309 981 4376 codices,
1017 4327 1133 4364 non
1167 4310 1399 4382 quidem
1436 4309 1974 4365 adinstructionem
2002 4310 2120 4365 ins-

469 4399 792 4470 piciendas,
822 4416 1022 4453 verum
1051 4399 1159 4454 hoc
1189 4398 1358 4470 longe
1390 4404 1705 4470 antequam
1762 4404 1984 4471 peteres
2035 4400 2121 4455 di-

468 4486 747 4543 lationem
775 4504 788 4542 :
821 4503 957 4543 cum
987 4504 1120 4543 vero
1151 4486 1493 4543 dilationem
1543 4487 1787 4559 petiisti,
1851 4488 2119 4543 codicum

469 4574 578 4630 tibi
608 4575 1037 4632 reddendorum
1064 4576 1657 4647 etinspiciendorum,
1691 4583 1754 4632 ut
1770 4594 1895 4632 esse
1921 4594 2124 4648 posses

470 4662 830 4732 instructior,
867 4664 1090 4720 nullam
1126 4664 1310 4719 fecisti
1346 4666 1726 4721 mentionem.

547 4753 675 4808 FEL.
709 4752 887 4808 dixit:
912 4754 1077 4808 Modo
1107 4758 1236 4825 peto
1269 4754 1517 4819 codices,
1542 4755 1862 4810 reddantur
1884 4755 2049 4825 mihi,
2069 4761 2125 4811 et

470 4842 639 4897 venio
671 4842 741 4897 ad
772 4846 1067 4897 certamen
1102 4848 1232 4913 post
1262 4843 1541 4912 biduum;
1573 4848 1630 4899 et
1659 4844 1707 4900 si
1729 4844 1917 4901 victus
1941 4846 2121 4915 fuero,

473 4931 627 5004 quod
660 4930 1093 4996 deliberaveris,
1127 4932 1329 4986 subeo.

541 5021 687 5075 Avo.
710 5018 884 5075 dixit:
924 5020 1139 5074 Rudem
1176 5025 1229 5075 te
1260 5019 1316 5073 in
1346 5019 1457 5075 ista
1488 5021 1769 5077 scelerata
1799 5026 1961 5077 secta
2004 5039 2116 5077 non

469 5124 596 5165 esse
620 5109 939 5180 puto,quod
962 5116 1017 5163 et
1041 5109 1257 5164 fateris.
1292 5108 1415 5164 Non
1442 5115 1495 5165 te
1514 5116 1707 5166 autem
1728 5111 1941 5166 habere
1964 5112 2120 5183 quod

467 5198 843 5269 respondeas,
867 5203 923 5252 et
935 5197 983 5253 si
1000 5201 1061 5252 tu
1076 5215 1190 5253 non
1210 5199 1467 5269 fatearis,
1484 5200 1675 5255 omnis
1689 5199 1998 5271 homojam
2037 5201 2119 5255 vi-

467 5287 584 5341 det.
620 5285 733 5341 Sed
766 5286 905 5356 quia
935 5287 1163 5341 codices
1195 5292 1329 5343 tuos
1361 5288 1595 5359 repetis,
1647 5287 1750 5359 qui
1782 5288 1892 5344 sub
1925 5288 2117 5359 sigillo

467 5374 701 5447 publico
724 5374 1157 5441 custodiuntur,
1192 5376 1408 5447 quibus
1440 5376 1720 5448 inspectis
1752 5377 1899 5432 dicis
1917 5382 1971 5432 te
1995 5378 2117 5432 ins-

468 5465 725 5517 tructum
749 5463 941 5517 venire
974 5480 1143 5535 posse
1173 5470 1303 5536 post
1335 5465 1617 5532 biduum;
1652 5464 1797 5519 illud
1821 5466 1971 5536 quod
1994 5467 2117 5537 jam

472 5555 718 5617 constat,
752 5551 997 5622 objectis
1027 5554 1447 5624 quaestionibus
1491 5558 1546 5610 te
1600 5555 1952 5627 respondere
2003 5573 2116 5612 non

473 5640 735 5711 potuisse
766 5640 969 5697 recole.
1432 5646 1441 5671 ³

538 5741 556 5776 ι
586 5737 702 5788 Am.
734 5742 789 5787 et
814 5738 937 5799 Mss,
958 5739 1226 5791 militatus.

2204 1373 2363 1430 Tolle
2395 1379 2591 1431 autem
2624 1374 2849 1431 codices
2880 1378 3031 1445 tuos,
3066 1381 3120 1430 et
3151 1373 3244 1430 dic
3276 1373 3416 1446 quid
3452 1374 3588 1430 inde
3619 1373 3766 1429 velis
3793 1374 3869 1429 ti-

2205 1463 2264 1517 bi
2298 1463 2560 1535 proferri,
2592 1465 2747 1536 quod
2783 1465 2953 1519 modo
2981 1464 3261 1535 inspicias
3294 1469 3351 1519 et
3373 1464 3756 1537 respondeas.

2288 1590 2417 1649 FEL.
2451 1590 2627 1645 dixit:
2654 1592 2869 1645 Omnes
2900 1588 3225 1661 scripturas
3256 1606 3383 1661 qua:
3416 1588 3562 1644 mihi
3619 1588 3871 1645 sublatae

2216 1684 2372 1734 sunt.
2410 1681 2525 1734 Ista
2553 1680 2706 1734 enim
2731 1678 2977 1750 epistola
3010 1678 3397 1733 Fundamenti
3431 1684 3538 1750 est,
3598 1679 3759 1750 quod
3814 1685 3871 1734 et

2215 1767 2506 1823 Sanctitas
2538 1774 2637 1823 tua
2669 1768 2813 1824 bene
2844 1768 2973 1836 scit,
3007 1768 3157 1839 quod
3179 1772 3237 1822 et
3266 1784 3368 1835 ego
3397 1768 3535 1836 dixi,
3570 1770 3711 1839 quia
3740 1768 3875 1839 ipsa

2217 1858 2471 1912 continet
2496 1857 2749 1924 initium,
2788 1858 3047 1912 medium
3079 1865 3134 1911 et
3170 1857 3363 1911 linem.
3396 1856 3791 1928 lpsalegatur,
3818 1864 3874 1911 et

2218 1946 2503 2017 quidquid
2536 1945 2755 2000 malum
2782 1945 3057 2015 objicitur
3087 1945 3197 2017 legi
3231 1961 3390 2010 meae,
3442 1946 3721 2016 probetur
3749 1962 3764 2000 :
3819 1950 3879 1999 et

2219 2050 2363 2105 nego
2394 2034 2575 2100 illam,
2608 2035 2655 2089 si
2716 2034 2958 2105 probata
3020 2034 3235 2089 fuerint
3295 2032 3394 2088 illa
3445 2033 3696 2090 crimina
3737 2050 3870 2105 quae

2219 2121 2577 2193 objiciuntur
2602 2122 2713 2194 legi
2745 2138 2905 2177 meae.

2290 2240 2432 2292 AUG.
2462 2237 2640 2292 dixit:
2674 2235 2959 2303 Quoniam
2993 2236 3192 2309 fateris
3210 2236 3501 2293 hancesse
3521 2235 3861 2308 epistolam,

2218 2326 2318 2382 ubi
2350 2326 2626 2381 doctrinae
2658 2332 2860 2381 vestrae
2892 2325 3149 2393 initium,
3169 2326 3428 2381 medium
3443 2332 3499 2381 et
3519 2326 3656 2382 finis
3682 2326 3873 2381 conti-

2219 2419 2409 2478 netur,
2444 2415 2550 2470 hoc
2581 2414 2814 2469 initium
2848 2431 3023 2486 quam
3056 2415 3133 2469 sit
3160 2415 3535 2493 sacrilegum,
3561 2414 3657 2470 ubi
3684 2415 3879 2470 Deum

2221 2503 2413 2558 dicitis
2446 2520 2738 2576 pugnasse
2768 2509 2969 2559 contra
2998 2509 3229 2576 gentem
3253 2506 3648 2569 tenebrarum,
3670 2508 3730 2559 et
3763 2504 3879 2559 mi-

2221 2593 2443 2648 scuisse
2474 2599 2696 2648 natura:
2722 2593 3054 2647 daemonum
3086 2593 3459 2664 polluendam
3482 2599 3539 2648 et
3575 2592 3881 2666 ligandam

2222 2688 2447 2753 partcm
2470 2700 2659 2749 suam,
2685 2699 2809 2754 quae
2832 2682 2939 2738 hoc
2970 2687 3059 2736 est
3089 2683 3241 2753 quod
3274 2683 3397 2753 ipse
3422 2700 3435 2751 ;
3470 2688 3587 2737 tam
3634 2682 3881 2738 sacrile—

2223 2788 2362 2844 gum
2408 2778 2515 2837 est,
2550 2778 2613 2826 ut
2642 2772 2773 2825 ferri
2806 2771 2901 2826 vix
2959 2773 3031 2826 ab
3079 2772 3455 2827 audientibus
3502 2772 3724 2844 possit:
3769 2772 3885 2827 hoc

2224 2859 2497 2929 objicitur
2527 2861 2715 2931 primo
2748 2866 2914 2916 secta:
2946 2865 3165 2929 vestrae,
3200 2862 3321 2915 sive
3352 2860 3580 2916 initium
3619 2861 3729 2916 hoc
3781 2877 3882 2915 vo-

2225 2964 2341 3013 ces,
2378 2949 2495 3004 sive
2529 2951 2813 3015 medium,
2848 2950 2969 3005 sive
3000 2951 3199 3016 finem,
3234 2967 3348 3005 non
3380 2949 3545 3005 valde
3576 2950 3632 3004 id
3693 2967 3877 3017 curo;

2226 3034 2334 3090 hoc
2364 3041 2557 3090 tamen
2594 3037 2663 3091 de
2704 3038 2811 3092 hac
2843 3036 3109 3107 epistola,
3143 3053 3317 3108 quam
3352 3036 3548 3091 fateris
3593 3052 3724 3091 esse
3757 3036 3887 3091 Ma-

2228 3124 2454 3190 nichtni,
2487 3123 2701 3179 lectum
2722 3140 2845 3179 esse
2880 3142 2990 3180 non
3025 3140 3203 3197 negas
3233 3150 3247 3192 ;
3280 3124 3387 3180 hoc
3410 3124 3888 3196 vobisobjiritur,

2228 3212 2336 3267 hoc
2367 3214 2634 3279 defende,
2670 3213 2716 3267 si
2751 3218 2934 3285 potes,
2971 3219 3032 3268 ut
3061 3214 3133 3268 ad
3165 3212 3278 3267 alia
3333 3214 3661 3269 veniamus.
3719 3215 3887 3269 Unde

2227 3302 2437 3357 iterum
2471 3304 2795 3375 interrogo:
2830 3304 2878 3357 si
2911 3304 3092 3358 Deum
3126 3303 3632 3375 incorruptibilem
3664 3303 3886 3373 colitis,

2229 3392 2366 3463 quid
2398 3392 2449 3446 ei
2505 3407 2708 3446 nocere
2740 3397 2982 3462 poterat,
3038 3392 3233 3447 nescio
3275 3409 3402 3463 qua:
3453 3408 3596 3463 gens
3639 3393 3885 3448 adversa

2233 3496 2411 3552 quam
2447 3480 2720 3553 ﬁngitis?
2769 3480 2827 3535 Si
2870 3480 3013 3535 nihil
3064 3481 3113 3536 ei
3160 3498 3364 3536 nocere
3424 3486 3671 3553 poterat,
3716 3481 3882 3537 nulla

2234 3585 2413 3624 causa
2447 3570 2550 3624 fuit
2582 3586 2763 3640 quare
2803 3575 3025 3641 partem
3058 3587 3227 3625 suam
3269 3578 3493 3626 natura:
3547 3571 3887 3627 daemonum

2233 3660 2658 3714 commisceret.
2717 3658 2776 3713 Si
2836 3664 3029 3714 autem
3088 3676 3294 3715 nocere
3347 3659 3397 3715 ei
3459 3664 3707 3732 poterat,
3772 3678 3885 3716 non

2239 3754 2416 3803 Deum
2451 3748 2949 3819 incorruptibilem
2983 3748 3194 3804 colitis.

2308 3864 2539 3919 CAPUT
2581 3864 2653 3918 lI.
2704 3895 2773 3904 —
2804 3864 2932 3919 FEL.
2961 3864 3132 3920 dixit:
3157 3864 3511 3920 Manichmus
3561 3865 3708 3921 dicit
3738 3867 3887 3921 duas

2240 3970 2365 4009 esse
2388 3958 2646 4020 naturas,
2681 3953 3068 4008 etmodoinde
3091 3952 3381 4025 culpatur,
3416 3955 3716 4025 quiadixit
3736 3956 3883 4010 duas

2235 4043 2604 4113 esse,bonam
2623 4047 2678 4097 et
2697 4041 3208 4098 malam.Christus
3226 4041 3281 4096 in
3300 4043 3608 4114 Evangelio
3632 4045 3782 4099 duas
3798 4045 3881 4098 di-

2235 4132 2314 4187 cit
2334 4148 2462 4187 esse
2478 4133 2743 4186 arbores:
2768 4132 2947 4187 Arbor
2986 4132 3122 4187 bona
3156 4149 3438 4203 nunquam
3472 4135 3609 4204 facit
3637 4135 3884 4203 fructum

2232 4220 2469 4287 malum,
2500 4230 2551 4276 et
2580 4221 2745 4276 arbor
2772 4221 2921 4276 mala
2948 4238 3232 4292 nunquam
3258 4223 3397 4295 facit
3414 4225 3663 4293 fructum
3688 4223 3887 4278 bonum

2233 4309 2441 4378 (Matth.
2466 4326 2564 4376 vn,
2593 4310 2701 4380 17).
2730 4310 2869 4364 Ecce
2892 4309 3038 4365 duas
3064 4316 3324 4365 naturas.
3361 4310 3578 4365 Deinde
3612 4312 3670 4365 in
3706 4313 3887 4367 Evan-

2232 4397 2382 4471 gelio
2402 4398 2685 4470 scriptum
2708 4403 2798 4453 est
2820 4415 2832 4453 :
2858 4399 3135 4470 Numquid
3161 4401 3365 4455 bonum
3383 4415 3567 4455 semen
3587 4402 3888 4456 seminasti

2233 4490 2289 4542 in
2312 4504 2444 4557 agro
2462 4488 2488 4542 ‘?
2517 4488 2662 4544 Unde
2674 4488 3325 4559 apparueruntzizania?
3341 4491 3733 4546 Hocinimicus
3754 4492 3884 4561 fecit

2232 4576 2332 4647 (Id.
2352 4577 2572 4645 x111,27,
2595 4577 2708 4648 28).
2734 4577 2847 4631 lste
2868 4576 3139 4631 inimicus
3158 4577 3207 4631 si
3232 4594 3345 4633 non
3382 4584 3473 4633 est
3515 4584 3829 4636 extraneus
3852 4596 3885 4633 a

2233 4665 2370 4733 Deo,
2396 4666 2672 4737 probetur
2690 4664 2934 4720 mihi:si
2978 4666 3047 4720 ad
3092 4670 3273 4720 Deum
3320 4666 3570 4738 pertinet
3606 4668 3882 4725 inimicus

2232 4754 2361 4819 iste,
2383 4753 2554 4825 quale
2580 4769 2783 4808 semen
2809 4754 3144 4809 seminavit?
3170 4755 3309 4810 Item
3328 4755 3387 4810 in
3404 4756 3714 4829 Evangelio
3740 4759 3882 4814 scri-

2234 4846 2400 4914 ptum
2431 4846 2539 4909 est,
2563 4841 2791 4897 Christo
2810 4842 3197 4915 dicente,quia
3218 4844 3277 4898 in
3301 4845 3639 4902 novissimis
3656 4852 3881 4919 tempo-

2233 4931 2396 4987 ribus
2427 4930 2705 4986 tbronum
2741 4932 2799 4985 in
2840 4932 3031 4988 medio
3082 4932 3292 4988 saeculo
3339 4938 3533 5004 ponet,
3585 4942 3642 4991 et
3691 4938 3885 4992 mittet

2235 5018 2481 5091 Angelos
2512 5037 2651 5075 suos
2674 5021 2732 5075 in
2759 5020 3040 5076 orientem
3066 5026 3122 5075 et
3141 5023 3884 5096 occidentem,septentrio-

2233 5126 2365 5165 nem
2389 5115 2446 5165 et
2472 5109 2799 5175 meridiem,
2822 5116 2879 5165 et
2900 5112 3277 5183 congregabit
3303 5129 3505 5168 omncs
3523 5118 3729 5186 gentes
3752 5120 3885 5171 ante

2232 5214 2316 5265 se,
2339 5203 2396 5254 et
2416 5198 2712 5271 separabit
2737 5198 2887 5265 illos,
2912 5200 3063 5255 sicut
3090 5205 3289 5271 pastor
3308 5206 3564 5271 Lseparat
3587 5219 3772 5275 agnos
3812 5206 3883 5260 ab

2232 5286 2435 5344 haedis.
2468 5290 2533 5343 Et
2556 5292 2619 5342 ut
2639 5289 3017 5360 compendive
3040 5290 3253 5353 dicam.
3278 5290 3446 5362 agnis
3495 5290 3676 5349 dicet:
3714 5296 3795 5349 Ite
3826 5296 3887 5348 in

2228 5394 2451 5448 regnum
2470 5378 2611 5449 quod
2631 5379 2779 5433 vobis
2802 5381 3061 5449 paratum
3081 5384 3163 5433 est
3185 5379 3252 5434 ab
3280 5381 3497 5448 origine
3514 5381 3735 5437 mundi.
3752 5382 3880 5438 Haa-

2230 5466 2319 5521 dis
2348 5467 2517 5533 dicet,
2550 5466 2649 5538 qui
2685 5467 2743 5521 in
2775 5467 3014 5522 sinistra
3052 5472 3215 5539 parte
3255 5472 3424 5523 sunt:
3461 5469 3705 5526 Recedite
3727 5488 3882 5539 ame,

2228 5558 2326 5629 qui
2346 5558 2563 5627 operati
2587 5558 2716 5611 estis
2738 5558 3122 5626 iniquitatem:
3147 5573 3356 5612 nomen
3381 5557 3537 5613 enim
3562 5575 3758 5615 meum
3784 5560 3883 5617 ha-

2227 5644 2565 5714 buistis,sed
2582 5660 2613 5700 ο
2623 5661 2760 5716 pera
2792 5660 2907 5699 non
2928 5645 3142 5700 fecistis
3171 5670 3185 5712 ;
3212 5647 3285 5701 ite
3305 5647 3365 5699 in
3387 5647 3572 5715 ignem
3590 5657 3875 5717 aeternum,

2225 5737 2320 5805 qui
2332 5741 2563 5805 paratus
2602 5733 2911 5791 estdiaboto
2943 5735 3229 5804 etangelis
3268 5735 3389 5807 ejus
3409 5735 3874 5811 (ld.xxv.31-4l).
