4094 6470
126 373 248 434 549

126 520 243 561 non
276 505 349 560 de
376 503 575 582 aliqua
621 520 680 560 re
729 520 905 576 quam
952 502 1078 576 ipse
1127 521 1242 560 non
1291 505 1520 574 fecerat,
1574 505 1676 561 sed
1707 520 1775 559 ex

125 593 337 650 nihilo.

196 684 332 739 Ρη.
366 683 485 739 dixi
514 700 526 739 :
549 683 697 755 Ergo
720 700 833 738 non
858 682 967 737 hoc
989 683 1164 737 dixit:
1191 684 1291 739 sed
1323 683 1605 754 dixi,quia
1626 683 1781 737 Deus

125 772 522 828 immutabilis
553 778 661 842 est,
695 776 752 826 ct
779 772 929 843 quod
962 772 1164 843 genuit
1191 772 1557 827 immutabile
1583 776 1690 836 est,
1726 774 1783 825 et

125 862 285 934 quod
314 861 449 917 fecit
470 860 837 916 immutabile
863 861 1103 916 est.Non
1129 860 1427 931 dixi,unde
1449 859 1593 915 illud
1617 858 1779 915 fecit:

125 967 246 1007 non
278 950 390 1006 hoc
421 950 684 1021 quaesivi,
719 950 874 1004 unde
908 949 1122 1004 fecerit.

198 1042 352 1096 AUG.
377 1039 522 1094 dixit
541 1056 555 1094 :
575 1039 683 1094 Sed
708 1055 741 1093 a
764 1054 856 1093 me
879 1038 1094 1093 audisti
1119 1039 1272 1109 quod
1297 1055 1411 1093 non
1432 1036 1786 1110 quaesisti,ut

119 1131 252 1202 jam
269 1128 570 1185 desineres
594 1127 775 1183 stulta
796 1126 1366 1199 loqui.0mnipotens
1386 1128 1538 1183 Deus
1558 1134 1614 1182 et
1634 1126 1704 1181 de
1724 1141 1787 1181 se

130 1217 328 1289 potuit
358 1232 657 1289 generare,
691 1220 748 1271 et
779 1233 850 1271 ne
882 1215 1065 1271 nihilo
1097 1216 1305 1286 facere,
1338 1220 1395 1270 et
1435 1232 1503 1270 ex
1534 1232 1600 1270 eo
1632 1213 1786 1286 quod

138 1307 271 1377 jam
293 1305 752 1377 fecerat,aliquid
777 1306 1023 1361 formare
1050 1322 1064 1359 :
1089 1306 1158 1361 de
1181 1321 1243 1360 se
1269 1304 1477 1359 Filium
1503 1305 1788 1375 aequalem

131 1395 280 1461 sibi;
308 1396 379 1450 de
402 1394 899 1465 nihilo,mundum
927 1399 983 1449 et
1002 1394 1335 1449 universam
1359 1398 1791 1459 creaturam;ex

134 1484 438 1556 aliquo,de
460 1488 614 1538 terra
628 1483 924 1538 hominem
943 1508 956 1549 ;
973 1483 1111 1555 quia
1126 1482 1499 1554 omnipotens
1514 1481 1787 1544 est.0uod

132 1590 274 1646 ergo
298 1573 369 1628 de
391 1588 454 1630 se
480 1573 608 1644 ipso
625 1572 922 1643 est,pollui
955 1588 1253 1642 nunquam
1286 1571 1791 1643 potest,quomodo

133 1679 247 1718 nec
279 1663 405 1731 ipse
432 1678 443 1717 :
478 1662 629 1732 quod
657 1665 851 1715 autem
874 1661 944 1715 ab
968 1660 1066 1715 illo
1091 1662 1307 1715 factum
1327 1664 1553 1726 est,non
1579 1660 1648 1713 de
1672 1658 1791 1725 illo,

136 1757 195 1809 et
225 1749 410 1823 pollui
445 1754 634 1822 potest
668 1766 768 1820 per
796 1748 1044 1803 liberum
1078 1748 1405 1813 arbitrium,
1439 1753 1495 1803 et
1524 1746 1794 1802 mundari

138 1857 246 1913 per
264 1839 454 1911 ipsius
471 1838 1405 1904 misericordiam,condemnando
1420 1838 1573 1908 quod
1597 1852 1796 1908 pecca-

140 1931 247 1995 vit,
273 1934 331 1984 et
363 1928 731 1999 agnoscendo
762 1927 859 1998 qui
885 1944 1018 1981 eum
1044 1928 1241 1982 cravit.
1265 1927 1346 1981 Tu
1370 1943 1503 1981 vero
1526 1926 1623 1997 qui
1650 1942 1795 1996 pau-

140 2019 198 2074 lo
233 2021 371 2072 ante
394 2017 590 2073 dixisti
617 2015 753 2087 quia
779 2015 875 2085 qui
903 2015 1003 2070 Dei
1028 2020 1248 2087 partem
1285 2014 1719 2087 corruptibilem
1743 2016 1801 2068 et

142 2105 666 2163 contaminabilem
692 2104 1333 2174 dicit,anathemandus
1353 2110 1680 2176 est,negare
1703 2120 1801 2159 au-

143 2200 266 2252 tem
295 2212 410 2251 non
439 2198 600 2265 potes
631 2194 1015 2250 Manicheum
1045 2193 1258 2249 dixisse
1280 2194 1433 2266 quod
1458 2210 1591 2265 pars
1618 2192 1717 2247 Dei
1741 2193 1799 2247 in

144 2289 321 2357 gente
342 2284 715 2339 tenebrarum
745 2283 1169 2355 comprehensa
1188 2287 1362 2353 atque
1388 2282 1610 2354 polluta
1633 2286 1803 2347 est,et

143 2373 237 2429 bis
274 2390 408 2429 eum
440 2374 632 2428 verbis
664 2372 1105 2444 blasphemasse
1136 2375 1395 2444 apparet,
1430 2370 1513 2426 ita
1544 2376 1606 2425 ut
1637 2372 1804 2443 pejus

143 2462 559 2534 blasphemare
586 2463 730 2517 forte
752 2478 867 2517 non
897 2466 1093 2534 posset
1117 2478 1129 2528 ;
1163 2465 1266 2515 aut
1291 2459 1605 2515 anathema
1634 2458 1801 2515 illum

139 2550 291 2607 talia
324 2552 635 2621 dicentem,
665 2554 766 2605 aut
794 2555 854 2606 tu
880 2566 1012 2605 cum
1039 2549 1138 2605 illo
1164 2548 1632 2605 anathemandus
1665 2565 1726 2604 es
1749 2552 1808 2603 et

144 2640 543 2711 abjiciendus.

222 2728 462 2786 CAPUT
486 2728 598 2785 XX.
625 2761 690 2770 —
711 2730 840 2785 FEL.
875 2728 1019 2783 dixit
1058 2746 1071 2784 :
1115 2726 1471 2783 Manichacus
1500 2726 1639 2782 dicit
1670 2725 1808 2798 quia

150 2819 387 2892 polluta
418 2823 507 2873 est
536 2835 672 2890 pars
709 2818 834 2885 Dei;
867 2822 923 2873 et
948 2816 1215 2872 Christus
1247 2816 1387 2871 dicit
1418 2815 1556 2888 quia
1586 2815 1809 2887 polluta

155 2913 253 2965 est
282 2907 500 2977 anima,
532 2912 589 2962 et
616 2906 771 2961 venit
799 2906 1043 2961 liberare
1072 2904 1233 2960 illam
1265 2909 1335 2960 de
1366 2904 1706 2977 pollutione.

229 3002 379 3051 Avo.
414 2995 558 3050 dixit
586 2995 729 3051 :Sed
756 2995 952 3049 anima
977 3010 1091 3048 non
1122 2998 1212 3049 est
1237 3011 1369 3064 pars
1399 2994 1664 3049 Dei.Nam
1682 2994 1806 3063 jam

154 3090 218 3141 tu
254 3084 559 3140 confessus
582 3101 643 3139 es
666 3083 804 3154 quia
830 3082 1187 3138 Manichaaus
1212 3082 1359 3136 dixit
1380 3082 1660 3153 pollutam
1686 3099 1810 3153 par-

154 3180 277 3230 tem
310 3173 408 3229 Dei
448 3191 462 3240 ;
497 3190 605 3228 nos
634 3178 829 3228 autem
865 3171 1147 3242 pollutam
1181 3170 1434 3226 dicimus
1465 3170 1723 3225 animam
1743 3187 1811 3226 ex

154 3262 459 3319 voluntate
490 3264 709 3335 peccati
734 3280 750 3327 ;
782 3278 897 3316 non
920 3276 1049 3316 esse
1078 3263 1273 3315 autem
1298 3259 1555 3314 animam
1586 3262 1809 3327 partem

156 3352 409 3420 Dei,non
443 3351 513 3406 de
538 3352 648 3406 Deo
672 3349 1059 3423 genitam,sed
1086 3365 1120 3404 a
1148 3348 1262 3403 Deo
1298 3349 1529 3403 factam.
1555 3348 1649 3403 Sic
1675 3363 1811 3420 ergo

152 3441 390 3498 Dicitur
409 3439 607 3495 anima
627 3456 695 3495 ex
722 3441 1151 3510 Deo,quomodo
1175 3437 1389 3514 dicitur
1405 3438 1640 3509 aliquod
1666 3454 1815 3509 opus

157 3531 314 3585 fubri
344 3547 412 3585 ex
439 3529 683 3585 artificio
704 3530 852 3599 ejus,
874 3528 959 3583 vel
982 3544 1049 3583 ex
1070 3528 1195 3599 ipso
1220 3527 1459 3593 factum,
1481 3543 1594 3582 non
1617 3532 1813 3581 tamen

160 3621 236 3675 de
271 3620 399 3692 ipso
422 3618 867 3691 genitum,sicut
894 3616 1054 3673 ﬁlius
1075 3618 1220 3687 ejus.
1247 3617 1331 3671 Tu
1367 3632 1502 3688 ergo
1532 3615 1667 3684 quia
1687 3616 1813 3685 jam

160 3710 472 3763 confessus
495 3723 555 3762 cs
588 3705 970 3761 Manichaaum
991 3704 1208 3760 dixisse
1240 3704 1418 3776 pollui
1451 3708 1671 3774 partem
1694 3703 1814 3769 Dei,

162 3803 223 3853 et
238 3796 598 3869 jamdudum
616 3794 813 3851 dixisti
833 3793 1328 3849 anathemandum
1348 3791 1447 3864 qui
1468 3791 1607 3847 dicit
1626 3808 1819 3847 corru-

165 3885 434 3959 ptibilem
474 3883 562 3940 vel
603 3883 1117 3940 contaminabilem
1170 3883 1368 3951 Deum,
1418 3880 1504 3936 vel
1545 3884 1817 3936 naturam

167 3976 450 4048 ejus,jam
473 3972 1047 4044 anathemasti,quod
1072 3988 1185 4027 non
1217 3972 1303 4027 vis
1325 3970 1637 4026 fateri.Hoc
1662 3970 1819 4025 enim

171 4063 331 4134 quod
364 4061 586 4126 dixisti,
611 4060 749 4132 quia
778 4059 1058 4132 polluitur
1087 4068 1142 4116 et
1173 4059 1313 4131 quia
1343 4060 1681 4127 mundatur,
1714 4059 1822 4115 hoc

165 4153 370 4226 ipsum
402 4151 556 4222 quod
586 4149 756 4217 dicis,
789 4149 1119 4217 Mundatur,
1154 4149 1485 4221 expressisti
1533 4148 1671 4220 quia
1700 4147 1822 4219 pol-

170 4242 365 4297 luitur
388 4266 403 4308 ;
426 4244 479 4295 et
510 4257 626 4295 non
649 4239 830 4294 habes
855 4239 1006 4293 unde
1038 4239 1244 4294 evedas
1271 4255 1283 4294 :
1309 4243 1365 4293 et
1394 4237 1751 4293 Manichzeus
1779 4240 1820 4305 ί,

167 4337 228 4389 et
252 4337 315 4385 tu
348 4329 545 4384 dixisti
577 4328 715 4401 quia
745 4326 1029 4400 polluitur
1057 4344 1191 4399 pars
1220 4327 1344 4382 Dei.
1377 4328 1703 4381 Anathema
1733 4343 1823 4382 er-

170 4436 245 4494 go
280 4418 688 4485 Manicheum,
722 4420 824 4472 aut
867 4415 1336 4472 anathemandus
1369 4432 1430 4471 es
1474 4432 1607 4470 cum
1640 4415 1826 4471 Mani-

174 4510 358 4566 chao.

247 4599 377 4653 Fu.
424 4596 616 4652 dixit:
678 4596 794 4667 Ego
844 4611 959 4650 non
1012 4610 1045 4649 a
1094 4592 1415 4648 Manichaao
1463 4592 1640 4648 didici
1690 4592 1828 4663 quia

179 4687 403 4759 pollula
431 4692 519 4742 est
540 4702 675 4757 pars
706 4685 805 4740 Dei
828 4703 840 4753 ;
861 4686 958 4740 sed
986 4701 1019 4738 a
1045 4682 1272 4738 Christo
1296 4682 1471 4737 didici
1494 4682 1632 4753 quia
1661 4698 1829 4753 prop-

172 4782 269 4833 ter
298 4774 555 4831 animam
587 4773 742 4829 venit
773 4790 898 4844 quae
932 4771 1152 4843 polluta
1185 4777 1328 4827 erat.

244 4867 392 4920 Anc.
426 4864 575 4919 dixit
608 4865 690 4919 :A
721 4862 951 4919 Christo
978 4877 1096 4916 non
1129 4858 1386 4915 didicisti
1440 4860 1579 4933 quia
1630 4859 1829 4915 anima

173 4971 317 5028 pars
350 4954 447 5009 Dei
479 4956 592 5009 est.

251 5041 383 5097 FEL.
419 5040 563 5095 dixit
595 5054 609 5095 :
642 5040 689 5094 A
716 5038 943 5095 Christo
976 5036 1153 5093 didici
1185 5036 1323 5108 quia
1354 5035 1550 5092 anima
1589 5053 1657 5092 ex
1715 5038 1826 5092 Deo

177 5134 293 5189 est.

247 5222 396 5275 Λυσι.
430 5218 577 5273 dixit
610 5234 621 5273 :
654 5217 725 5272 Et
754 5232 861 5272 nos
891 5213 1202 5270 didicimus
1234 5212 1369 5285 quia
1398 5213 1592 5269 anima
1615 5229 1682 5269 ex
1712 5212 1829 5269 Deo

168 5309 395 5377 est,sed
420 5324 533 5362 non
560 5311 651 5362 est
673 5322 807 5378 pars
828 5304 946 5360 Dei.
973 5304 1066 5359 Sic
1089 5308 1178 5359 est
1205 5303 1361 5359 enim
1388 5302 1584 5357 anima
1600 5320 1669 5357 ex
1693 5308 1827 5371 Deo,

170 5397 468 5471 quomodo
501 5396 726 5451 factura
751 5412 819 5450 ex
848 5394 1071 5449 artifice
1098 5410 1111 5462 ;
1158 5408 1269 5447 non
1303 5391 1373 5446 de
1407 5396 1538 5459 Deo,
1575 5391 1727 5446 sicut
1757 5390 1830 5445 ti-

173 5487 299 5544 lius
329 5487 402 5542 de
432 5490 618 5558 patre.

244 5714 263 5749 ί
298 5711 382 5761 Er.
414 5708 596 5774 Lugd.
613 5706 812 5774 etven,
834 5704 973 5755 unde
993 5704 1177 5756 evadat
1196 5703 1526 5774 Manicheum
1548 5704 1693 5763 Lov.,
1715 5714 1831 5753 eva-

177 5776 279 5827 das
292 5788 315 5839 ,'
345 5766 523 5838 abest;
547 5772 599 5822 et
616 5766 945 5822 laniem.
1228 5767 1299 5817 Μ.

1478 372 1709 434 LIBER
1752 370 2182 433 SECUNDUS.

3410 380 3529 443 550

1956 503 2085 558 FEL.
2120 503 2263 557 dixit
2296 521 2308 560 :
2336 508 2411 560 De
2441 504 2759 575 pollutione
2790 507 3019 579 agimus
3056 527 3069 565 :
3111 508 3157 565 si
3192 509 3412 581 polluta
3441 516 3531 567 est

1881 593 2078 647 anima
2108 608 2232 663 quae
2266 608 2332 647 ex
2364 592 2477 647 Dco
2510 599 2618 663 est,
2641 600 2695 648 et
2725 600 2914 666 potest
2946 598 3178 669 purgari
3215 616 3248 653 a
3277 598 3526 660 Christo,

1883 681 1983 751 qui
2017 697 2118 752 pro
2150 680 2251 735 illa
2270 682 2461 747 venit;
2495 687 2551 737 et
2573 682 2670 736 illa
2694 701 2826 754 pars
2848 684 2946 739 Dei
2969 702 3144 756 quam
3175 688 3529 743 Manichacus

1884 768 2043 839 dicit,
2060 768 2242 841 pollui
2270 774 2462 842 potest
2483 776 2537 827 et
2555 772 2824 828 mundari
2847 791 2949 845 per
2979 778 3319 833 mandatum
3341 776 3530 849 ipsius

1890 857 2006 912 Dei.

1962 952 2102 1003 Avo.
2123 946 2264 1001 dixit
2289 948 2459 1003 :Ecce
2484 948 2695 1004 iterum
2719 950 2864 1006 dicis
2889 955 3106 1022 partem
3121 953 3220 1009 Dei
3246 956 3530 1026 pollutam

1890 1036 2217 1108 purgari,et
2246 1036 2419 1108 paulo
2451 1042 2583 1092 ante
2615 1038 2842 1095 dixeras
2876 1040 3373 1099 anathemandum
3404 1062 3534 1102 esse

1889 1125 1989 1196 qui
2022 1123 2181 1180 illam
2213 1126 2355 1181 dicit
2381 1127 2815 1198 corruptibilem
2842 1145 2856 1184 ε
2885 1130 3054 1184 modo
3084 1131 3229 1186 dicis
3251 1133 3391 1203 quia
3410 1132 3535 1205 pol-

1889 1212 1972 1268 lui
2006 1213 2195 1285 potuit
2223 1218 2315 1280 ;et
2341 1214 2486 1270 dicis
2519 1215 2658 1286 quia
2681 1217 2951 1272 mundari
2982 1223 3191 1290 potest,
3228 1226 3290 1275 ut
3320 1223 3535 1277 conﬁr-

1891 1318 2015 1357 mes
2047 1302 2185 1373 quia
2232 1301 2412 1375 pollui
2456 1305 2661 1375 potuit.
2700 1306 2813 1360 IIoc
2854 1323 2958 1362 nos
2994 1309 3063 1362 de
3096 1313 3257 1380 parte
3289 1310 3382 1365 Dei
3420 1328 3535 1367 non

1892 1392 2191 1447 dicimus:
2226 1392 2325 1447 sed
2376 1393 2445 1446 de
2491 1394 2686 1448 anima
2736 1394 3023 1461 dicimus;
3070 1397 3209 1467 quia
3256 1403 3537 1470 tanquam

1894 1497 2040 1552 opus
2070 1482 2198 1550 ejus
2233 1497 2299 1536 ex
2328 1481 2454 1552 ipso
2485 1487 2713 1551 est,non
2745 1488 3026 1555 tanquam
3066 1486 3253 1555 proles
3287 1489 3359 1543 de
3388 1489 3537 1560 ipso.

1896 1570 2039 1625 Redi
2069 1586 2205 1641 ergo
2237 1571 2306 1624 ad
2339 1570 2396 1624 id
2431 1572 2582 1641 quod
2617 1572 2782 1632 dicis.
2807 1583 2859 1627 et
2898 1573 3161 1630 discerne
3192 1578 3343 1646 quod
3394 1578 3542 1633 dici-

1898 1675 2052 1713 mus.
2076 1658 2277 1713 Anima
2312 1675 2416 1714 nec
2452 1664 2597 1714 Deus
2622 1665 2729 1726 est,
2764 1678 2868 1715 nec
2900 1679 3033 1733 pars
3067 1664 3187 1731 Dei,
3224 1666 3307 1720 Tu
3342 1675 3538 1722 autem

1900 1747 2283 1803 Manichaaum
2317 1747 2462 1802 dicis
2494 1749 2708 1803 dixisse
2740 1749 2918 1820 pollui
2952 1756 3173 1821 partem
3208 1754 3325 1821 Dei,
3364 1772 3541 1825 quam

1901 1837 2043 1891 dicit
2076 1836 2337 1908 purgari,
2371 1842 2433 1891 ut
2480 1838 2781 1893 confirmet
2827 1839 2963 1910 quia
3010 1840 3308 1911 polluitur.
3344 1843 3546 1899 Restat

1902 1942 2039 1998 ergo
2072 1930 2137 1980 ut
2166 1942 2299 1981 eum
2333 1925 2696 1993 anathemes,
2737 1932 2837 1982 aut
2878 1927 2989 1984 ista
3018 1930 3273 1988 sentiens
3305 1932 3551 1988 anathe-

1904 2032 2103 2070 mBI‘IS.

1974 2102 2203 2159 CAPUT
2234 2103 2377 2158 XXI.
2411 2135 2478 2145 —
2520 2104 2647 2159 FEL.
2681 2105 2827 2161 dixit
2857 2124 2870 2162 :
2915 2108 3232 2165 Pertineret
3261 2111 3330 2165 ad
3367 2112 3545 2166 Deum

1904 2194 2101 2249 anima
2131 2210 2255 2264 quae
2290 2210 2389 2265 per
2421 2198 2722 2265 peccatum
2754 2196 3130 2267 coinquinata
3158 2204 3265 2269 est,
3291 2217 3363 2255 an
3388 2217 3501 2255 non
3520 2201 3548 2257 ?

1974 2285 2121 2338 Avo.
2158 2283 2300 2337 dixit
2334 2299 2347 2338 :
2378 2283 2655 2349 Pertinet,
2689 2286 2787 2339 sed
2822 2303 2932 2340 non
2966 2292 3053 2341 est
3082 2304 3217 2359 pars
3247 2290 3393 2360 ejus.

1978 2374 2104 2428 FEL.
2140 2371 2285 2426 dixit
2322 2389 2334 2426 :
2370 2371 2493 2425 Non
2526 2371 2634 2427 hoc
2660 2372 3031 2445 interrogavi.

1975 2464 2120 2516 AUG.
2156 2460 2338 2515 dixit:
2372 2461 2441 2514 Et
2474 2461 2613 2531 quid
2648 2461 3017 2534 interrogasti
3048 2466 3075 2518 ‘l

1980 2551 2104 2605 FEL.
2144 2549 2287 2609 dixit
2319 2566 2331 2604 :
2369 2548 2619 2604 Pertinet
2650 2551 2721 2605 ad
2753 2551 2958 2623 Deum,
2993 2570 3064 2608 an
3098 2570 3211 2608 non
3243 2555 3494 2626 pertinet
3521 2554 3550 2611 7

1977 2642 2129 2694 AUG.
2163 2638 2307 2693 dixit
2340 2655 2351 2693 :
2383 2638 2515 2693 Jam
2547 2639 2687 2708 dixi,
2733 2644 2789 2695 et
2823 2641 2959 2711 quia
3007 2643 3278 2714 pertinet,
3320 2649 3377 2699 et
3404 2661 3547 2716 quo-

1910 2729 2081 2784 modo
2115 2727 2379 2797 pertinet.

1985 2819 2108 2871 PBL.
2144 2817 2260 2871 dixi
2297 2834 2310 2871 :
2346 2816 2460 2888 Ego
2493 2833 2687 2887 quaero
2722 2822 2914 2873 utrum
2952 2835 3079 2874 vere
3109 2824 3197 2875 est
3227 2837 3296 2875 ex
3324 2821 3460 2877 Deo.

1978 2909 2123 2961 Avo.
2158 2905 2304 2960 dixit
2340 2924 2353 2961 :
2388 2906 2468 2959 Ex
2496 2905 2633 2973 Deo,
2668 2923 2782 2961 non
2814 2908 2885 2961 de
2916 2907 3051 2963 Deo.

1984 2996 2112 3050 FEL.
2147 2994 2293 3049 dixit
2324 3010 2336 3048 :
2373 2994 2432 3049 Si
2480 2994 2624 3048 nihil
2657 3000 2958 3067 peccatum
2991 3001 3097 3067 est,
3130 3003 3186 3052 et
3232 2998 3429 3054 anima
3487 3014 3557 3055 ex

1912 3084 2026 3140 Deo
2044 3090 2214 3154 est,et
2239 3084 2458 3155 polluta
2474 3089 2581 3151 est,
2598 3089 2654 3139 et
2679 3085 2838 3140 venit
2854 3084 3119 3141 Christus
3137 3087 3384 3143 liberare
3404 3105 3558 3155 eam,

1912 3178 1968 3230 et
1997 3190 2123 3229 eam
2158 3172 2423 3227 liberavit
2452 3189 2485 3227 a
2526 3178 2782 3244 peccato,
2841 3175 2978 3245 quid
3033 3174 3340 3246 culpamus
3373 3178 3560 3234 Mani-

1913 3262 2159 3331 chaaum,
2186 3262 2284 3333 qui
2318 3260 2458 3316 dicit
2488 3266 2713 3333 partem
2747 3262 2847 3318 Dei
2880 3262 3159 3335 pollutam
3188 3280 3337 3332 esse,
3359 3268 3417 3321 et
3446 3265 3559 3320 ite-

1914 3368 2043 3407 rum
2078 3350 2347 3406 mundari
2377 3350 2405 3405 ‘I

1983 3442 2110 3495 Auo
2138 3439 2327 3494 dixit:
2362 3438 2508 3504 Quia
2552 3438 2669 3509 iam
2720 3440 3022 3497 confessus
3064 3458 3126 3497 es
3170 3439 3555 3497 Manichaeum

1914 3530 2130 3585 dixisse
2161 3533 2383 3600 partem
2416 3528 2512 3583 Dei
2546 3544 2672 3582 esse
2704 3529 3079 3599 pollutam,et
3108 3531 3253 3585 dicis
3284 3547 3397 3585 non
3430 3545 3559 3586 esse

1916 3623 2215 3690 peccatum
2250 3616 2425 3672 talem
2467 3616 2887 3685 blasphemiam
2914 3618 2970 3673 in
2997 3618 3177 3673 Deum
3213 3618 3509 3675 effundere
3545 3633 3560 3675 :

1920 3724 2026 3763 nos
2057 3712 2249 3761 autem
2282 3705 2536 3761 dicimus
2585 3706 2823 3776 quidem
2858 3722 3131 3778 peccasse
3175 3706 3433 3762 animam
3461 3723 3565 3779 per

1917 3795 2166 3850 liberum
2199 3794 2527 3862 arbitrium,
2548 3801 2603 3848 et
2634 3795 2961 3865 paenitendo
2994 3796 3229 3868 purgari
3261 3813 3362 3867 per
3390 3795 3565 3852 mise-

1920 3884 2229 3940 ricordiam
2260 3884 2545 3939 Creatoris
2576 3884 2701 3951 sui;
2735 3884 2873 3955 quia
2913 3901 3028 3939 non
3068 3890 3157 3940 est
3193 3902 3261 3940 ex
3285 3890 3397 3941 Deo
3430 3890 3565 3941 tan-

1920 3978 2201 4044 tanquam
2226 3989 2359 4043 pars
2381 3972 2627 4043 ejus,vel
2651 3976 2930 4043 tanquam
2954 3972 3143 4044 proles
3165 3974 3291 4043 ejus
3317 3990 3330 4041 ;
3373 3974 3473 4029 sed
3496 3990 3566 4029 ex

1922 4063 2038 4119 Deo
2070 4060 2155 4117 vel
2182 4066 2339 4117 aDeo
2373 4061 2522 4115 facta
2552 4065 2947 4132 est,tanquam
2979 4079 3125 4133 opus
3157 4064 3282 4134 ejus
3310 4079 3323 4117 :
3349 4062 3446 4134 qui
3470 4062 3562 4117 in-

1924 4151 2090 4207 tersit
2113 4151 2261 4205 inter
2276 4155 2537 4205 nostram
2564 4151 2735 4204 ﬁdem
2760 4156 2814 4204 et
2836 4155 3087 4205 vestram
3111 4151 3564 4222 perﬁdiam,om-

1925 4239 2097 4295 nibus
2128 4239 2502 4293 manifestum
2536 4242 2641 4292 est.
2680 4238 2879 4309 Itaque
2909 4239 3231 4293 secundum
3259 4239 3435 4294 verba
3458 4243 3564 4295 tua

1926 4329 2249 4400 superiora,
2273 4328 2411 4398 quia
2433 4326 2768 4382 concessisti
2792 4328 3285 4382 anathemandum
3310 4343 3443 4382 eum
3468 4326 3572 4400 qui

1926 4418 2067 4473 dicit
2096 4414 2530 4488 corruptibilem
2555 4420 2821 4470 naturam
2850 4416 3132 4487 Dei,quod
3160 4421 3216 4471 et
3236 4416 3427 4472 dicere
3449 4434 3574 4472 ma-

1926 4508 2201 4562 nifestum
2235 4508 2342 4571 est,
2376 4502 2513 4575 quia
2541 4504 2779 4558 noluisti
2804 4508 2867 4559 ut
2896 4508 3050 4560 esset
3080 4522 3113 4560 a
3142 4508 3197 4561 te
3228 4506 3572 4563 anathema-

1927 4601 2043 4661 tus,
2077 4594 2191 4649 eris
2222 4609 2355 4648 cum
2391 4591 2488 4646 illo
2520 4591 2951 4647 anathematus.

1998 4682 2224 4739 CAPUT
2254 4682 2419 4736 XXII.
2466 4711 2521 4721 --
2549 4684 2688 4736 Post
2711 4682 2831 4736 haec
2858 4698 2992 4738 cum
3022 4682 3225 4738 multis
3254 4682 3445 4739 verbis
3477 4682 3573 4738 in-

1927 4778 2015 4829 ter
2044 4788 2105 4827 se
2136 4776 2373 4843 agerent
2408 4787 2419 4825 :

1998 4863 2126 4917 FEL.
2158 4861 2304 4916 dixit
2338 4877 2350 4915 :
2380 4859 2484 4914 Dic
2508 4860 2633 4930 jam
2664 4863 2751 4926 tu,
2783 4860 2924 4931 quid
2954 4859 3041 4915 vis
3072 4860 3279 4916 faciam
3310 4860 3337 4915 ?

1997 4952 2143 5007 AUG.
2172 4948 2352 5004 dixit:
2378 4948 2451 5003 Ut
2468 4949 2807 5004 anathemes
2830 4948 3412 5019 Manicheum,cujus
3439 4951 3580 5005 sunt

1928 5045 2101 5097 tantae
2126 5040 2249 5093 istae
2285 5037 2686 5109 blasphemiae.
2711 5038 2819 5093 Sed
2854 5037 2902 5092 si
2925 5055 2993 5093 ex
3022 5038 3218 5093 animo
3243 5038 3405 5103 facis,
3438 5041 3577 5093 tunc

1929 5131 2052 5198 fac;
2084 5146 2252 5184 nemo
2283 5126 2437 5182 enim
2465 5132 2520 5183 te
2551 5127 2707 5199 cogit
2741 5126 3003 5181 invitum.

2006 5220 2127 5273 FEL.
2149 5216 2293 5271 dixit
2317 5232 2330 5271 :
2354 5216 2508 5271 Deus
2527 5214 2682 5270 videt
2699 5216 2744 5271 si
2770 5232 2837 5270 ex
2857 5216 3052 5270 animo
3076 5214 3253 5282 facio;
3280 5232 3391 5271 non
3416 5214 3572 5272 enim

1930 5306 2105 5362 homo
2137 5308 2325 5378 potest
2353 5305 2545 5360 videre
2568 5322 2580 5360 :
2608 5305 2707 5359 sed
2731 5304 2837 5359 hoc
2870 5309 3022 5375 peto,
3046 5308 3107 5358 ut
3127 5303 3432 5360 conﬁrmes
3456 5320 3569 5361 me.

2000 5397 2146 5450 AUG.
2179 5394 2325 5449 dixit
2358 5411 2371 5449 :
2410 5395 2470 5448 In
2502 5409 2616 5464 quo
2647 5394 2731 5447 vis
2763 5396 2825 5445 ut
2847 5395 2904 5446 te
2933 5392 3249 5447 conﬁrnem
3280 5392 3308 5447 ‘2

2001 5484 2131 5540 FEL.
2166 5483 2310 5538 dixit
2342 5498 2355 5537 :
2390 5482 2552 5537 Prior
2582 5486 2642 5536 tu
2676 5480 3007 5545 anathema,
3056 5484 3121 5536 ut
3150 5485 3207 5536 et
3239 5497 3343 5553 ego
3374 5484 3577 5553 postea

1932 5573 2323 5629 anathemem.

1999 5663 2145 5719 Auo.
2191 5659 2335 5717 dixit
2366 5675 2379 5714 :
2414 5660 2555 5715 Ecce
2593 5656 2768 5713 etiam
2814 5673 2996 5713 manu
3026 5674 3157 5716 mea
3187 5659 3414 5726 scribo;
3447 5656 3577 5713 volo

1930 5751 2088 5810 enim
2122 5754 2188 5807 ut
2213 5752 2271 5807 et
2298 5753 2364 5807 tu
2393 5763 2572 5806 manu
2603 5749 2706 5804 tua
2734 5745 2989 5805 scribas.
