4094 6482
108 378 222 439 553

108 527 276 581 posse
334 511 600 580 perduci.
637 511 916 568 Fatentur
962 511 1117 567 enim
1168 529 1339 568 omne
1384 513 1602 568 bonum
1655 529 1770 568 non

107 616 234 656 esse
264 617 462 672 posse,
491 600 606 656 nisi
642 618 675 656 a
723 619 959 657 summo
991 606 1048 656 et
1077 618 1210 657 vero
1262 603 1371 658 Deo
1407 603 1560 674 quod
1593 607 1648 657 et
1682 619 1770 656 ve.

108 706 240 745 rum
272 695 386 758 est,
421 695 477 746 et
509 691 578 745 ad
613 708 709 746 eos
744 691 1141 763 corrigendos,
1166 692 1214 747 si
1245 691 1423 747 velint
1451 693 1766 759 advertere,

109 778 350 833 sufficit.

179 868 413 925 CAPUT
445 868 540 923 III.
590 900 658 908 —
706 867 913 935 Modus,
952 871 1156 940 species
1202 873 1254 924 et
1299 870 1439 924 ordo
1486 867 1768 939 generalia

109 957 252 1012 bona
283 960 343 1012 in
375 958 540 1013 rebus
569 976 604 1013 α
637 962 748 1013 Deo
769 957 957 1031 factis.
982 958 1096 1014 Nos
1121 959 1277 1013 enim
1311 956 1576 1013 catholici
1599 955 1758 1011 Chri-

110 1047 286 1102 stiani
322 1046 508 1102 Deum
542 1044 812 1114 colimus,
848 1065 881 1103 a
913 1065 1026 1120 quo
1057 1047 1255 1103 omnia
1282 1048 1434 1103 bona
1465 1050 1622 1116 sunt,
1655 1061 1756 1101 seu

112 1151 328 1208 magna
351 1151 452 1191 seu
481 1153 658 1208 parva
683 1161 697 1206 ;
729 1153 763 1191 a
793 1152 908 1208 quo
939 1141 1029 1192 est
1061 1136 1254 1192 omnis
1278 1137 1623 1205 modus,seu
1645 1151 1760 1190 ma-

108 1241 262 1297 gnus
295 1242 397 1282 seu
432 1242 644 1297 parvus
671 1250 684 1293 ;
709 1242 744 1281 a
772 1242 887 1297 quo
919 1226 1111 1281 omnis
1137 1226 1380 1298 species,
1413 1241 1516 1281 seu
1549 1241 1762 1297 magna

107 1331 208 1370 seu
225 1331 430 1386 parva;
456 1332 490 1370 a
509 1331 623 1387 quo
641 1316 834 1371 omnis
849 1315 1121 1383 ordo,seu
1145 1331 1394 1387 magnus
1408 1331 1507 1371 seu
1523 1330 1756 1387 parvus.

108 1401 320 1458 Omnia
351 1403 506 1458 enim
540 1408 759 1475 quanto
793 1404 982 1476 magis
1014 1403 1332 1472 moderata,
1366 1404 1650 1476 speciosa,
1674 1419 1760 1458 or-

107 1491 308 1547 dinata
338 1497 498 1558 sunt,
520 1497 684 1548 tanto
716 1493 901 1564 magis
933 1493 1134 1564 utique
1156 1494 1309 1549 bona
1341 1499 1479 1549 sunt
1505 1511 1518 1550 :
1544 1496 1761 1564 quanto

108 1586 304 1636 autem
338 1581 532 1636 minus
560 1582 880 1648 moderata,
906 1583 1103 1638 minus
1134 1582 1417 1655 speciosa,
1451 1586 1647 1637 minus
1670 1598 1761 1637 or-

108 1671 309 1726 dinata
343 1676 501 1737 sunt,
535 1672 732 1726 minus
749 1671 902 1726 bona
934 1677 1093 1726 sunt.
1120 1672 1249 1726 Haec
1273 1673 1468 1743 itaque
1491 1673 1761 1740 tria,mo-

107 1761 242 1828 dus,
275 1761 500 1832 species
531 1766 585 1816 et
606 1760 766 1829 ordo,
785 1765 847 1815 ut
869 1762 938 1816 de
964 1761 1494 1816 innumerabilibus
1514 1766 1759 1831 taceam,

108 1867 235 1921 quae
268 1851 338 1906 ad
374 1851 488 1906 ista
519 1850 632 1905 tria
661 1850 950 1922 pertinere
1000 1855 1403 1907 monstrantur
1430 1869 1442 1918 ;
1476 1850 1597 1905 haec
1626 1866 1760 1922 ergo

105 1940 240 2009 tria,
274 1940 504 2010 modus,
535 1939 778 2011 species,
798 1940 961 2006 ordo,
983 1943 1262 2011 tanquam
1295 1939 1585 2012 generalia
1609 1940 1763 1995 bona

109 2033 257 2084 sunt
302 2029 361 2082 in
390 2029 563 2084 rebus
593 2045 626 2083 a
655 2027 770 2084 Deo
819 2028 1007 2097 factis,
1043 2029 1161 2084 sive
1192 2029 1251 2083 in
1287 2028 1520 2100 spiritu,
1554 2027 1671 2083 sive
1700 2027 1760 2082 in

107 2133 368 2189 corpore.
387 2117 539 2173 Deus
555 2116 750 2188 itaque
769 2133 948 2188 supra
965 2133 1196 2172 omnem
1217 2122 1493 2173 creaturae
1521 2117 1761 2172 modum

107 2214 293 2273 est,su
305 2223 407 2278 pra
437 2223 670 2262 omnem
694 2206 972 2278 speciem,
993 2223 1171 2278 supra
1193 2223 1426 2262 omnem
1448 2206 1712 2261 ordinem
1745 2220 1758 2259 :

111 2311 218 2351 nec
250 2295 457 2367 spatiis
483 2295 742 2351 locorum
768 2312 947 2367 supra
975 2300 1082 2365 est,
1108 2296 1208 2350 sed
1240 2295 1520 2350 ineffabili
1552 2300 1609 2350 et
1637 2295 1763 2350 sin-

109 2384 300 2457 gulari
319 2385 600 2457 potentia,
621 2403 654 2440 a
685 2401 800 2456 quo
824 2384 1017 2440 omnis
1045 2385 1279 2452 modus,
1300 2385 1493 2440 omnis
1519 2384 1762 2456 species,

107 2474 302 2530 omnis
334 2475 496 2530 ordo.
529 2474 658 2529 Haec
683 2474 792 2529 tria
820 2473 916 2529 ubi
950 2490 1163 2546 magna
1194 2479 1350 2542 sunt,
1380 2490 1592 2546 magna
1613 2474 1766 2528 bona

107 2569 252 2620 sunt
286 2581 299 2620 :
337 2564 435 2618 ubi
469 2580 646 2636 parva
675 2568 830 2633 sunt,
866 2580 1040 2635 parva
1072 2564 1221 2618 bona
1253 2566 1392 2618 sunt
1424 2580 1437 2618 :
1474 2561 1571 2617 ubi
1603 2561 1765 2616 nulla

107 2657 270 2723 sunt,
305 2652 532 2708 nullum
589 2653 800 2707 bonum
839 2659 946 2708 est.
998 2654 1067 2707 Et
1097 2669 1303 2708 rursus
1357 2652 1453 2706 ubi
1502 2651 1623 2706 haec
1654 2650 1765 2707 tria

111 2759 328 2815 magna
356 2747 515 2807 sunt,
547 2759 770 2814 magna;
803 2746 1023 2796 naturae
1048 2745 1186 2796 sunt
1219 2757 1231 2795 :
1267 2740 1365 2796 ubi
1398 2758 1573 2812 parva
1604 2745 1762 2812 sunt,

110 2849 303 2904 parvae
345 2836 564 2886 naturae
614 2837 751 2886 sunt
784 2848 796 2886 :
833 2831 931 2886 ubi
965 2830 1124 2886 nulla
1155 2835 1314 2900 sunt,
1349 2829 1510 2886 nulla
1555 2833 1766 2886 natura

111 2926 220 2977 est.
255 2921 458 2978 Omnis
490 2937 624 2993 ergo
657 2924 867 2976 natura
897 2920 1050 2975 bona
1080 2924 1186 2976 est.

184 3029 419 3086 CAPUT
453 3028 545 3086 IV.
575 3057 646 3069 -—-
685 3027 882 3082 Malum
911 3031 987 3083 est
1037 3029 1313 3098 corruptio
1360 3028 1537 3092 modi,
1569 3028 1768 3098 speciei

108 3126 208 3173 aut
238 3116 466 3173 ordinis.
504 3115 749 3171 Proinde
771 3131 904 3171 cum
933 3116 1216 3187 quaeritur
1235 3116 1389 3172 unde
1420 3117 1497 3171 sit
1518 3116 1762 3185 malum,

109 3206 279 3279 prius
310 3206 688 3278 querendum
726 3209 816 3260 est
846 3205 987 3275 quid
1022 3205 1098 3260 sit
1126 3205 1349 3260 malum
1383 3222 1396 3260 ε
1429 3206 1584 3276 quod
1617 3206 1763 3262 nihil

113 3295 276 3352 aliud
309 3300 400 3351 est
425 3312 604 3366 quam
636 3294 950 3364 corruptio,
972 3293 1059 3348 vel
1091 3293 1271 3362 modi,
1297 3293 1384 3349 vel
1410 3294 1644 3366 speciei,
1676 3293 1765 3351 vel

111 3384 342 3441 ordinis
374 3382 676 3438 naturalis.
713 3383 863 3438 Mala
903 3383 1097 3454 itaque
1131 3389 1340 3439 natura
1368 3383 1602 3454 dicitur,
1637 3401 1764 3455 qua

111 3477 392 3546 corrupta
421 3478 510 3528 est
541 3489 553 3528 :
590 3489 724 3528 nam
752 3471 1089 3543 incorrupta
1113 3472 1312 3544 utique
1345 3473 1496 3529 bona
1525 3477 1631 3530 est.
1653 3474 1762 3529 Sed

112 3565 294 3620 etiam
326 3561 456 3634 ipsa
486 3567 781 3632 corrupta,
817 3561 874 3616 in
906 3566 1192 3632 quantum
1235 3567 1443 3617 natura
1472 3568 1580 3629 est,
1611 3564 1765 3619 bona

112 3658 238 3722 est;
273 3653 330 3707 in
366 3656 651 3723 quantum
681 3656 952 3723 corrupta
982 3657 1089 3719 est,
1125 3652 1278 3706 mala
1305 3656 1414 3707 est.

186 3759 419 3817 CAPUT
451 3760 517 3813 V.
550 3790 617 3799 —
648 3761 862 3813 Natura
910 3759 1313 3814 excellentioris
1349 3759 1570 3814 ordinis
1597 3761 1765 3814 etiam

113 3858 376 3920 corrupta
404 3849 597 3903 melior
626 3847 900 3902 interdum
931 3847 1197 3919 inferiore
1223 3850 1391 3902 etiam
1420 3849 1760 3920 incorrupta.

119 3940 269 3996 Fieri
301 3943 496 3994 autem
519 3942 721 4008 potest,
743 3942 806 3991 ut
835 3937 1100 4008 quaedam
1136 3941 1341 3992 natura
1363 3955 1489 4009 quae
1520 3939 1689 3993 modo
1711 3942 1767 3993 et

117 4029 315 4102 specie
346 4025 598 4083 naturali
619 4026 992 4081 excellentius
1009 4027 1276 4081 ordinata
1307 4032 1416 4090 est,
1438 4027 1615 4082 etiam
1641 4044 1764 4082 cor-

119 4123 299 4191 rupta
330 4117 537 4172 melior
567 4116 644 4170 sit
673 4115 863 4170 adhuc
884 4132 1059 4185 quam
1087 4121 1177 4171 est
1207 4115 1544 4187 incorrupta
1566 4117 1766 4184 altera,

121 4225 253 4281 quae
273 4206 497 4262 minore
518 4204 688 4259 modo
702 4204 962 4276 etspecie
979 4203 1228 4259 naturali
1244 4205 1484 4260 inferius
1503 4206 1772 4261 ordinata

119 4303 212 4354 est
241 4314 255 4351 :
290 4296 444 4352 sicut
462 4294 518 4350 in
539 4293 842 4349 hominum
861 4294 1262 4364 aestimatione,
1289 4294 1608 4350 secundum
1629 4312 1771 4365 qua-

123 4387 356 4442 litatem
389 4401 514 4454 quae
563 4383 896 4454 aspectibus
927 4384 1171 4454 adjacet,
1203 4384 1414 4439 melius
1462 4390 1549 4440 est
1579 4383 1775 4454 utique

124 4483 465 4546 corruptum
490 4489 720 4542 aurum,
737 4490 914 4544 quam
936 4473 1335 4544 incorruptum
1355 4478 1661 4545 argentum
1684 4491 1697 4540 ;
1722 4477 1779 4528 et

127 4564 343 4622 melius
366 4568 454 4620 est
474 4567 812 4634 corruptum
831 4567 1343 4634 argentum,quam
1368 4562 1676 4634 plumbum
1695 4563 1780 4616 in-

127 4658 494 4725 corruptum.
512 4653 605 4707 Sic
628 4657 684 4706 et
700 4652 756 4705 in
781 4650 1006 4706 naturis
1024 4650 1447 4722 polentioribus
1470 4657 1642 4722 atque
1662 4649 1781 4722 spi-

129 4742 450 4800 ritualibus
497 4741 703 4797 melior
731 4745 821 4795 est
853 4741 1030 4795 etiam
1079 4745 1386 4811 corruptus
1426 4757 1529 4812 per
1568 4739 1781 4794 malam

128 4832 493 4889 voluntatem
513 4831 754 4902 spiritus
775 4828 1093 4897 rationalis,
1119 4845 1295 4899 quam
1318 4828 1674 4885 irrationalis
1695 4828 1785 4883 in-

133 4927 456 4993 corruptus
489 4939 502 4976 :
538 4927 592 4974 et
646 4918 850 4974 melior
895 4923 984 4973 est
1031 4918 1272 4989 quilibet
1319 4919 1560 4990 spiritus
1613 4918 1787 4973 etiam

134 5015 475 5082 corruptus,
529 5025 704 5080 quam
755 5024 965 5079 corpus
1014 5006 1314 5078 quodlibet
1361 5008 1787 5079 incorruptum.

139 5100 352 5157 Melior
366 5105 454 5154 est
476 5098 630 5153 enim
657 5102 886 5165 natura,
911 5114 1033 5165 quae
1053 5113 1183 5151 cum
1207 5103 1413 5168 praesto
1436 5101 1524 5151 est
1544 5096 1791 5168 corpori,

140 5189 366 5261 praebet
387 5187 435 5242 ei
465 5186 666 5250 vitam,
695 5203 866 5257 quam
894 5185 992 5240 illa
1013 5185 1106 5240 cui
1131 5184 1246 5240 vita
1269 5186 1574 5256 praebetur.
1604 5186 1795 5249 Quan-

138 5277 423 5334 tumlibet
443 5283 636 5332 autem
656 5280 961 5346 corruptus
984 5275 1061 5330 sit
1078 5274 1319 5346 spiritus
1338 5275 1466 5330 vitae
1490 5276 1588 5347 qui
1613 5276 1800 5330 factus

139 5372 256 5433 est,
291 5366 472 5421 vitam
501 5365 755 5436 praebere
787 5365 1012 5436 corpori
1046 5369 1235 5436 potest
1267 5381 1280 5419 :
1319 5381 1383 5418 ac
1415 5381 1515 5437 per
1545 5365 1650 5420 hoc
1681 5380 1802 5420 me-

140 5459 258 5514 lior
287 5455 389 5511 illo
419 5460 527 5520 est,
564 5454 831 5526 quamvis
863 5454 1218 5525 incorrupto,
1252 5459 1580 5525 corruptus.

217 5544 460 5602 CAPUT
492 5544 585 5598 Vl.
620 5574 687 5584 —-
715 5544 983 5599 Naturam
1013 5558 1139 5613 quw
1167 5545 1451 5615 corrumpi
1477 5561 1588 5597 non
1615 5547 1807 5614 potest,

139 5653 430 5695 summum
481 5635 719 5694 bonum;
750 5649 870 5704 qua:
918 5635 1112 5704 potest,
1167 5632 1389 5704 aliquod
1438 5633 1636 5688 bonum
1679 5648 1808 5688 esse.

142 5732 326 5786 Corru
335 5725 454 5800 ptio
469 5727 668 5782 autem
683 5722 732 5779 si
756 5737 989 5778 omnem
1011 5723 1140 5779 mod
1153 5740 1248 5780 um
1259 5739 1514 5794 ,omnem
1533 5721 1810 5796 speciem,

478 5855 747 5916 PATROL.
791 5849 970 5913 XLII.

1567 378 1800 440 LIBER
1845 379 2080 440 UNIIS.

3403 389 3521 449 554

1883 527 2115 568 onmem
2149 514 2410 571 ordinem
2431 517 2605 573 rebus
2636 518 3115 590 corruptibilibus
3133 519 3373 591 auferat,
3395 519 3526 575 nul-

1879 600 1934 654 la
1965 607 2175 658 natura
2198 605 2540 661 remanebit.
2577 613 2654 661 Ac
2677 624 2778 679 per
2808 608 2916 663 hoc
2946 607 3137 664 omnis
3169 612 3379 663 natura
3400 625 3528 679 quae

1879 692 2174 763 corrumpi
2226 710 2338 748 non
2395 699 2605 765 potest,
2639 711 2941 751 summum
2973 697 3192 751 bonum
3236 702 3344 765 est,
3379 696 3530 751 sicut

1883 779 2030 834 Deus
2070 789 2178 837 est.
2213 781 2416 838 Omnis
2461 788 2654 838 autem
2689 789 2897 839 natura
2939 801 3062 853 quas
3096 785 3389 856 corrumpi
3425 800 3527 856 po-

1876 872 2012 936 test,
2046 870 2218 925 eliam
2250 871 2379 942 ipsa
2400 871 2635 943 aliquod
2669 873 2886 931 bonum
2919 879 3174 929 est:non
3204 874 3359 929 enim
3390 889 3524 946 pos-

1873 960 1962 1012 set
1986 958 2036 1013 ei
2070 975 2276 1016 nocere
2297 961 2617 1033 corruptio,
2643 962 2756 1018 nisi
2788 962 3098 1018 adimendo
3119 967 3174 1018 et
3204 962 3522 1018 minuendo

1872 1047 2025 1119 quod
2060 1048 2278 1105 bonum
2309 1055 2416 1106 est.

1942 1136 2173 1194 CAPUT
2202 1138 2321 1196 VII.
2355 1171 2421 1182 —
2473 1139 2848 1196 Rationalium
2894 1142 3195 1212 spirituum
3241 1140 3523 1212 corruptio

1873 1225 1986 1282 alia
2016 1228 2349 1301 voluntaria,
2381 1230 2501 1285 alia
2548 1231 2797 1301 poenalis.
2832 1230 3122 1285 Creaturis
3153 1233 3348 1285 autem
3381 1246 3522 1301 pras-

1873 1316 2270 1388 stantissimis,
2319 1318 2428 1375 hoc
2458 1322 2580 1389 fest,
2614 1318 2996 1374 rationalibus
3040 1319 3364 1391 spiritibus,
3416 1319 3525 1376 hoc

1874 1406 2145 1476 praestitit
2176 1412 2347 1475 Deus,
2381 1413 2446 1462 ut
2476 1409 2523 1464 si
2557 1407 2763 1476 nolint,
2790 1408 3084 1479 corrumpi
3112 1425 3227 1464 non
3261 1408 3524 1480 possint;

1874 1493 1930 1548 id
1959 1498 2068 1562 est,
2102 1494 2150 1550 si
2194 1496 2585 1552 obedientiam
2637 1497 3106 1552 conservaverint
3136 1498 3246 1551 sub
3277 1496 3526 1554 Domino

1874 1583 1989 1638 Deo
2033 1601 2161 1650 suo,
2193 1600 2260 1639 ac
2309 1585 2393 1640 sic
2439 1585 2872 1658 incorruptibili
2921 1585 3346 1658 pulchritudini
3395 1587 3524 1657 ejus

1876 1671 2303 1729 adhaeserintzsi
2331 1679 2526 1729 autem
2550 1675 2935 1730 obedientiam
2957 1690 3297 1729 conservare
3327 1675 3524 1730 nolue-

1874 1761 2008 1830 rint,
2045 1763 2321 1833 quoniam
2367 1762 2622 1818 volentes
2669 1768 3126 1834 corrumpuntur
3152 1762 3213 1817 in
3245 1763 3518 1834 peccatis,

1873 1850 2136 1908 nolentes
2159 1853 2684 1924 corrumpanturin
2700 1853 3043 1925 poenis.Tale
3061 1852 3276 1923 quippe
3301 1853 3520 1908 bonum

1874 1945 1962 1996 est
1990 1941 2165 2009 Deus,
2197 1946 2258 1996 ut
2290 1941 2508 1996 nemini
2552 1958 2686 1997 eum
2720 1943 3008 1997 deserenti
3037 1941 3184 1996 bene
3217 1940 3294 1996 sit
3328 1959 3340 1996 :
3373 1945 3430 1996 et
3459 1941 3520 1997 in

1874 2031 2049 2086 rebus
2080 2047 2113 2085 a
2147 2035 2255 2086 Deo
2289 2030 2455 2086 factis
2487 2035 2606 2086 tam
2639 2047 2920 2103 magnum
2953 2031 3171 2086 bonum
3195 2034 3283 2084 est
3313 2035 3523 2086 natura

1874 2119 2198 2188 rationalis,
2232 2123 2297 2175 ut
2326 2119 2552 2175 nullum
2586 2119 2663 2176 sit
2715 2122 2932 2175 bonum
2966 2136 3080 2190 quo
3112 2119 3277 2174 beata
3306 2119 3381 2174 sit
3411 2118 3523 2175 nisi

1873 2208 2047 2264 Deus.
2063 2209 2372 2264 Peccantes
2395 2209 2573 2281 igitur
2593 2209 2652 2264 in
2677 2208 2984 2281 suppliciis
3007 2208 3524 2280 ordinanturzquaa

1879 2297 2166 2353 ordinatio
2199 2297 2337 2368 quia
2387 2314 2588 2354 eorum
2641 2303 2859 2353 natura;
2905 2315 3019 2353 non
3070 2299 3364 2367 competit,
3397 2297 3526 2352 ideo

1877 2403 2044 2458 poena
2067 2392 2184 2453 est;
2207 2387 2306 2442 sed
2332 2387 2471 2457 quia
2491 2385 2676 2459 culpas
2702 2387 2998 2459 competit,
3024 2386 3400 2457 ideojustitia
3416 2390 3522 2442 est.

1946 2492 2176 2548 CAPUT
2210 2493 2349 2548 VIII.
2383 2524 2451 2534 —
2478 2494 2563 2548 Ea:
2603 2509 2787 2548 rerum
2830 2494 3158 2564 inferiorum
3182 2494 3530 2563 corruptione

1874 2582 2185 2653 ac;interitu
2199 2582 2557 2653 pulchritudo
2570 2583 2834 2637 universi.
2855 2586 3068 2637 Caetera
3085 2599 3216 2637 vero
3239 2598 3364 2652 quae
3387 2583 3526 2635 sunt

1876 2671 2027 2725 facta
2050 2671 2120 2726 de
2152 2670 2355 2741 nihilo,
2375 2687 2502 2742 quas
2529 2670 2730 2742 utique
2759 2671 3033 2726 inferiora
3055 2676 3192 2725 sunt
3213 2687 3389 2741 quam
3408 2668 3524 2740 spi-

1875 2761 2028 2815 ritus
2059 2759 2380 2831 rationalis,
2401 2776 2504 2814 nec
2523 2761 2690 2816 beata
2723 2765 2969 2832 possunt
2991 2777 3139 2825 esse,
3164 2775 3268 2814 nec
3286 2758 3521 2814 misera.

1877 2850 1988 2906 Sed
2020 2850 2158 2921 quia
2187 2865 2289 2920 pro
2330 2849 2500 2904 modo
2533 2853 2586 2904 et
2636 2849 2825 2919 specie
2854 2865 2961 2904 sua
3005 2847 3177 2904 etiam
3212 2849 3339 2919 ipsa
3371 2847 3525 2903 bona

1877 2943 2035 3006 sunt,
2060 2954 2164 2994 nec
2185 2954 2314 2993 esse
2336 2937 2601 3009 quamvis
2622 2937 2850 2993 minora
2870 2942 2928 2992 et
2950 2937 3195 2991 minima
3221 2937 3391 3002 bona,
3407 2933 3522 2990 nisi

1876 3045 1910 3084 a
1937 3043 2169 3083 summo
2203 3029 2351 3082 bono
2372 3027 2488 3082 Deo
2514 3030 2848 3098 potuerunt,
2870 3027 2955 3082 sic
2987 3027 3258 3081 ordinata
3278 3029 3435 3088 sunt,
3462 3027 3529 3079 ut

1875 3118 2086 3173 cedant
2116 3116 2440 3171 inﬁrmiora
2473 3115 2856 3182 firmioribus,
2875 3120 2933 3170 et
2963 3114 3308 3170 invalidiora
3333 3112 3530 3169 fortio-

1876 3206 2060 3276 ribus,
2094 3210 2150 3261 et
2179 3203 2592 3276 impotenliora
2622 3205 3071 3276 potentioribus,
3104 3208 3274 3272 atque
3305 3203 3386 3257 ita
3415 3219 3530 3258 caa-

1874 3295 2118 3352 lestibus
2140 3299 2371 3350 terrena
2391 3297 2748 3350 concordent
2771 3298 3048 3363 tanquam
3065 3291 3531 3364 pracellentibus

1877 3384 2138 3440 subdita.
2174 3382 2263 3438 Fit
2297 3388 2494 3438 autem
2545 3382 2959 3437 decedentibus
2989 3387 3045 3436 et
3084 3380 3530 3436 succedentibus

1875 3473 2048 3529 rebus
2069 3470 2409 3542 temporalis
2431 3471 2699 3542 quaedam
2720 3471 2776 3524 in
2792 3487 2897 3526 suo
2911 3485 3118 3541 genere
3133 3468 3527 3541 pulchritudo,

1875 3566 1939 3619 ut
1969 3578 2072 3617 nec
2105 3561 2232 3632 ipsa
2263 3577 2388 3631 quas
2416 3559 2766 3624 moriuntur,
2792 3558 2879 3614 vel
2913 3560 3066 3630 quod
3099 3563 3263 3613 erant
3279 3573 3405 3614 esse
3428 3558 3523 3613 de-

1873 3653 2095 3718 sinunt,
2128 3653 2366 3721 turpent
2397 3652 2499 3702 aut
2544 3648 2782 3703 turbent
2813 3647 3053 3702 modum
3087 3651 3143 3701 et
3183 3645 3434 3717 speciem
3467 3649 3525 3701 et

1873 3741 2135 3797 ordinem
2192 3737 2474 3792 universae
2533 3742 2811 3791 creaturae
2867 3753 2880 3791 :
2932 3736 3085 3791 sicut
3132 3752 3322 3790 sermo
3378 3736 3522 3791 bene

1875 3828 2234 3900 compositus
2267 3827 2470 3897 utique
2500 3825 2742 3897 pulcher
2770 3830 2877 3890 est,
2909 3825 3177 3897 quamvis
3219 3824 3276 3879 in
3309 3841 3374 3879 eo
3405 3823 3521 3897 syl-

1871 3919 2017 3993 labis
2049 3921 2221 3987 atque
2253 3931 2456 3970 omnes
2496 3914 2623 3970 soni
2656 3919 2932 3985 tanquam
2965 3915 3256 3969 nascendo
3301 3918 3359 3968 et
3389 3930 3520 3970 mo-

1874 4008 2073 4064 riendo
2103 4008 2526 4061 transcurrant.

1946 4095 2174 4153 CAPUT
2207 4093 2296 4148 1X.
2334 4123 2402 4133 —-
2429 4095 2598 4148 Poena
2625 4093 2872 4163 peccanti
2900 4095 3140 4159 naturae,
3172 4095 3232 4146 ut
3262 4100 3403 4146 recte
3432 4107 3526 4146 or-

1877 4186 2119 4253 dinetur,
2136 4181 2661 4248 constituta.0ualis
2682 4188 2876 4237 autem
2901 4187 2957 4236 et
2975 4187 3193 4253 quanta
3215 4198 3382 4253 plena
3400 4181 3523 4236 cui-

1883 4292 1995 4347 que
2015 4274 2198 4345 culpaa
2219 4272 2514 4335 debeatur,
2545 4271 2722 4326 divini
2743 4271 2944 4341 iudicii
2968 4277 3075 4340 est,
3102 4288 3215 4325 non
3240 4268 3482 4325 humani
3509 4284 3525 4325 :

1884 4383 2010 4438 quas
2033 4363 2234 4435 utique
2264 4366 2319 4416 et
2351 4377 2483 4415 cura
2516 4361 2807 4415 conversis
2832 4360 3166 4427 remittitur,
3201 4376 3411 4430 magna
3441 4363 3532 4415 est

1885 4452 2118 4510 bonitas
2152 4453 2306 4515 apud
2331 4450 2548 4516 Deum;
2582 4454 2638 4503 et
2667 4465 2799 4503 cum
2831 4449 3028 4504 debita
3059 4448 3344 4514 redditur,
3369 4447 3533 4505 nulla

1887 4548 1975 4600 est
2001 4542 2282 4612 iniquitas
2325 4539 2475 4610 apud
2521 4539 2749 4594 Deum:
2788 4539 2924 4608 quia
2974 4537 3183 4593 melius
3231 4537 3535 4594 ordinatur

1891 4638 2118 4701 natura,
2143 4630 2378 4700 utjuste
2400 4627 2590 4683 doleat
2608 4627 2667 4681 in
2689 4644 2754 4682 su
2767 4626 3192 4698 pplicio,vquam
3216 4633 3281 4681 ut
3298 4628 3536 4698 impune

1891 4723 2139 4794 gaudeat
2159 4721 2218 4773 in
2237 4716 2632 4789 peccato.Quas
2657 4722 2846 4772 tamen
2869 4717 3044 4771 etiam
3068 4717 3150 4771 sic
3164 4717 3381 4772 habens
3398 4732 3539 4771 non-

1894 4807 2121 4864 nullum
2148 4806 2386 4861 modum
2402 4809 2456 4860 et
2469 4805 2721 4876 speciem
2735 4810 2792 4859 et
2806 4805 3156 4872 ordinem,in
3172 4818 3540 4877 quacumque

1896 4897 2261 4956 extremitate
2292 4894 2483 4949 adhuc
2515 4892 2749 4965 aliquod
2775 4894 2994 4948 bonum
3029 4899 3153 4949 est:
3179 4910 3303 4965 qua:
3335 4892 3383 4947 si
3417 4891 3562 4946 om-~

1899 4989 2035 5044 nino
2085 4984 2486 5053 detrahantur,
2537 4984 2586 5040 ei
2639 4983 2869 5055 penitus
2919 4986 3365 5048 consumantur,
3416 4981 3545 5035 ideo

1902 5077 2129 5133 nullum
2165 5076 2383 5130 bonum
2424 5073 2552 5139 erit,
2587 5073 2726 5145 quia
2759 5072 2920 5127 nulla
2962 5077 3169 5127 natura
3199 5069 3546 5125 remanebit.

1975 5183 2203 5241 CAPUT
2231 5182 2295 5236 X.
2329 5212 2398 5221 —
2426 5183 2652 5237 Natura’
2681 5179 3079 5249 corruptibiles,
3110 5179 3238 5250 quia
3277 5194 3344 5232 ex
3374 5175 3552 5231 nihilo

1906 5275 2303 5348 [aetw.Omnes
2326 5271 2505 5342 igitur
2520 5280 2652 5325 natu
2664 5286 2735 5323 rce
2760 5267 3298 5339 corruptibiles,nec
3313 5266 3553 5322 omnino

1911 5367 2130 5419 naturai
2163 5365 2375 5428 essent,
2400 5358 2513 5414 nisi
2546 5376 2578 5413 a
2604 5358 2718 5413 Deo
2749 5361 2979 5421 essent;
3013 5371 3115 5409 nec
3145 5353 3555 5425 corruptibiles

1914 5449 2182 5514 essent,si
2207 5451 2276 5504 de
2297 5448 2396 5502 illo
2417 5445 2774 5517 essent,quia
2797 5445 2902 5499 hoc
2917 5445 3069 5516 quod
3093 5444 3217 5515 ipse
3235 5450 3323 5498 est
3340 5447 3558 5498 essent.

1916 5543 2051 5597 Ideo
2073 5555 2206 5611 ergo
2229 5553 2599 5608 quocumque
2620 5535 3188 5605 modo,quacumque
3204 5532 3564 5604 specie,quo-

1920 5646 2166 5700 cumque
2190 5628 2389 5683 ordine
2412 5631 2566 5693 sunt,
2588 5623 2726 5694 quia
2744 5623 2895 5678 Deus
2920 5626 3008 5677 est
3034 5641 3065 5676 a
3088 5639 3202 5693 quo
3227 5623 3388 5678 factae
3403 5624 3563 5677 sunt:

1921 5722 2050 5778 ideo
2067 5722 2262 5776 autem
2285 5732 2400 5774 non
2419 5711 2933 5770 incommutabiles
2963 5717 3123 5782 sunt,
3147 5712 3288 5783 quia
3303 5711 3449 5769 nihil
3479 5713 3569 5768 est

3175 5842 3253 5905 18
