4094 6450
539 363 659 424 555

534 498 692 550 unde
724 495 884 549 facta:
918 495 1074 548 sunt.
1113 491 1407 562 Sacrilega
1431 491 1587 545 enim
1613 491 1858 545 audacia
1887 505 2194 560 coaequan-

531 587 630 639 tur
656 583 800 638 nihil
851 587 907 638 et
948 582 1122 649 Deus,
1157 582 1204 635 si
1237 579 1404 649 quale
1455 585 1545 636 est
1595 579 1739 634 illud
1792 580 1945 650 quod
1978 579 2046 632 de
2078 578 2192 633 Deo

531 676 734 727 natum
763 676 870 740 est,
902 669 1018 726 tale
1073 670 1321 725 velimus
1353 684 1482 724 esse
1509 667 1655 723 illud
1706 668 1860 738 quod
1894 668 1964 722 ab
2007 683 2072 722 eo
2122 667 2192 722 de

533 760 717 816 nihilo
747 761 964 816 factum
997 763 1105 815 est.

604 851 832 906 CAPUT
863 849 952 904 XI.
987 880 1057 890 —-
1098 853 1294 906 Noceri
1324 863 1426 904 nec
1478 849 1582 903 Deo
1609 850 1802 918 potest,
1835 862 1932 901 nec
1960 847 2062 900 alii
2092 863 2190 900 na-

532 942 675 995 turae
705 941 820 994 nisi
864 941 980 1010 ipso
1023 940 1396 1007 permittente.
1439 938 1803 1008 Quapropter
1833 951 1937 990 nec
1970 940 2190 990 naturae

538 1029 638 1085 Dei
666 1028 859 1084 noceri
890 1027 1127 1084 omnino
1151 1031 1360 1098 potest,
1379 1042 1482 1081 nec
1501 1025 1675 1081 alicui
1697 1029 1916 1080 naturae
1939 1024 2048 1079 sub
2075 1024 2192 1079 Deo

546 1117 736 1173 noceri
757 1117 979 1186 injuste
1002 1120 1226 1188 potest:
1249 1116 1386 1187 quia
1417 1119 1473 1169 et
1503 1131 1635 1170 cum
1662 1115 1956 1186 peccando
1977 1113 2194 1184 injuste

542 1206 723 1277 aliqui
757 1211 985 1269 nocent,
1015 1206 1284 1261 voluntas
1318 1205 1541 1274 injuste
1572 1203 1654 1258 eis
1700 1203 2062 1276 imputatur;
2090 1219 2192 1274 po-

542 1300 726 1352 testas
757 1299 952 1350 autem
973 1312 1088 1366 qua
1118 1310 1324 1349 nocere
1354 1293 1792 1365 permittuntur,
1818 1309 1931 1348 non
1964 1297 2053 1348 est
2080 1291 2194 1348 nisi

541 1401 576 1440 a
605 1383 740 1451 Deo,
775 1383 874 1454 qui
906 1389 960 1438 et
988 1383 1132 1454 ipsis
1164 1382 1561 1437 nescientibus
1594 1382 1752 1436 novit
1783 1381 1920 1451 quid
1952 1379 2035 1436 illi
2074 1381 2193 1452 pati

541 1473 810 1538 debeant,
846 1473 1060 1543 quibus
1094 1488 1190 1526 eos
1225 1488 1428 1526 nocere
1459 1471 1764 1542 permittit.

609 1561 839 1617 CAPUT
865 1561 980 1616 XII.
1012 1591 1083 1603 —
1114 1562 1321 1619 Omnia
1371 1562 1516 1614 bona
1562 1561 1791 1614 nonnisi
1818 1577 1853 1614 a
1887 1564 2014 1614 Deo.
2067 1559 2195 1613 Hac

543 1651 740 1706 omnia
757 1655 871 1704 tam
894 1651 1347 1722 perspicua,tam
1369 1653 1545 1720 certa,
1570 1649 1617 1703 si
1642 1648 1853 1703 vellent
1875 1650 2191 1714 advertere,

546 1738 645 1811 qui
677 1739 850 1793 aliam
883 1744 1152 1793 naturam
1176 1738 1681 1808 inducunt,quam
1710 1754 1822 1792 non
1853 1737 1984 1792 fecit
2002 1738 2191 1804 Deus;

547 1845 662 1884 non
681 1828 860 1883 tantis
883 1827 1265 1899 blasphemiis
1283 1825 1686 1898 implerentur,
1721 1831 1783 1880 ut
1803 1834 1858 1882 et
1880 1827 1935 1881 in
1962 1843 2194 1882 summo

549 1917 703 1972 malo
725 1921 887 1972 tanta
911 1917 1062 1972 bona
1084 1921 1382 1987 ponerent,
1405 1915 1536 1970 etin
1559 1915 1672 1970 Deo
1697 1920 1855 1971 tanta
1879 1915 2049 1971 mala.
2066 1915 2193 1971 Suf-

550 2005 672 2062 ﬁcit
701 2006 876 2072 enim,
913 2009 975 2060 ut
1023 2022 1203 2077 supra
1232 2004 1370 2075 dixi,
1405 2004 1476 2059 ad
1525 2021 1724 2059 eorum
1758 2007 2194 2076 correctionem,

553 2096 604 2151 si
634 2094 815 2151 velint
847 2095 1166 2162 attendere,
1190 2094 1340 2165 quod
1375 2109 1471 2149 eos
1502 2094 1677 2148 etiam
1701 2094 1913 2150 invitos
1935 2097 2196 2167 cogitve-

553 2185 696 2240 ritas
730 2184 1012 2255 confiteri,
1036 2183 1234 2240 omnia
1264 2199 1502 2254 prorsus
1534 2184 1684 2239 bona
1715 2200 1828 2240 non
1862 2201 1988 2240 esse
2021 2185 2134 2239 nisi
2164 2201 2198 2240 a

556 2278 688 2329 Deo.
715 2274 837 2328 Non
862 2290 997 2345 ergo
1030 2275 1100 2329 ab
1131 2272 1244 2327 alio
1277 2276 1416 2328 sunt
1450 2290 1655 2344 magna
1687 2275 1854 2342 bona,
1886 2282 1938 2328 et
1982 2275 2054 2328 ab
2087 2273 2197 2330 alio

551 2379 729 2434 parva
756 2363 909 2418 bona
941 2380 953 2418 :
989 2363 1088 2418 sed
1118 2367 1174 2417 et
1204 2378 1418 2433 magna
1448 2365 1503 2415 et
1533 2379 1709 2432 parva
1739 2365 1891 2418 bona
1921 2380 2035 2418 non
2062 2368 2199 2418 sunt

551 2450 665 2507 nisi
695 2470 729 2507 a
759 2468 990 2507 summo
1022 2452 1192 2518 bono,
1227 2450 1382 2523 quod
1410 2449 1563 2505 Deus
1590 2455 1696 2506 est.

620 2541 850 2596 CAPUT
868 2540 1011 2596 XIII.
1035 2571 1104 2581 -—
1122 2541 1271 2596 Bona
1291 2542 1515 2610 singula
1539 2557 1635 2595 seu
1658 2558 1949 2612 parva,seu
1973 2557 2195 2610 magna,

548 2645 658 2685 esse
678 2647 712 2685 a
729 2630 1399 2685 Deo.Commemoremus
1419 2648 1555 2703 ergo
1576 2631 1730 2685 bona
1752 2635 1972 2702 quanta
1991 2635 2197 2702 potue-

550 2719 759 2786 rimus,
780 2736 908 2790 quae
927 2718 1168 2790 dignum
1193 2723 1282 2775 est
1305 2723 1368 2774 ut
1388 2720 1505 2775 Deo
1526 2719 1747 2774 auctori
1772 2719 2124 2790 tribuamus,
2140 2723 2197 2774 et

547 2806 642 2863 his
673 2807 920 2864 sublatis
943 2808 1242 2863 videamus
1266 2813 1465 2864 utrum
1491 2808 1686 2880 aliqua
1712 2813 1921 2863 natura
1943 2826 2197 2864 remane-

549 2896 654 2952 bit.
686 2896 887 2952 Omnis
917 2896 1033 2953 vita
1059 2902 1116 2951 et
1146 2914 1360 2969 magna
1391 2903 1448 2953 et
1490 2915 1686 2968 parva.
1720 2897 1909 2952 omnis
1941 2898 2200 2968 potentia

552 2989 610 3041 et
640 3003 852 3057 magna
874 2991 930 3041 et
969 3003 1166 3056 parva,
1194 2987 1386 3041 omnis
1417 2986 1576 3041 salus
1610 2992 1665 3042 et
1688 3004 1899 3059 magna
1924 2993 1980 3042 et
2002 3005 2197 3058 parva,

555 3074 749 3131 omnis
772 3075 1053 3130 memoria
1083 3080 1140 3130 et
1171 3092 1385 3146 magna
1408 3081 1464 3130 et
1488 3093 1681 3147 parva,
1711 3076 1901 3131 omnis
1933 3077 2115 3132 virtus
2146 3082 2202 3133 et

558 3179 775 3234 magna
797 3167 854 3218 et
879 3164 1276 3235 parva,omnis
1296 3164 1624 3219 intellectus
1647 3169 1703 3220 et
1723 3182 1972 3237 magnus
1993 3171 2049 3221 et
2069 3184 2199 3238 par-

555 3267 686 3323 vus,
721 3253 912 3308 omnis
943 3252 1340 3324 tranquillitas
1376 3258 1432 3308 et
1464 3269 1677 3324 magna
1706 3259 1762 3309 et
1791 3272 1985 3324 parva,
2011 3255 2201 3310 omnis

564 3342 730 3413 copia
768 3347 824 3397 et
848 3359 1061 3414 magna
1098 3347 1154 3397 et
1175 3359 1367 3413 parva,
1393 3343 1583 3399 omnis
1623 3360 1831 3399 sensus
1871 3349 1928 3399 et
1951 3361 2200 3417 magnus

558 3436 614 3486 et
643 3449 876 3502 parvus,
917 3449 1090 3488 omne
1127 3431 1328 3488 lumen
1380 3436 1436 3487 et
1485 3449 1765 3505 magnum
1823 3439 1879 3488 et
1932 3452 2196 3507 parvum,

555 3522 747 3577 omnis
817 3522 1072 3578 suavitas
1121 3523 1138 3556 ί
1207 3528 1261 3577 et
1326 3539 1540 3595 magna
1619 3529 1677 3578 et
1736 3541 1932 3594 parva,
2005 3526 2198 3581 omnis

552 3627 830 3667 mensura
868 3616 925 3666 et
978 3629 1190 3684 magna
1231 3616 1288 3668 et
1335 3629 1528 3682 parva,
1581 3612 1772 3668 omnis
1825 3613 2198 3685 pulchritudo

547 3703 606 3754 et
636 3716 851 3772 magna
870 3705 926 3755 et
947 3701 1347 3772 parva,omnis
1379 3718 1489 3772 pax
1509 3708 1562 3755 et
1589 3719 1803 3773 magna
1827 3708 1883 3757 et
1914 3721 2108 3775 parva,
2142 3709 2198 3761 et

547 3788 598 3844 si
629 3806 746 3860 qua
777 3789 994 3844 similia
1037 3806 1338 3844 occurrere
1371 3793 1664 3860 poterunt,
1698 3791 2066 3863 maximeque
2095 3793 2197 3848 illa

547 3893 674 3949 quae
707 3895 808 3949 per
855 3877 1052 3932 omnia
1103 3879 1493 3949 reperiuntur,
1537 3879 1654 3933 sive
1701 3880 2031 3951 spiritualia
2076 3883 2195 3938 sive

545 3966 892 4038 corporalia,
916 3967 1107 4023 omnis
1141 3968 1372 4038 modus,
1395 3968 1588 4023 omnis
1610 3969 1852 4039 species,
1878 3971 2068 4025 omnis
2100 3989 2191 4026 or-

545 4056 644 4124 do,
677 4061 733 4111 et
764 4073 1013 4129 magnus
1035 4063 1091 4112 et
1121 4074 1353 4126 parvus,
1378 4075 1408 4111 a
1443 4057 1690 4113 Domino
1723 4057 1836 4113 Deo
1867 4065 2025 4115 sunt.
2052 4062 2192 4126 Qui-

545 4144 657 4200 bus
689 4147 856 4202 bonis
905 4147 1178 4202 omnibus
1211 4146 1310 4219 qui
1367 4146 1519 4202 male
1554 4146 1638 4201 uti
1687 4147 1949 4217 voluerit,
1998 4150 2190 4207 divino

534 4235 760 4305 judicio
792 4253 990 4307 poenas
1021 4235 1179 4291 luet:
1217 4236 1316 4290 ubi
1347 4241 1541 4291 autem
1567 4236 1792 4293 nullum
1825 4238 2030 4294 horum
2065 4258 2190 4297 om-

543 4325 682 4380 nino
715 4326 906 4394 fuerit,
943 4326 1103 4381 nulla
1133 4332 1343 4380 natura
1372 4327 1714 4382 remanebit.

611 4413 838 4469 CAPUT
869 4413 1008 4468 XIV.
1034 4445 1099 4453 —
1127 4415 1304 4468 Parva
1336 4413 1473 4468 bona
1506 4416 1567 4469 in
1599 4416 1872 4486 majorum
1904 4434 2186 4489 compara-

537 4503 680 4557 tione
699 4505 994 4558 contrariis
1009 4503 1324 4558 nominibus
1344 4504 1717 4574 appellantur.
1736 4507 1840 4560 Sed
1864 4506 1923 4560 in
1946 4506 2037 4562 his
2059 4525 2189 4563 om-

536 4589 711 4645 nibus
741 4608 1125 4662 quaacumque
1159 4609 1332 4663 parva
1360 4597 1519 4660 sunt,
1542 4593 1603 4648 in
1637 4596 1927 4665 majorum
1953 4614 2186 4669 compa-

535 4679 761 4735 ratione
791 4682 1098 4736 contrariis
1131 4681 1468 4736 nominibus
1501 4682 1873 4754 appellantur
1900 4703 1912 4741 :
1948 4686 2099 4742 sicut
2128 4687 2185 4742 in

533 4768 792 4825 hominis
825 4771 1010 4824 forma
1041 4771 1179 4842 quia
1208 4771 1395 4841 major
1425 4776 1514 4826 est
1545 4771 1938 4843 pulchritudo,
1965 4776 2020 4830 in
2056 4777 2182 4848 ejus

536 4860 968 4928 comparatione
991 4859 1176 4916 simia
1199 4859 1573 4932 pulchritudo
1593 4861 1932 4918 deformitas
1950 4865 2182 4922 dicitur:

535 4951 593 5002 et
628 4947 773 5002 fallit
805 4949 1225 5020 imprudentes,
1259 4953 1539 5020 tanquam
1573 4948 1714 5005 illud
1750 4952 1826 5007 sit
1854 4952 2097 5020 bonum,
2133 4959 2188 5010 et

535 5034 646 5092 hoc
677 5037 894 5093 malum
915 5063 929 5106 ;
948 5055 1052 5094 nec
1068 5038 1379 5093 intendunt
1409 5038 1466 5091 in
1485 5054 1723 5110 corpore
1742 5040 1926 5096 simiae
1947 5044 2184 5100 modum

533 5128 857 5197 proprium,
895 5128 1244 5199 parilitatem
1290 5144 1357 5182 ex
1395 5132 1633 5197 utroque
1667 5127 1844 5185 latere
1894 5134 2185 5189 membro-

535 5217 1073 5283 rum,concordiam
1096 5216 1808 5288 partium,incolumitatis
1832 5223 2184 5291 custodiam,

533 5308 588 5359 et
619 5311 841 5376 caetera,
867 5324 995 5377 quae
1027 5306 1295 5378 persequi
1327 5307 1565 5378 longum
1603 5312 1710 5362 est.

604 5394 830 5451 CAPUT
862 5395 976 5450 XV.
1002 5427 1068 5435 —
1098 5402 1165 5451 In
1196 5397 1370 5450 simiae
1394 5413 1520 5466 cerp
1533 5413 1622 5451 ore
1639 5399 2073 5468 pulchritudinis
2097 5406 2184 5460 bo-

530 5499 662 5536 num
692 5484 884 5552 inesse,
922 5484 1051 5540 licet
1077 5488 1280 5539 minus.
1310 5486 1420 5541 Sed
1458 5497 1517 5540 ut
1547 5489 1698 5556 quod
1729 5489 1978 5547 dicimus
2012 5494 2178 5548 intel-

532 5570 764 5641 ligatur,
787 5577 842 5627 et
875 5575 1122 5628 nimium
1159 5576 1340 5630 tardis
1372 5577 1514 5630 satis
1547 5578 1667 5643 fiat,
1689 5577 1776 5632 vel
1811 5582 1986 5635 etiam
2011 5586 2185 5654 perti-

532 5675 708 5715 naces
740 5667 796 5716 et
831 5663 1197 5734 apertissime
1219 5664 1443 5721 veritati
1476 5671 1868 5739 repugnantes
1899 5677 2186 5744 cogantur

600 5760 616 5799 ι
648 5757 725 5811 Ita
754 5760 876 5812 Mss.
909 5763 974 5812 At
1001 5763 1056 5812 in
1083 5763 1257 5826 editis,
1285 5764 1501 5814 sanitas.

1150 360 1252 418 DE
1297 359 1618 419 NATURA
1666 357 1848 417 BONI
1895 357 2208 417 CONTRA
2254 355 2756 427 MANICHZEOS,
2805 356 2869 414 S.
2917 353 3342 415 AUGUSTINI

3845 356 3966 414 556

2303 489 2455 560 quod
2488 505 2687 544 verum
2720 494 2805 542 est
2835 486 3116 551 confiteri,
3142 486 3571 558 interrogentur
3602 490 3805 541 utrum
3833 503 3958 542 cor-

2301 595 2426 650 pori
2459 578 2640 633 simia:
2674 577 2859 649 possit
2890 577 3094 633 nocere
3125 575 3436 647 corruptio.
3459 576 3620 640 Quod
3656 575 3704 632 si
3741 582 3958 648 potest,

2302 673 2366 722 ut
2396 668 2608 722 fmdius
2632 667 2769 735 fiat;
2804 667 2942 738 quid
2972 667 3204 734 minuit,
3230 665 3338 721 nisi
3371 665 3829 737 pulchritudinis
3857 668 3962 721 bo-

2300 757 2490 810 num?
2544 746 2705 811 Unde
2737 756 2962 810 tamdiu
3011 755 3232 826 aliquid
3285 756 3631 820 remanebit,
3667 755 3958 826 quamdiu

2300 845 2557 916 corporis
2610 849 2822 900 natura
2875 845 3166 900 subsistit.
3219 844 3470 900 Proinde
3500 845 3550 899 si
3601 850 3959 917 consumpto

2303 934 2453 988 bono
2487 939 2695 989 natura
2730 934 3115 999 consumitur,
3149 934 3299 988 bona
3322 951 3458 1005 ergo
3487 939 3574 989 est
3606 941 3842 989 natura.
3867 935 3961 990 Sic

2302 1028 2360 1078 et
2390 1023 2624 1078 tardum
2673 1023 2924 1079 dicimus
2971 1023 3147 1078 veloci
3179 1022 3538 1079 contrarium
3569 1040 3581 1079 :
3617 1023 3717 1079 sed
3759 1029 3961 1079 tamen

2303 1112 2404 1183 qui
2436 1129 2496 1168 se
2526 1112 2763 1168 omnino
2797 1130 2910 1168 non
2968 1117 3180 1181 movet,
3214 1129 3316 1168 nec
3348 1113 3550 1168 tardus
3597 1112 3711 1169 dici
3743 1119 3960 1186 potest.

2303 1201 2394 1257 Sic
2425 1207 2605 1257 acuta;
2635 1201 2757 1257 voci
2791 1201 3141 1258 contrariam
3175 1219 3370 1257 vocem
3400 1201 3665 1270 dicimus
3697 1219 3962 1274 gravem,

2303 1290 2392 1346 vel
2427 1308 2651 1347 canorae
2682 1309 2950 1362 asperam
2978 1310 2989 1347 :
3020 1292 3118 1346 sed
3153 1291 3200 1346 si
3257 1309 3488 1347 omnem
3522 1292 3774 1363 speciem
3807 1291 3968 1347 vocis

2305 1380 2540 1451 penitus
2591 1380 2841 1449 adimas,
2879 1379 3177 1434 silentium
3229 1385 3318 1435 est
3347 1380 3444 1434 ubi
3473 1397 3579 1435 vox
3629 1381 3793 1435 nulla
3825 1386 3918 1436 est
3950 1398 3964 1435 :

2305 1470 2459 1539 quod
2494 1475 2687 1523 tamen
2730 1470 3052 1535 silentium,
3086 1486 3150 1524 eo
3185 1470 3309 1540 ipso
3341 1470 3491 1539 quod
3523 1487 3631 1525 vox
3657 1470 3820 1525 nulla
3851 1475 3963 1535 est,

2302 1563 2582 1629 tanquam
2607 1559 2962 1612 contrarium
2988 1559 3106 1612 voci
3141 1558 3536 1629 soletopponi.
3557 1559 3650 1614 Sic
3682 1564 3737 1614 et
3764 1559 3962 1614 lucida

2305 1652 2359 1702 et
2391 1649 2638 1702 obscura
2664 1654 2939 1719 tanquam
2962 1648 3074 1701 duo
3097 1647 3387 1701 contraria
3408 1647 3716 1702 dicuntur:
3739 1649 3961 1703 habent

2306 1740 2500 1790 tamen
2536 1743 2591 1790 et
2635 1737 2883 1790 obscura
2914 1736 3131 1807 aliquid
3163 1735 3331 1804 lucis,
3367 1753 3478 1807 quo
3520 1738 3568 1792 si
3603 1737 3837 1807 penitus
3871 1755 3961 1793 ca-

2307 1831 2491 1892 reant,
2526 1825 2608 1880 ita
2657 1830 2794 1880 sunt
2839 1825 3088 1880 tenebrse
3132 1825 3300 1895 lucis,
3339 1842 3454 1896 quo
3485 1827 3533 1882 si
3584 1828 3820 1898 penitus
3865 1844 3960 1883 ca-

2309 1926 2488 1982 reant,
2519 1917 2598 1970 ita
2628 1920 2765 1970 sunt
2808 1916 3056 1970 tenebrae
3105 1914 3252 1970 lucis
3283 1916 3564 1984 absentia,
3599 1916 3751 1972 sicut
3779 1917 3958 1973 silen-

2307 2005 2453 2064 tium
2486 2005 2641 2060 vocis
2673 2006 2958 2060 absentia.

2378 2093 2609 2149 CAPUT
2631 2093 2768 2149 XVI.
2791 2125 2857 2134 —
2878 2095 3228 2150 Privationes
3255 2096 3316 2150 in
3344 2098 3503 2151 rebus
3529 2095 3778 2151 decenter
3798 2115 3830 2151 a
3855 2097 3963 2152 Deo

2307 2183 2596 2238 ordinatae.
2631 2185 2763 2248 Quae
2798 2189 2991 2239 tamen
3045 2184 3220 2238 etiam
3254 2184 3604 2255 privationes
3647 2202 3842 2240 rerum
3879 2185 3965 2240 sic

2310 2272 2728 2326 ordinanturin
2760 2272 3142 2327 universitate
3163 2278 3481 2343 natura),ut
3507 2273 3802 2344 sapienter
3817 2291 3966 2329 eon-

2307 2361 2700 2416 siderantibus
2725 2379 2839 2415 non
2853 2360 3186 2416 indecenter
3203 2362 3351 2417 vices
3373 2379 3510 2416 suas
3526 2361 3798 2417 habeant.
3814 2362 3969 2418 Nam

2306 2455 2363 2505 et
2391 2450 2545 2505 Deus
2577 2455 2734 2505 certa
2764 2450 2888 2505 loca
2919 2456 2974 2505 et
3000 2455 3264 2522 tempora
3296 2468 3412 2506 non
3443 2451 3852 2520 illuminando,
3883 2459 3966 2508 te-

2307 2541 2518 2596 nebras
2549 2540 2687 2595 fecit
2720 2545 2838 2596 tam
2872 2541 3144 2596 decenter
3173 2557 3350 2611 quam
3385 2541 3527 2596 dies.
3562 2541 3621 2596 Si
3654 2542 3812 2596 enim
3847 2559 3960 2598 nos

2307 2629 2656 2684 continendo
2709 2646 2928 2695 vocem,
2960 2630 3230 2684 decenter
3277 2630 3708 2702 interponimus
3763 2632 3821 2685 in
3877 2630 3966 2687 lo-

2309 2719 2537 2790 quendo
2570 2718 2910 2784 silentium;
2958 2723 3173 2789 quanto
3207 2718 3395 2791 magis
3427 2717 3522 2773 ille
3563 2721 3966 2791 quarumdam

2309 2825 2502 2862 rerum
2537 2807 2886 2879 privationes
2916 2807 3187 2861 decenter
3221 2808 3373 2877 facit,
3409 2808 3562 2862 sicut
3605 2825 3797 2864 rerum
3834 2827 3965 2865 om-

2309 2897 2792 2968 niumperfectus
2841 2895 3088 2951 artifex?
3139 2895 3300 2951 Unde
3330 2896 3473 2951 etin
3524 2897 3739 2970 hymno
3773 2899 3961 2955 trium

2309 3003 2644 3057 puerorum,
2708 2987 2882 3040 etiam
2933 2985 3030 3040 lux
3075 2991 3131 3040 et
3176 2987 3424 3041 tenebrae
3468 2986 3713 3042 laudant
3769 2988 3960 3044 Deum

2310 3076 2467 3147 (Dan.
2503 3093 2586 3140 ιιι,
2618 3076 2746 3146 72);
2783 3075 2837 3129 id
2869 3080 2978 3144 est,
3006 3077 3133 3144 ejus
3155 3074 3386 3131 laudem
3421 3075 3566 3131 bene
3587 3076 3966 3134 consideran-

2309 3165 2454 3220 tium
2487 3165 2760 3219 cordibus
2791 3165 3047 3235 pariunt.

2380 3253 2608 3309 CAPUT
2637 3253 2804 3308 XVII.
2841 3284 2906 3293 —
2955 3254 3163 3308 Natura
3211 3255 3269 3307 in
3313 3258 3581 3324 quantum
3614 3263 3819 3310 natura
3849 3257 3962 3325 iest,

2308 3345 2464 3399 nulla
2495 3343 2662 3397 mala.
2697 3343 2821 3397 Non
2853 3359 2988 3414 ergo
3011 3342 3162 3397 mala
3193 3347 3300 3413 est,
3323 3344 3380 3397 in
3406 3344 3713 3415 quantium
3750 3350 3964 3401 natura

2309 3438 2417 3498 est,
2453 3432 2570 3488 ulla
2594 3439 2802 3487 natura
2831 3450 2842 3500 ;
2877 3434 2974 3487 sed
3003 3431 3211 3503 cuique
3236 3438 3454 3487 naturae
3483 3451 3596 3488 non
3623 3439 3714 3489 est
3739 3435 3964 3490 malum

2308 3523 2420 3578 nisi
2454 3523 2639 3577 minui
2671 3524 2843 3577 bono.
2878 3523 3035 3587 Quod
3071 3522 3115 3576 si
3158 3522 3471 3578 minuendo
3525 3524 3961 3592 absumeretur,

2308 3613 2460 3668 sicut
2489 3611 2714 3666 nullum
2733 3613 2973 3678 bonum,
2991 3613 3072 3666 ita
3091 3611 3251 3666 nulla
3270 3617 3479 3667 natura
3507 3611 3960 3684 relinqueretur;

2308 3720 2420 3758 non
2454 3703 2642 3758 solum
2696 3701 2924 3773 qualem
2974 3701 3262 3756 inducunt
3311 3702 3633 3768 Mauicbaii,
3669 3703 3770 3758 ubi
3800 3708 3963 3759 tanta

2305 3794 2458 3848 bona
2509 3793 2907 3861 inveniuntur,
2943 3797 3003 3847 ut
3050 3792 3233 3847 nimia
3274 3809 3476 3848 eorum
3528 3794 3758 3850 caecitas
3813 3796 3964 3850 mira

2304 3883 2416 3950 sit;
2451 3883 2545 3938 sed
2579 3883 2810 3953 qualem
2844 3887 3035 3953 potest
3067 3881 3310 3953 quilibet
3341 3883 3635 3938 inducere.

2373 3971 2604 4028 CAPUT
2636 3971 2835 4026 XVIII.
2859 4003 2926 4012 —
2971 3973 3179 4044 Hylen,
3201 3988 3320 4042 quae
3354 3989 3537 4027 rerum
3565 3974 3825 4041 informis
3847 3991 3962 4028 ma-

2303 4064 2467 4116 teries
2487 4062 2729 4132 antiquis
2750 4061 3054 4129 dicebatur,
3071 4078 3179 4117 non
3197 4077 3310 4116 esse
3326 4062 3556 4116 malum.
3578 4061 3777 4132 Neque
3800 4063 3958 4118 enim

2303 4151 2389 4205 vel
2422 4151 2521 4205 illa
2555 4152 2844 4216 materies,
2868 4167 3045 4222 quam
3069 4150 3294 4222 antiqui
3319 4149 3490 4223 hylen
3515 4151 3811 4215 dixerunt,
3833 4169 3958 4206 ma-

2304 4239 2425 4295 lum
2459 4241 2700 4295 dicenda
2730 4244 2835 4294 est.
2874 4240 2996 4297 Non
3032 4257 3156 4295 eam
3193 4241 3341 4304 dico,
3383 4257 3556 4311 quam
3593 4239 3955 4296 Manichaeus

2300 4331 2472 4404 hylen
2492 4332 2737 4403 appellat
2761 4333 3204 4388 dementissima
3229 4333 3502 4404 vanitate,
3523 4333 3793 4388 nesciens
3815 4333 3954 4404 quid

2303 4423 2596 4492 loquatur,
2651 4421 3036 4476 formatricem
3090 4439 3397 4492 corporum
3432 4439 3444 4476 :
3482 4423 3636 4476 unde
3671 4428 3826 4477 recte
3875 4421 3955 4476 illi

2302 4513 2526 4566 dictum
2545 4516 2652 4581 est,
2671 4511 2825 4581 quod
2848 4509 3095 4565 alterum
3117 4511 3290 4565 deum
3318 4511 3582 4565 inducat:
3602 4527 3775 4566 nemo
3793 4511 3952 4566 enim

2299 4602 2547 4656 formare
2576 4605 2633 4654 et
2662 4615 2856 4654 creare
2888 4616 3130 4670 corpora
3161 4599 3272 4654 nisi
3305 4600 3456 4655 Deus
3488 4605 3716 4671 potest;
3767 4617 3956 4672 neque

2298 4690 2454 4744 enim
2501 4694 2791 4756 creantur,
2827 4688 2940 4743 nisi
2992 4705 3124 4743 cum
3157 4689 3240 4743 eis
3286 4689 3496 4744 modus
3536 4693 3595 4744 et
3643 4689 3872 4760 species
3903 4692 3958 4744 et

2298 4780 2436 4834 ordo
2468 4777 2757 4846 subsistit,
2787 4796 2914 4848 quae
2947 4777 3099 4833 bona
3119 4794 3267 4847 esse,
3294 4796 3395 4833 nec
3427 4795 3554 4833 esse
3584 4796 3758 4850 posse
3786 4779 3901 4835 nisi
3923 4796 3956 4834 a

2297 4868 2431 4934 Deo,
2450 4871 2588 4937 puto
2612 4867 2901 4937 quodjam
2927 4867 3229 4938 etiamipsi
3253 4867 3619 4922 confitentur.
3643 4867 3754 4922 Sed
3779 4866 3952 4936 hylen

2296 4957 2422 5012 dico
2455 4956 2770 5026 quamdam
2804 4956 3037 5027 penitus
3068 4956 3378 5011 informem
3413 4961 3468 5011 et
3500 4957 3624 5011 sine
3669 4955 3955 5028 qualitate

2295 5045 2617 5110 materiem,
2653 5046 2805 5098 unde
2836 5044 2957 5099 istre
2991 5062 3137 5116 quas
3169 5046 3455 5101 sentimus
3489 5043 3808 5116 qualitates
3837 5046 3951 5100 for-

2297 5139 2550 5202 mantur,
2603 5138 2667 5187 ut
2714 5133 2940 5206 antiqui
2989 5135 3279 5192 dixerunt.
3315 5136 3458 5190 Hinc
3491 5134 3648 5189 enim
3698 5139 3757 5188 et
3805 5134 3955 5189 silva

2293 5241 2475 5297 graece
2499 5221 2603 5290 ὕλη
2642 5222 2876 5290 dicitur,
2898 5225 3053 5295 quod
3078 5226 3455 5295 operantibus
3482 5229 3616 5295 apta
3635 5223 3730 5289 sit,
3753 5240 3866 5278 non
3894 5227 3957 5278 ut

2294 5314 2512 5384 aliquid
2537 5311 2663 5382 ipsa
2691 5313 2989 5383 faciat,sed
3017 5316 3169 5368 unde
3185 5313 3403 5386 aliquid
3424 5313 3666 5368 fiat.Nec
3685 5312 3801 5366 ista
3817 5330 3954 5385 ergo

2293 5403 2424 5476 hyle
2459 5402 2676 5456 malum
2709 5402 2956 5456 dicenda
2985 5409 3091 5468 est,
3119 5422 3244 5474 qua:
3273 5421 3384 5458 non
3421 5420 3521 5473 per
3546 5401 3806 5472 aliquam
3827 5421 3956 5474 spe-

2295 5493 2439 5548 ciem
2457 5492 2603 5546 senti
2615 5492 2790 5558 ri,sed
2809 5509 3013 5562 perom
3025 5493 3217 5548 nimod
3230 5511 3319 5548 am
3337 5492 3548 5564 speciei
3567 5493 3952 5563 privationem

2297 5582 2534 5654 cogitari
2566 5581 2658 5635 vix
2689 5585 2896 5645 potest.
2928 5581 3111 5636 Habet
3140 5584 3296 5638 enim
3327 5589 3383 5638 et
3407 5583 3535 5653 ipsa
3565 5582 3950 5653 capacitatem

2293 5673 2611 5728 formarum
2635 5686 2646 5723 :
2683 5685 2817 5724 nam
2842 5671 2890 5724 si
2913 5686 3118 5742 capere
3142 5671 3480 5744 impositam
3505 5672 3575 5727 ab
3595 5671 3820 5726 artifice
3842 5671 3954 5726 for-

2295 5777 2450 5817 mam
2469 5776 2582 5816 non
2601 5763 2929 5831 posset,nec
2948 5761 3219 5819 materies
3238 5761 3440 5836 utique
3454 5760 3705 5820 diceretu
3717 5763 3949 5818 r.Porro
