4094 6488
133 457 252 518 557

130 588 180 643 si
211 589 430 644 bonum
457 588 691 662 aliquod
717 593 805 646 est
827 589 1034 659 forma,
1059 592 1212 646 unde
1236 590 1334 663 qui
1358 608 1425 646 ea
1449 591 1775 662 praevalent,

127 677 373 733 formosi
397 677 784 750 appellantur,
812 680 964 734 sicut
1002 697 1035 735 a
1064 681 1253 752 specie
1288 680 1553 752 speciosi,
1580 678 1778 751 procul

125 766 308 822 dubio
335 768 553 822 bonum
569 767 803 839 aliquod
828 773 916 823 est
935 770 1111 824 etiam
1128 769 1420 840 capacitas
1443 771 1662 824 formae.
1686 768 1780 822 Sic

124 859 190 911 ut
212 856 350 928 quia
375 857 588 911 bonum
614 862 704 912 est
725 859 1230 929 sapientiememo
1253 859 1482 913 dubitat
1504 858 1658 928 quod
1685 857 1779 912 bo-

121 961 266 999 num
309 945 385 998 sit
406 961 679 1016 capacem
722 963 849 1001 esse
881 946 1199 1017 sapientiae.
1226 948 1292 1001 Et
1325 948 1460 1018 quia
1483 963 1655 1001 omne
1682 946 1778 1001 bo-

122 1050 269 1087 num
295 1050 328 1089 a
357 1033 472 1090 Deo
496 1035 831 1102 ;nemimem
871 1040 1097 1107 oportet
1134 1036 1419 1101 dubitare,
1470 1035 1648 1090 etiam
1690 1035 1772 1090 is-

122 1127 266 1188 tam,
301 1123 349 1177 si
384 1141 499 1195 qua
528 1127 636 1193 est,
665 1124 964 1180 materiem
991 1141 1104 1180 non
1119 1141 1247 1180 esse
1279 1125 1390 1180 nisi
1423 1142 1454 1180 a
1485 1125 1622 1180 Deo.

196 1229 434 1286 CAPUT
455 1230 595 1285 XIX.
623 1263 687 1271 ——
709 1235 839 1288 Esse
860 1248 1000 1299 vere,
1014 1234 1300 1304 proprium
1324 1234 1445 1287 Dei.
1471 1230 1774 1304 Magniﬁce

120 1317 309 1391 igitur
338 1325 394 1374 et
419 1320 607 1376 divine
645 1325 794 1377 Deus
818 1327 1013 1378 noster
1057 1321 1275 1377 famulo
1318 1339 1423 1376 suo
1466 1321 1629 1375 dixit.
1667 1322 1774 1389 Ego

121 1425 253 1463 eum
284 1411 382 1481 qui
412 1426 565 1472 sum;
598 1413 843 1479 et,Dices
873 1411 1006 1481 ﬁliis
1027 1411 1213 1479 Israel,
1259 1413 1377 1483 Qui
1403 1415 1482 1467 est
1510 1413 1660 1466 misit
1690 1427 1775 1466 me

121 1497 192 1553 ad
234 1515 326 1554 vos
366 1500 556 1566 (Exod.
586 1516 668 1570 III,
706 1500 816 1571 44).
862 1501 1000 1556 Vere
1033 1501 1190 1556 enim
1230 1501 1355 1572 ipse
1388 1504 1496 1567 est,
1521 1502 1662 1572 quia
1690 1501 1773 1555 in-

122 1588 565 1643 commutabilis
598 1594 704 1643 est.
741 1590 947 1644 Omnis
983 1589 1138 1644 enim
1198 1589 1442 1644 mutatio
1480 1590 1614 1644 facit
1657 1606 1772 1644 non

121 1692 251 1732 esse
283 1677 439 1742 quod
471 1683 635 1735 erat:
659 1695 786 1733 vere
831 1695 966 1749 ergo
988 1677 1085 1733 ille
1118 1683 1225 1748 est,
1252 1682 1350 1750 qui
1385 1679 1772 1734 incommuta-

121 1765 262 1821 bilis
293 1770 399 1832 est;
434 1771 648 1822 caetera
681 1783 806 1837 qua:
831 1768 901 1822 ab
933 1766 1029 1822 illo
1071 1768 1220 1823 facta
1263 1772 1420 1834 sunt,
1454 1767 1645 1822 abillo
1669 1784 1771 1839 pro

124 1872 235 1910 suo
270 1856 445 1910 modo
477 1871 604 1912 esse
634 1861 1003 1928 acceperunt.
1028 1857 1091 1911 Ei
1114 1873 1248 1928 ergo
1280 1857 1379 1928 qui
1411 1873 1639 1912 summe
1661 1861 1770 1924 est,

121 1961 242 1999 non
295 1950 484 2017 potest
514 1962 641 2001 esse
681 1945 1040 2000 contrarium
1076 1945 1187 2002 nisi
1215 1947 1366 2018 quod
1403 1963 1514 2001 non
1547 1951 1634 2002 est
1665 1963 1676 2001 :
1707 1963 1772 2001 ac

121 2050 228 2104 per
251 2033 358 2089 hoc
397 2035 549 2089 sicut
589 2034 660 2089 ab
704 2033 799 2089 illo
827 2040 917 2090 est
956 2052 1127 2091 omne
1158 2036 1310 2107 quod
1345 2037 1562 2090 bonum
1592 2036 1675 2091 sic
1702 2036 1772 2090 ab

123 2121 231 2178 illo
262 2127 352 2178 est
383 2139 553 2178 omne
585 2124 738 2194 quod
773 2124 1113 2180 naturaliter
1143 2126 1272 2192 est‘;
1300 2125 1575 2196 quoniam
1602 2140 1774 2180 omne

123 2213 284 2284 quod
320 2211 666 2268 naturaliter
694 2217 801 2278 est,
837 2213 1056 2269 bonum
1080 2219 1186 2268 est.
1222 2213 1425 2268 Omnis
1459 2213 1654 2285 itaque
1679 2230 1774 2267 na-

122 2307 262 2356 tura
312 2301 464 2356 bona
511 2306 618 2368 est,
653 2306 709 2355 et
743 2318 914 2358 omne
960 2303 1177 2359 bonum
1212 2319 1245 2357 a
1280 2303 1389 2357 Deo
1428 2307 1552 2358 est:
1581 2301 1774 2356 omnis

125 2405 269 2460 ergo
301 2393 510 2443 natura
540 2405 574 2443 a
605 2393 716 2444 Deo
747 2394 856 2444 est.

202 2477 434 2533 CAPUT
457 2477 569 2532 XX.
596 2509 663 2518 ——
689 2479 861 2533 Dolor
887 2481 1113 2534 nonnisi
1136 2481 1189 2534 in
1215 2481 1429 2534 naturis
1452 2480 1625 2534 bonis.
1667 2484 1771 2534 Do-

127 2564 221 2622 lor
241 2571 458 2632 autem,
485 2567 638 2637 quod
664 2567 950 2638 praecipue
982 2567 1202 2622 malum
1240 2567 1463 2623 nonulli
1488 2568 1774 2622 arbitran-

125 2658 250 2722 tur,
276 2654 394 2710 sive
415 2657 471 2708 in
496 2655 692 2710 animo
716 2655 837 2710 sive
876 2657 934 2709 in
960 2672 1196 2728 corpore
1219 2657 1294 2712 sit
1315 2673 1419 2712 nec
1441 2657 1565 2729 ipse
1588 2659 1778 2728 potest

127 2760 261 2799 esse
282 2744 394 2799 nisi
426 2745 482 2798 in
509 2745 734 2800 naturis
757 2745 1069 2800 bonis.lloc
1091 2745 1245 2800 enim
1270 2746 1462 2817 ipsum
1484 2746 1635 2817 quod
1663 2761 1775 2800 res-

123 2831 277 2888 istit’
297 2837 361 2888 ut
382 2832 591 2897 doleat,
617 2834 870 2905 quodam
895 2837 1066 2889 modo
1098 2841 1327 2890 recusat
1350 2853 1461 2891 non
1477 2853 1603 2893 esse
1623 2834 1775 2906 quod

127 2927 274 2988 erat,
299 2922 439 2993 quia
466 2923 683 2977 bonum
710 2921 941 2993 aliquod
971 2929 1128 2978 erat:
1157 2925 1255 2979 sed
1294 2941 1426 2979 cum
1461 2927 1530 2980 ad
1565 2925 1777 2982 melius

129 3011 380 3082 cogitur,
417 3011 576 3066 utilis
607 3011 772 3066 dolor
801 3015 918 3078 est;
951 3029 1083 3066 cum
1118 3013 1186 3067 ad
1220 3014 1496 3081 deterius,
1525 3014 1774 3072 inutilis.

128 3099 195 3154 In
223 3099 419 3154 animo
443 3115 580 3172 ergo
600 3099 856 3154 dolorem
881 3099 1019 3155 facit
1047 3117 1256 3156 sensus
1279 3102 1560 3158 resistens
1586 3110 1775 3176 potes-

125 3189 236 3243 tati
286 3189 494 3258 majori
522 3206 534 3244 :
559 3188 616 3242 in
650 3205 886 3260 corpore
917 3189 1173 3245 dolorem
1215 3191 1350 3246 facit
1388 3209 1598 3248 sensus
1637 3195 1776 3249 resi-

128 3281 295 3333 stens
329 3277 556 3349 corpori
578 3277 902 3349 potentiori.
940 3279 1088 3333 Sunt
1117 3283 1310 3334 autem
1346 3279 1498 3335 mala
1521 3281 1644 3337 sine
1676 3284 1778 3337 do-

129 3365 255 3421 lore
278 3367 692 3438 pejorazpejus
730 3371 819 3421 est
851 3367 1006 3421 enim
1039 3369 1288 3438 gaudere
1330 3369 1400 3423 de
1447 3369 1775 3443 iniquitate,

133 3471 315 3526 quam
330 3454 520 3510 dolere
544 3455 614 3508 de
638 3454 1006 3525 corruptione
1026 3473 1038 3510 :
1055 3459 1472 3511 verumtamem
1489 3458 1666 3513 etiam
1691 3464 1775 3514 ta-

129 3543 186 3600 le
221 3543 502 3616 gaudium
537 3561 648 3597 non
683 3548 871 3615 potest
897 3560 1023 3598 esse
1046 3544 1156 3598 nisi
1181 3561 1248 3599 ex
1269 3545 1572 3616 adeptione
1601 3548 1777 3604 bono-

133 3651 270 3689 rum
296 3632 790 3700 inferiorum;sed
824 3632 1104 3704 iniquitas
1144 3638 1233 3688 est
1277 3635 1526 3690 desertio
1579 3636 1778 3693 melio-

134 3741 293 3778 rum.
318 3725 458 3778 Item
480 3723 537 3776 in
561 3738 798 3794 corpore
823 3723 1030 3777 melius
1053 3729 1140 3777 est
1165 3722 1377 3778 vulnus
1403 3740 1536 3779 cum
1561 3725 1778 3796 dolore,

133 3830 317 3885 quam
347 3812 590 3884 putredo
604 3813 730 3866 sine
753 3811 967 3877 dolore,
991 3830 1117 3884 quie
1139 3812 1466 3884 specialiter
1487 3817 1781 3887 corruptio

131 3901 354 3956 dicitur
377 3917 388 3954 :
417 3917 590 3971 quam
625 3917 739 3954 non
771 3900 935 3964 vidit,
959 3901 1014 3954 id
1039 3905 1149 3966 est,
1172 3918 1286 3956 non
1311 3919 1482 3973 passa
1503 3909 1592 3959 est
1621 3921 1780 3959 mor-

133 3996 242 4044 tua
265 4005 397 4045 caro
422 3988 841 4054 Domini,sicut
862 3989 919 4042 in
943 3989 1240 4060 prophetia
1272 3992 1612 4061 praedictum
1637 4000 1780 4059 erat,

134 4081 248 4134 Nec
280 4077 439 4133 dabis
467 4087 720 4134 sanctum
750 4081 906 4132 tuum
936 4079 1118 4133 videre
1168 4081 1577 4150 corruptionem
1607 4083 1780 4151 (Psal.

133 4183 229 4233 xv,
258 4167 368 4233 10).
396 4166 539 4223 Nam
571 4165 940 4220 vulneratum
966 4183 1096 4222 esse
1119 4167 1441 4224 confixione
1464 4169 1780 4239 clavorum,

132 4261 194 4310 et
224 4271 570 4327 percussum
602 4255 671 4310 de
702 4253 902 4310 lancea
920 4255 1052 4325 quis
1077 4261 1246 4327 negat
1266 4257 1787 4331 (Joan.x1x,48,34)?

132 4345 250 4400 Sed
284 4343 460 4399 etiam
489 4345 616 4415 ipsa
659 4361 781 4414 quae
812 4344 1043 4415 proprie
1073 4345 1145 4399 ab
1177 4346 1448 4401 omnibus
1492 4350 1786 4420 corruptio

135 4433 404 4505 corporis
427 4433 663 4497 dicitur,
686 4434 743 4487 id
765 4439 871 4498 est,
893 4433 1020 4504 ipsa
1039 4436 1300 4505 putredo,
1325 4436 1374 4490 si
1400 4436 1590 4491 adhuc
1615 4438 1788 4494 habet

135 4522 359 4592 aliquid
383 4523 534 4593 quod
564 4521 677 4576 alte
698 4528 1027 4587 consumat,
1074 4524 1294 4578 bonum
1316 4524 1630 4580 minuendo
1666 4543 1787 4582 cre-

134 4611 252 4666 scit
282 4612 596 4682 corruptio.
651 4613 812 4676 Quod
837 4614 884 4668 si
920 4613 1152 4683 penitus
1184 4613 1599 4684 absumpserit,
1642 4616 1792 4672 sicut

134 4699 372 4755 nullum
405 4699 646 4768 bonum,
700 4701 782 4753 ita
812 4699 974 4755 nulla
1013 4705 1223 4756 natura
1271 4703 1614 4768 remanebit,
1655 4705 1791 4774 quia

123 4793 262 4862 jam
296 4789 556 4860 coruptio
589 4789 742 4857 quod
775 4795 1112 4862 corrumpat
1142 4807 1256 4845 non
1279 4791 1413 4858 erit;
1448 4796 1504 4846 et
1533 4793 1661 4848 ideo
1686 4810 1790 4850 nec

132 4880 273 4950 ipsa
304 4879 548 4948 putredo
580 4879 709 4944 erit,
743 4877 881 4950 quia
905 4879 1000 4932 ubi
1037 4879 1115 4933 sit
1135 4881 1392 4934 omnimo
1427 4897 1539 4936 non
1572 4881 1700 4938 erit.

209 4985 446 5043 CAPUT
465 4986 916 5042 XXI.—Modica
937 5004 966 5040 (ι
991 4986 1144 5042 modo
1164 4985 1328 5041 dicta.
1347 4987 1477 5043 Ideo
1501 4989 1714 5061 quippe
1736 4995 1792 5046 et

131 5092 319 5148 parva
341 5080 516 5146 atque
537 5076 879 5148 exiguajam
918 5076 1213 5131 communi
1235 5075 1507 5147 loquendi
1534 5096 1641 5133 usu
1670 5097 1789 5135 mo-

132 5165 274 5220 dica
297 5165 594 5231 dicuntur,
621 5165 757 5237 quia
781 5166 991 5221 modus
1014 5166 1070 5219 in
1094 5165 1176 5220 eis
1198 5165 1411 5236 aliquis
1436 5167 1686 5236 restitit”,
1713 5170 1788 5224 si-

132 5271 210 5310 ne
237 5271 355 5326 quo
380 5272 493 5309 non
512 5255 632 5325 jam
658 5256 908 5322 modica,
934 5256 1033 5310 sed
1058 5254 1292 5310 omnino
1325 5254 1486 5310 nulla
1508 5262 1664 5314 sunt.
1693 5258 1795 5314 Illa

132 5349 343 5400 autem
383 5360 509 5415 quaa
542 5347 775 5415 propter
815 5343 1065 5399 nimium
1108 5359 1480 5415 progressum
1521 5346 1794 5403 dicuntur

129 5432 478 5498 immodica,
540 5433 668 5503 ipsa
717 5432 1015 5488 nimietate
1063 5431 1412 5503 culpantur:
1447 5435 1544 5488 sed
1597 5441 1791 5492 tamen

127 5523 268 5595 ipsa
283 5522 461 5577 etiam
480 5521 590 5576 sub
605 5521 740 5588 Deo,
766 5521 902 5593 quia
923 5521 1116 5577 omnia
1141 5521 1198 5575 in
1223 5528 1580 5593 mensura,et
1606 5524 1664 5580 in
1685 5542 1791 5582 nu-

199 5676 215 5710 ι
255 5672 510 5735 Μειηιιοο
536 5676 744 5721 tantum
775 5673 911 5730 loco,
943 5673 1079 5735 quod
1107 5672 1344 5721 naturale
1374 5675 1465 5722 est.

200 5737 223 5773 ³
254 5735 317 5784 In
348 5733 494 5795 .\‘lss.,
528 5737 735 5784 restitit.

204 5801 227 5839 ³
259 5797 349 5850 Sic
380 5799 502 5850 Mss.
535 5798 674 5850 Editi
705 5802 901 5857 autem,
932 5798 1144 5848 resistit.
1176 5797 1352 5848 Minus
1380 5796 1536 5850 bene.

1593 457 1828 521 LIBER
1868 458 2100 522 UNUS.

3427 471 3548 532 558

1908 607 2088 661 mero,
2113 596 2168 646 et
2190 593 2440 664 pondere
2463 594 2753 664 disposuit
2784 594 2931 667 (Sap.
2957 612 3033 664 x1,
3052 597 3164 665 21),
3192 615 3430 656 necesse
3460 605 3548 657 est

1907 685 1971 734 ut
1993 681 2190 752 aliquo
2223 683 2393 736 modo
2426 683 2827 738 cohibeantur.

1973 769 2204 825 CAPUT
2226 771 2390 826 XXII.
2422 802 2490 812 —
2522 774 2718 827 Modus
2745 791 2817 827 an
2846 775 3042 845 aliqua
3064 779 3275 832 ratione
3306 780 3409 835 Deo
3441 780 3549 850 ipsi

1896 861 2365 915 conveniat.Deus
2397 867 2593 915 autem
2628 878 2731 916 nec
2761 863 2998 918 modum
3023 864 3232 922 habere
3263 867 3545 924 dicendus

1899 951 1988 1002 est
2006 965 2076 1003 ne
2103 949 2232 1004 ﬁnis
2257 951 2384 1019 ejus
2406 949 2516 1004 dici
2545 955 2799 1021 putetur.
2824 951 2938 1006 Nec
2961 953 3090 1008 ideo
3111 959 3306 1011 tamen
3329 957 3542 1012 immo-

1897 1036 2134 1091 deratus
2159 1042 2268 1105 est,
2295 1055 2328 1092 a
2351 1054 2466 1109 quo
2494 1040 2704 1092 modus
2727 1039 3002 1095 omnibus
3026 1041 3307 1097 tribuitur
3345 1046 3540 1111 rebus,

1895 1129 1960 1179 ut
1980 1125 2175 1194 aliquo
2191 1128 2364 1182 modo
2389 1143 2517 1182 esse
2540 1127 2784 1198 possint.
2805 1127 2917 1183 Nec
2941 1145 3144 1184 rursus
3173 1133 3540 1190 moderatum

1894 1220 2120 1286 oportet
2150 1215 2262 1269 dici
2292 1215 2784 1285 Deum,tanquam
2808 1216 2880 1270 ab
2907 1216 3102 1288 aliquo
3123 1219 3362 1274 modum
3387 1236 3542 1276 acce-

1894 1303 2062 1374 perit.
2086 1304 2144 1358 Si
2170 1308 2365 1358 autem
2389 1303 2797 1359 dicamuseum
2816 1322 3094 1361 summun
3111 1309 3373 1374 modum,
3393 1310 3537 1365 forte

1895 1391 2115 1463 aliquid
2140 1393 2423 1459 dicimus;
2453 1393 2501 1448 si
2523 1405 2718 1448 tamen
2744 1394 2800 1447 in
2825 1411 2891 1450 eo
2913 1397 3066 1466 quod
3092 1397 3345 1452 dicimus
3369 1415 3537 1453 sum-

1894 1497 2052 1537 mum
2078 1481 2745 1554 modum.intelligainus
2766 1500 3065 1539 summum
3083 1485 3538 1542 bonum.0mnis

1893 1569 2047 1624 enim
2070 1570 2278 1625 modus
2300 1569 2357 1624 in
2379 1576 2665 1642 quantum
2685 1573 2816 1626 mod
2829 1589 2893 1626 us
2907 1573 3211 1640 est,bonus
3234 1580 3322 1630 est
3346 1592 3358 1630 :
3383 1576 3539 1631 unde

1893 1658 2090 1713 omnia
2114 1659 2433 1727 moderata,
2457 1660 2720 1714 modesta
2751 1659 3107 1727 modificata,
3129 1662 3241 1716 dici
3267 1663 3392 1719 sine
3418 1663 3542 1719 lau-

1895 1747 1965 1802 de
1992 1762 2107 1802 non
2131 1751 2414 1820 possunt;
2449 1764 2785 1820 quanquam
2811 1750 2918 1804 sub
2951 1749 3064 1805 alio
3096 1750 3391 1807 intellectu
3417 1769 3542 1808 mo-

1895 1835 2035 1890 dum
2060 1853 2162 1908 pro
2189 1836 2303 1891 ﬁne
2325 1853 2634 1908 ponamus,
2657 1842 2714 1892 et
2735 1837 2960 1892 nullum
2985 1839 3224 1894 modum
3249 1841 3538 1912 dicamus,

1896 1925 1991 1980 ubi
2025 1925 2225 1980 nullus
2248 1931 2336 1980 est
2359 1925 2493 1980 finis
2515 1943 2528 1980 :
2550 1926 2704 1997 quod
2731 1926 3044 1997 aliquando
3062 1927 3378 1984 cumlaude
3399 1931 3540 1985 dici-

1894 2019 2010 2083 tur,
2045 2014 2196 2069 sicut
2216 2014 2436 2069 dictum
2461 2021 2568 2081 est,
2593 2016 2656 2070 Et
2675 2017 2835 2083 regni
2852 2017 2969 2087 ejus
2989 2032 3099 2072 non
3119 2020 3223 2072 erit
3239 2019 3368 2088 ﬁnis
3384 2020 3539 2089 (Luc.

1897 2103 2062 2172 1,33).
2088 2107 2294 2158 Posset
2317 2103 2473 2158 enim
2510 2103 2623 2158 dici
2663 2104 2860 2170 etiam,
2908 2104 3032 2159 Non
3075 2105 3184 2160 erit
3221 2107 3430 2162 modus
3479 2113 3545 2163 ut

1897 2193 2106 2247 modus
2123 2209 2226 2263 pro
2245 2192 2360 2248 fine
2390 2193 2582 2247 dictus
2606 2192 3066 2264 intelligeretur:
3100 2211 3234 2250 nam
3267 2197 3367 2266 qui
3403 2196 3543 2252 nul-

1894 2281 1950 2336 lo
1975 2281 2146 2336 modo
2177 2285 2401 2352 regnat,
2436 2297 2548 2335 non
2583 2281 2786 2352 utique
2816 2287 3039 2353 regnat.

1967 2387 2204 2443 CAPUT
2223 2387 2492 2443 XXIII.-—
2519 2387 2666 2444 Unde
2681 2388 2956 2444 interdum
2980 2389 3204 2445 dicatur
3225 2392 3404 2447 malus
3421 2409 3538 2448 mo-

1895 2477 1996 2533 dus
2025 2477 2173 2532 mala
2199 2477 2425 2548 species,
2448 2478 2628 2532 malus
2642 2478 2802 2533 ordo.
2829 2477 3016 2533 Malus
3039 2495 3175 2549 ergo
3201 2481 3434 2549 modus,
3451 2479 3541 2537 vel

1896 2566 2050 2622 mala
2081 2565 2418 2638 species,vel
2435 2564 2626 2621 malus
2639 2567 2801 2632 ordo,
2825 2567 3067 2623 antideo
3084 2568 3379 2637 dicuntur,
3402 2569 3544 2640 quia

1901 2656 2125 2711 minora
2155 2660 2294 2710 sunt
2315 2671 2489 2726 quam
2526 2672 2654 2710 esse
2685 2657 3015 2710 debuerunt
3032 2662 3132 2711 aut
3154 2657 3290 2728 quia
3313 2675 3424 2713 non
3447 2659 3541 2715 his

1899 2746 2075 2800 rebus
2099 2745 2621 2800 accommodantur
2640 2745 2857 2816 quibus
2878 2748 3543 2815 accommodandasunt;

1899 2839 1962 2888 ut
1979 2835 2108 2888 ideo
2131 2833 2404 2888 dicantur
2419 2832 2736 2903 mala,quia
2756 2838 2894 2888 sunt
2917 2833 3541 2907 alienaetincongrua:

1900 2927 2184 2994 tanquam
2216 2921 2264 2976 si
2296 2921 2523 2976 dicatur
2544 2921 2760 2993 aliquis
2792 2938 2906 2976 non
2931 2922 3081 2978 bono
3115 2923 3286 2978 modo
3329 2924 3540 2994 egisse,

1901 3013 2038 3083 quia
2069 3010 2267 3066 minus
2295 3011 2416 3082 egit
2444 3027 2622 3080 quam
2651 3011 2873 3080 debuit,
2904 3017 3007 3066 aut
3035 3012 3170 3082 quia
3198 3012 3281 3067 ita
3310 3013 3429 3083 egit
3466 3012 3544 3067 si-

1900 3106 2000 3156 cut
2029 3101 2086 3155 in
2120 3116 2180 3155 re
2202 3099 2302 3154 tali
2326 3116 2439 3154 non
2461 3099 2683 3165 debuit,
2706 3099 2793 3154 vel
2831 3099 3086 3171 amplius
3121 3118 3291 3170 quam
3317 3107 3542 3172 oporte-

1901 3190 2021 3256 bat,
2045 3187 2132 3243 vel
2159 3204 2272 3242 non
2297 3188 2704 3243 convenienter
2723 3204 2736 3242 :
2757 3193 2821 3242 ut
2839 3187 2947 3243 hoc
2970 3187 3163 3259 ipsum
3181 3190 3334 3260 quod
3360 3206 3547 3261 repre-

1901 3278 2197 3349 henditur,
2224 3278 2376 3333 malo
2401 3278 2571 3332 modo
2595 3281 2812 3343 actum,
2845 3295 2958 3333 non
2984 3279 3055 3333 ob
3085 3279 3241 3332 aliud
3270 3280 3431 3349 juste
3453 3296 3543 3336 re-

1902 3368 2314 3440 prehendatur,
2339 3367 2450 3422 nisi
2475 3367 2613 3437 quia
2658 3384 2768 3421 non
2794 3373 2882 3422 est
2912 3368 2989 3422 ibi
3013 3372 3274 3422 servatus
3305 3369 3537 3425 modus.

1905 3459 2045 3512 Item
2079 3456 2302 3527 species
2334 3454 2486 3510 mala
2515 3454 2601 3509 vel
2635 3455 2690 3508 in
2724 3454 3155 3526 comparatione
3176 3455 3388 3510 dicitur
3418 3456 3538 3511 for-

1903 3545 2172 3600 mosioris
2194 3548 2368 3614 atque
2391 3543 2758 3614 pulchrioris,
2785 3545 2936 3614 quod
2961 3544 3071 3597 ista
3092 3543 3168 3598 sit
3199 3545 3390 3600 minor
3419 3561 3545 3616 spe-

1904 3635 2040 3699 cies,
2067 3631 2168 3686 illa
2197 3633 2405 3701 major,
2428 3648 2540 3686 non
2566 3631 2735 3696 mole,
2775 3633 2874 3686 sed
2913 3633 3116 3687 decore
3147 3638 3247 3687 aut
3269 3634 3406 3704 quia
3427 3650 3544 3689 non

1905 3719 2172 3793 congruit
2203 3720 2338 3774 huic
2359 3720 2441 3775 rei
2463 3719 2556 3774 cui
2576 3720 2837 3775 adhibita
2857 3727 2946 3775 est
2968 3726 3030 3775 ut
3054 3720 3246 3777 aliena
3266 3728 3321 3776 et
3342 3722 3546 3777 incon-

1905 3811 2146 3866 veniens
2193 3809 2490 3865 videatur:
2539 3814 2820 3880 tanquam
2849 3809 2898 3864 si
2931 3812 3125 3865 nudus
3148 3811 3321 3867 homo
3344 3813 3400 3866 in
3423 3813 3547 3867 foro

1908 3899 2261 3964 deambulet,
2295 3898 2448 3970 quod
2487 3915 2602 3952 non
2656 3899 2895 3953 oil‘endit
2942 3900 2988 3954 si
3028 3899 3086 3954 in
3118 3900 3325 3956 balneo
3366 3901 3557 3956 videa-

1907 3993 2022 4044 tur.
2050 3988 2333 4044 Similiter
2357 3993 2412 4042 et
2442 3988 2581 4042 ordo
2604 3993 2742 4042 tunc
2783 3987 2975 4042 malus
3019 3989 3252 4055 dicitur,
3283 4006 3416 4045 cum
3444 3989 3550 4045 mi-

1910 4095 2021 4133 nus
2067 4077 2194 4149 ipse
2241 4077 2381 4131 ordo
2431 4080 2742 4131 servatur:
2777 4079 2932 4132 unde
2979 4095 3093 4132 non
3149 4078 3226 4133 ibi
3259 4079 3419 4150 ordo,
3453 4079 3554 4134 sed

1910 4167 2106 4240 potius
2150 4165 2505 4220 inordinatio
2547 4164 2702 4220 mala
2733 4169 2842 4230 est,
2874 4182 3007 4221 cum
3040 4171 3141 4221 aut
3172 4167 3369 4223 minus
3400 4167 3556 4222 ordi-

1911 4261 2110 4311 natum
2163 4259 2252 4310 est
2282 4270 2458 4325 quam
2491 4254 2712 4323 debuit,
2746 4259 2847 4308 aut
2878 4271 2990 4310 non
3025 4255 3176 4310 sicut
3204 4257 3419 4310 debuit.
3446 4257 3556 4312 Ta-

1911 4360 2042 4400 men
2076 4342 2176 4398 ubi
2207 4343 2418 4414 aliquis
2442 4343 2671 4406 modus,
2693 4343 2888 4413 aliqua
2911 4345 3154 4414 species,
3179 4342 3392 4415 aliquis
3415 4345 3555 4401 ordo

1913 4438 2022 4500 est,
2045 4431 2280 4501 aliquod
2315 4432 2526 4485 bonum
2577 4436 2634 4484 et
2665 4429 2862 4500 aliqua
2886 4436 3093 4486 natura
3118 4436 3207 4487 est
3241 4448 3253 4487 :
3306 4432 3404 4486 ubi
3449 4448 3557 4487 au-

1913 4539 2004 4577 em
2023 4520 2222 4576 nullus
2242 4518 2641 4586 modus,nulla
2662 4518 3117 4590 species,nullus
3139 4520 3279 4575 ordo
3301 4525 3409 4586 est,
3425 4520 3556 4576 nul-

1914 4611 2036 4665 lum
2071 4609 2307 4671 bonum,
2341 4606 2502 4661 nulla
2524 4612 2732 4661 natura
2761 4622 2868 4662 est.

1986 4716 2218 4772 CAPUT
2251 4713 2447 4769 XXIV.
2468 4744 2538 4754 —
2578 4715 2918 4770 Testimoniis
2947 4715 3250 4787 Scriptura?
3286 4716 3562 4783 probatur

1916 4809 2088 4863 Deum
2118 4821 2232 4860 esse
2276 4807 2607 4859 incommula
2618 4802 2791 4872 lilem,
2815 4806 3017 4860 Filium
3038 4807 3134 4860 Dei
3154 4820 3268 4860 esse
3290 4807 3561 4877 genitum,

1917 4912 2026 4951 non
2055 4896 2284 4965 factum.
2313 4896 2442 4946 Haec
2468 4909 2591 4962 quin
2624 4897 2820 4948 nostra
2845 4894 2989 4948 fides
3019 4893 3216 4961 habet,
3240 4899 3297 4948 et
3339 4894 3564 4947 utcum-

1919 5000 2032 5056 que
2062 4983 2206 5037 ratio
2229 4980 2550 5052 vestigavit,
2585 4981 2912 5038 divinarum
2939 4982 3370 5053 Scripturarum
3401 4979 3564 5036 testi-

1920 5072 2133 5128 moniis
2185 5070 2503 5125 munienda
2535 5075 2700 5126 sunt:
2722 5077 2782 5125 ut
2802 5072 2900 5142 qui
2925 5087 2992 5126 ea
3023 5071 3245 5125 minore
3266 5069 3564 5125 intellectu

1922 5161 2152 5233 assequi
2185 5177 2298 5215 non
2332 5165 2601 5231 possunt,
2630 5161 2837 5214 divinae
2860 5159 3188 5215 auctoritati
3218 5160 3474 5227 credant,
3503 5161 3562 5213 et

1922 5253 1993 5309 ob
2025 5251 2133 5306 hoc
2156 5249 2480 5320 intelligere
2503 5248 2970 5314 mereantur.0ui
2991 5253 3182 5302 autem
3206 5245 3563 5319 intelligunt,

1923 5341 2020 5397 sed
2054 5337 2465 5395 ecclesiasticis
2492 5337 2723 5392 Litteris
2746 5337 2943 5392 minus
2964 5336 3231 5392 instructi
3254 5339 3413 5406 sunt,
3441 5352 3564 5391 ma-

1923 5433 2012 5505 gis
2036 5447 2103 5486 ea
2126 5447 2231 5485 nos
2254 5447 2322 5484 ex
2336 5433 2534 5484 nostro
2552 5428 2844 5484 intellectu
2869 5429 3141 5499 proferre,
3175 5428 3427 5498 quamin
3445 5426 3566 5484 illis

1929 5521 2111 5576 Libris
2132 5534 2280 5582 esse,
2327 5533 2439 5572 non
2464 5516 2839 5573 arbitrentur.
2867 5522 3065 5588 Itaque
3106 5516 3288 5572 Deum
3312 5533 3440 5572 esse
3470 5517 3566 5572 in-

1925 5605 2425 5672 commutabilem,
2453 5606 2536 5660 sic
2558 5607 2840 5676 scriptum
2863 5612 2951 5661 est
2982 5607 3038 5659 in
3066 5605 3308 5661 Psalmis
3333 5623 3346 5661 :
3384 5610 3568 5661 Muta-

1927 5701 2005 5756 bis
2026 5717 2112 5766 ea,
2136 5702 2187 5753 et
2203 5695 2584 5756 mutabuntur;
2606 5699 2790 5750 autem
2813 5697 2954 5750 idem
2983 5697 3098 5766 ipse
3119 5712 3171 5750 es
3194 5695 3567 5767 (Psal.c1.27).

1928 5795 1993 5846 Et
2011 5790 2068 5844 in
2087 5787 2235 5843 libro
2249 5782 2552 5858 Sapientia
2568 5785 2638 5840 de
2660 5784 2789 5858 ipsa
2808 5785 3105 5861 Sapientia
3127 5803 3140 5842 :
3165 5787 3224 5841 In
3240 5801 3293 5841 se
3305 5787 3420 5861 ipso
3449 5799 3571 5854 ma,
