4094 6462
444 389 595 477 539ἲ

446 535 583 575 nens
596 521 821 575 innovat
834 519 1263 591 omnia(Sap.m
1274 517 1563 590 27).Unde
1577 521 1632 572 et
1649 516 1947 590 apostolus
1960 517 2099 572 Pau-

448 608 896 673 lus:lnvisibili,
947 609 1365 680 incorruptibili
1404 610 1509 665 soli
1553 608 1725 678 Deo(l
1763 608 1956 671 Tim.1,
1986 608 2096 674 17).

453 698 524 753 Et
545 698 845 770 apostolus
866 698 1123 755 Jacobus
1151 716 1163 753 :
1191 699 1362 754 Omne
1390 699 1858 768 datumoptimun.
1874 710 1927 752 et
1946 711 2102 751 omne

453 785 654 843 donum
668 790 971 859 perfectum
991 788 1277 844 desursum
1299 792 1404 855 est,
1423 787 1749 843 descendens
1770 803 1804 840 a
1818 787 1983 840 Patre
2012 785 2100 839 lu-

453 878 691 947 minum,
718 877 863 948 apud
893 893 1052 949 quem
1077 894 1185 933 non
1220 882 1303 933 est
1326 876 1701 946 commutatio,
1724 891 1822 930 nec
1845 874 2105 930 momenti

455 967 801 1023 obumbralio
840 967 1049 1039 (Jacobi
1086 984 1126 1035 ι,
1165 968 1443 1039 17).1tem
1476 967 1615 1038 quia
1646 965 1703 1020 id
1751 966 1905 1037 quod
1942 965 2012 1021 de
2043 980 2105 1019 se

457 1048 679 1128 genuit,
712 1055 822 1113 hoc
842 1060 932 1112 est
949 1057 1103 1129 quod
1125 1056 1249 1129 ipse
1268 1060 1378 1122 est,
1402 1054 1737 1127 istaabipso
1758 1053 1896 1109 Filio
1920 1051 2104 1108 brevi-

456 1148 546 1200 ter
561 1143 813 1201 dicitur:
846 1146 957 1215 Ego
1004 1154 1056 1201 et
1098 1147 1263 1201 Pater
1295 1161 1469 1201 unum
1496 1161 1682 1200 sumus
1704 1146 1887 1217 (Joan.
1911 1161 1967 1213 ι,
1990 1140 2101 1215 30).

457 1232 605 1299 Quia
634 1237 807 1290 auten
831 1249 948 1289 non
971 1238 1061 1289 est
1090 1233 1275 1290 factus
1304 1232 1508 1303 Filius,
1530 1233 1746 1306 quippe
1768 1249 1900 1289 cum
1926 1228 2106 1305 peril-

456 1319 582 1377 lum
612 1321 765 1378 facta
788 1322 908 1377 sint
927 1322 1267 1391 omnia;sic
1311 1322 1594 1395 scriptum
1641 1325 1855 1379 estzln
1898 1322 2107 1395 princi-

455 1411 547 1483 pio
584 1418 703 1467 erat
736 1412 985 1481 Verbum,
1018 1415 1069 1467 et
1098 1410 1336 1468 Verbum
1371 1415 1491 1467 emt
1539 1412 1686 1484 apud
1731 1414 1922 1480 Deum,
1970 1413 2110 1467 Deus

459 1508 578 1556 erat
613 1498 866 1566 Verbum;
897 1500 995 1556 hoc
1023 1504 1141 1556 erat
1172 1501 1228 1556 in
1273 1503 1551 1572 principio
1580 1501 1731 1573 apud
1760 1503 1950 1557 Deum.
1985 1501 2110 1557 0m-

460 1590 562 1643 nia
583 1604 685 1660 per
712 1590 895 1661 ipsum
915 1592 1069 1660 facta
1087 1597 1237 1659 sunt,
1268 1598 1319 1645 et
1336 1592 1455 1646 sine
1480 1592 1594 1663 ipso
1622 1594 1838 1661 factum
1865 1596 1946 1646 est
1967 1590 2112 1645 nihil

464 1677 565 1750 (Id.
599 1694 639 1749 ι,
673 1678 783 1751 1-3)
809 1677 896 1733 :id
928 1682 1017 1733 est
1048 1696 1163 1734 non
1196 1679 1534 1735 estfactum
1558 1679 1684 1735 sine
1717 1680 1845 1752 ipso
1867 1679 2111 1751 aliquid.

538 1784 767 1842 CAPUT
805 1783 1220 1842 XXV.—-—Illud
1238 1786 1551 1858 Evangelii,
1582 1786 1716 1843 Sine
1738 1787 1865 1860 ipso
1896 1789 2115 1844 factum

469 1878 560 1931 est
589 1873 757 1942 nihil,
794 1875 941 1930 male
971 1875 1307 1933 intellectum
1338 1894 1373 1933 a
1393 1876 1702 1933 nonnullis.
1732 1878 1929 1949 Neque
1961 1876 2118 1933 enim

472 1962 765 2020 audienda
795 1968 935 2020 sunt
961 1963 1347 2021 deliramenta
1368 1964 1698 2034 hominum,
1723 1966 1821 2039 qui
1845 1967 1991 2022 nihil
2008 1965 2118 2022 hoc

470 2050 599 2109 loco
621 2051 841 2123 aliquid
866 2051 1313 2127 intelligendum
1351 2059 1579 2128 putant,
1612 2061 1669 2112 et
1693 2057 1764 2112 ad
1778 2054 2120 2128 hujusmodi

470 2143 785 2198 vanitatem
804 2147 1108 2214 propterea
1123 2148 1331 2215 putant
1352 2146 1475 2217 cogi
1499 2162 1669 2218 posse
1690 2145 1966 2218 aliquem,
1985 2147 2123 2218 quia

471 2230 669 2303 ipsum
685 2231 829 2286 nihil
858 2231 919 2286 in
952 2232 1068 2288 ﬁne
1090 2234 1391 2289 sententiae
1422 2234 1673 2306 positum
1707 2239 1813 2291 est.
1848 2237 1997 2308 Ergo
2027 2236 2122 2291 in-

475 2319 934 2392 quiunt,factum
956 2327 1061 2376 est.
1078 2320 1326 2378 Sensum
1348 2323 1505 2378 enim
1528 2323 1910 2394 perdiderunt
1927 2324 2121 2380 studio

474 2408 1041 2478 contradicendi,nec
1071 2410 1410 2483 intelligunt
1439 2411 1585 2467 nihil
1609 2414 1889 2469 interesse
1921 2418 2122 2469 utrum

476 2496 719 2577 dicatur.
752 2497 882 2555 Sine
903 2498 999 2555 illo
1028 2502 1235 2571 factum
1256 2504 1333 2556 est
1362 2502 1507 2556 nihil
1526 2518 1661 2571 ,‘an,
1692 2504 1822 2559 Sine
1852 2503 1949 2559 illo
1978 2502 2124 2558 nihil

475 2590 662 2660 [acum
691 2591 773 2645 est
804 2603 816 2643 :
851 2588 990 2659 quia
1018 2593 1075 2644 et
1096 2589 1145 2645 si
1168 2589 1265 2645 illo
1311 2589 1514 2647 ordine
1555 2591 2000 2658 diceretur,Sine
2028 2592 2125 2648 illo

479 2677 625 2733 nihil
654 2679 861 2747 factum
881 2686 960 2733 est
984 2693 996 2731 :
1024 2678 1663 2749 possentnihilominus
1685 2680 1895 2746 dicere,
1928 2682 2124 2754 ipsum

480 2766 629 2843 nihil
647 2766 867 2838 aliquid
890 2768 1188 2839 esse,quia
1211 2768 1427 2824 factum
1451 2771 1727 2836 εει.ουοό
1754 2772 1909 2827 enim
1932 2787 2128 2828 revera

485 2859 577 2912 est
607 2855 852 2927 aliquid,
886 2856 1027 2928 quid
1049 2856 1292 2912 interest
1308 2858 1599 2914 utrumita
1617 2859 2126 2928 dicatur,Sineillo

487 2944 641 3000 facta
663 2944 1002 3013 estdomus;
1028 2962 1124 3010 an,
1147 2946 1286 3001 Sine
1310 2945 1409 3001 illo
1431 2947 1643 3004 domus
1663 2952 1752 3003 est
1775 2949 1923 3005 facta
1949 2966 1961 3003 :
1983 2950 2126 3005 dum

487 3031 849 3103 intelligatur
869 3032 1088 3105 aliquid
1107 3034 1232 3089 sine
1252 3032 1353 3090 illo
1372 3035 1769 3107 factum,quod
1787 3036 2009 3109 aliquid
2032 3039 2130 3095 do-

488 3136 622 3176 mus
643 3126 731 3176 est
746 3120 773 3175 ‘t
798 3122 884 3176 Ita
904 3121 1043 3193 quia
1062 3122 1285 3177 dictum
1305 3126 1554 3190 est,Line
1584 3126 1679 3181 illo
1696 3126 1910 3195 factum
1929 3132 2008 3182 est
2033 3130 2125 3183 ni-

487 3207 594 3271 hil;
616 3209 894 3281 quoniam
918 3209 1064 3265 nihil
1088 3211 1288 3282 utique
1326 3229 1441 3268 non
1482 3218 1570 3269 est
1613 3213 1857 3286 aliquid,
1893 3218 2127 3288 quando

484 3312 616 3354 vere
644 3302 733 3353 est
762 3298 993 3371 proprie
1015 3298 1262 3355 dicitur:
1285 3300 1403 3356 sive
1434 3302 1683 3371 dicatur,
1721 3303 1850 3360 Sine
1892 3306 1988 3362 illo
2008 3308 2129 3378 fac-

479 3394 603 3444 tum
621 3396 698 3445 est
728 3388 898 3451 nihil;
920 3388 1203 3457 sive,Sine
1226 3389 1330 3445 illo
1342 3392 1485 3447 nihil
1504 3395 1711 3463 factum
1727 3402 1824 3460 est,
1851 3394 1960 3463 vel,
1982 3396 2129 3452 nihil

478 3478 557 3533 est
582 3480 815 3549 factum;
829 3478 975 3534 nihil
998 3479 1256 3535 interest.
1280 3480 1421 3548 Quis
1434 3486 1629 3538 autem
1650 3482 1790 3539 velit
1810 3483 1970 3556 loqui
1991 3502 2125 3543 cum

478 3565 841 3635 hominibus,
864 3568 962 3641 qui
994 3568 1105 3625 hoc
1129 3568 1324 3641 ipsum
1366 3571 1518 3641 quod
1532 3570 1670 3643 dixi,
1690 3572 1845 3628 Nihil
1863 3574 2123 3649 interest,

475 3662 728 3729 possunt
747 3658 959 3726 dicere,
977 3659 1122 3733 Ergo
1148 3660 1391 3718 interest
1412 3660 1802 3735 aliquid,quia
1820 3664 2014 3735 ipsum
2032 3668 2121 3723 ni-

475 3743 561 3800 hil
574 3746 790 3819 aliqnid
805 3748 923 3803 est?
934 3747 1003 3803 Hi
1016 3754 1210 3805 autem
1224 3750 1780 3821 quilsanumhabent
1793 3758 2118 3827 cerebrum,

474 3851 598 3890 rem
620 3836 1162 3893 manifestissimam
1183 3838 1517 3905 vident,hoc
1539 3840 1694 3895 idem
1716 3841 1961 3916 intelligi
1984 3861 2119 3902 cum

475 3923 614 3992 dixi,
638 3924 794 3980 Nihil
834 3925 1094 3995 interest,
1118 3927 1272 3999 quod
1314 3927 1735 3998 intelligeretur
1761 3931 1810 3985 si
1841 3932 2118 4003 dicerem,

473 4012 721 4071 Interest
741 4013 906 4070 nihil.
928 4016 1002 4070 At
1024 4015 1119 4071 isti
1136 4015 1188 4071 si
1212 4015 1385 4072 alicui
1407 4017 1626 4086 dicant,
1643 4018 1792 4083 Quid
1815 4021 1999 4077 fecisti
2014 4023 2042 4077 ‘l
2063 4028 2120 4079 et

464 4101 568 4163 ille
598 4105 967 4175 respondeat,
991 4105 1134 4160 nihil
1150 4123 1212 4161 se
1228 4106 1430 4162 fecisse
1453 4124 1465 4163 :
1486 4124 1849 4181 consequens
1871 4116 1962 4167 est
1983 4116 2047 4168 ut
2068 4113 2119 4169 ei

469 4191 905 4249 calumniantur
933 4194 1210 4264 dicentes,
1272 4195 1479 4251 Fecisti
1515 4212 1650 4269 ergo
1705 4198 1946 4271 aliquid,
1981 4202 2121 4273 quia

467 4279 615 4335 nihil
648 4281 864 4350 fecisti;
901 4282 1098 4355 ipsum
1133 4284 1289 4341 enim
1322 4284 1469 4340 nihil
1511 4287 1731 4359 aliquid
1762 4295 1867 4345 est.
1893 4293 2121 4347 Habent

467 4375 661 4426 autem
684 4375 742 4427 et
772 4372 964 4444 ipsum
997 4372 1308 4430 Dominum
1337 4374 1397 4430 in
1421 4375 1537 4431 fine
1559 4381 1857 4435 sententiis
1894 4397 2115 4452 ponen-

464 4461 585 4514 tem
624 4459 732 4516 hoc
763 4461 1029 4530 verbum,
1060 4462 1159 4517 ubi
1182 4463 1283 4531 ait,
1309 4479 1322 4518 :
1351 4465 1414 4519 Et
1444 4466 1505 4519 in
1533 4466 1735 4523 occulto
1757 4468 1968 4525 locutus
1994 4487 2115 4526 sum

465 4548 613 4603 nihil
637 4550 918 4620 (Id.xvm,
946 4550 1060 4623 20).
1086 4551 1237 4622 Ergo
1267 4551 1486 4624 legant,
1516 4559 1573 4610 et
1600 4559 1847 4613 taceant.

538 4635 772 4693 CAPUT
809 4638 1002 4695 XXVI.
1035 4670 1105 4682 --
1135 4640 1426 4697 Creaturas
1455 4658 1525 4697 ex
1553 4645 1736 4700 nihilo
1771 4648 1947 4717 factas
1975 4665 2109 4705 esse.

464 4725 610 4790 Quia
637 4743 773 4800 ergo
793 4728 944 4783 Deus
959 4728 1156 4785 omnia
1177 4746 1304 4801 quae
1323 4748 1436 4787 non
1462 4733 1533 4787 de
1556 4749 1617 4789 se
1633 4734 1854 4806 genuit,
1878 4738 1977 4793 sed
2008 4755 2113 4810 per

460 4814 717 4871 Verbum
741 4833 916 4872 suum
940 4817 1213 4887 fecit,non
1238 4819 1307 4875 de
1330 4819 1422 4875 his
1438 4820 1610 4878 rebus
1633 4826 1899 4896 quaejam
1922 4832 2108 4897 erant,

459 4904 562 4962 sed
594 4904 662 4961 de
684 4904 775 4961 his
799 4923 923 4977 quae
947 4907 1183 4964 omnino
1207 4925 1321 4965 non
1345 4914 1530 4979 erant,
1571 4911 1676 4968 hoc
1694 4918 1800 4985 est,
1830 4915 1901 4971 de
1928 4917 2108 4974 nihilo

456 4994 614 5065 fecit,
638 4993 719 5050 ita
738 4995 881 5052 dicit
906 4996 1253 5068 Apostolus:
1283 4999 1389 5067 Qui
1417 5008 1568 5055 vocat
1591 5016 1654 5057 ea
1675 5019 1793 5074 quae
1815 5020 1926 5059 non
1956 5012 2105 5075 sunt,

456 5087 725 5155 tanquam
752 5087 900 5140 sunt'
926 5086 1097 5157 (Rom.
1118 5104 1193 5155 ιν,
1220 5088 1327 5153 17).
1359 5089 1633 5159 Apertius
1655 5097 1849 5147 autem
1876 5093 1931 5148 in
1957 5093 2105 5153 libro

458 5172 920 5231 Machabaaorum
953 5176 1236 5247 scriptum
1260 5181 1384 5232 est:
1421 5177 1527 5233 Oro
1558 5184 1633 5245 te,
1663 5181 1768 5250 ﬁli,
1796 5185 2006 5254 respice
2036 5186 2107 5243 ad

456 5263 675 5332 caelum,
709 5267 1000 5328 etterram,
1033 5273 1085 5319 et
1113 5266 1300 5319 omnia
1331 5280 1455 5336 quae
1487 5268 1547 5320 in
1574 5269 1650 5322 eis
1680 5273 1807 5324 sunt
1836 5290 1857 5326 .·
1882 5274 2019 5340 vide,
2055 5278 2106 5331 et

455 5352 588 5406 scito
614 5354 746 5423 quia
794 5368 903 5407 non
946 5356 1122 5418 erant,
1167 5369 1237 5408 ex
1284 5354 1483 5425 quibus
1530 5372 1630 5411 nos
1675 5361 1804 5429 fecit
1840 5362 2106 5419 Dominus

453 5439 591 5494 Deus
620 5440 691 5511 (li
736 5441 976 5496 Machab.
1004 5459 1104 5512 vn,
1137 5444 1249 5514 28).
1292 5443 1361 5498 Et
1393 5443 1533 5499 illud
1582 5449 1736 5518 quod
1780 5448 1837 5504 in
1868 5450 2101 5510 Psalmo

454 5529 742 5600 scriptum
768 5535 877 5604 est,
900 5535 1021 5603 [pse
1050 5532 1216 5601 dixit,
1247 5536 1299 5589 et
1327 5533 1477 5603 [acta
1507 5540 1637 5591 sunt
1668 5539 1839 5609 (Psal.
1871 5558 2096 5613 cxnvm,

519 5727 537 5766 ί
568 5724 653 5778 Sic
681 5727 800 5777 Mss.
833 5726 969 5779 Editi
1000 5743 1146 5794 vero,
1177 5734 1423 5797 tanquam
1453 5745 1513 5784 ea
1541 5748 1650 5798 qua
1676 5739 1815 5788 sunt.

1042 388 1148 449 DE
1190 387 1513 449 NATURA
1562 385 1745 447 ΒΟΝῙ
1792 384 2103 446 CONTRA
2147 382 2655 459 MANICHIEOS,
2689 385 2756 445 S.
2803 380 3229 446 AUGUSTINI

3732 376 3855 439 560

2201 517 2284 587 5):
2316 517 2691 572 manifestum
2711 521 2820 581 est,
2840 515 2993 588 quod
3011 531 3123 571 non
3146 515 3216 570 de
3239 529 3300 569 se
3322 512 3435 568 ista
3452 510 3861 585 genuerit,sed

2203 605 2263 660 in
2277 607 2451 662 verbo
2471 612 2644 678 atque
2665 606 2910 678 imperio
2932 604 3318 668 fecerit.Quod
3338 608 3530 658 autem
3546 618 3662 658 non
3680 601 3751 656 de
3772 618 3859 671 se,

2206 695 2407 766 utique
2429 696 2499 751 de
2520 695 2725 751 nihilo.
2753 695 2878 750 Non
2901 695 3058 750 enim
3090 700 3214 749 erat
3244 692 3402 748 aliud
3439 692 3593 748 unde
3622 692 3862 757 faceret,

2207 784 2277 839 de
2291 801 2402 854 quo
2426 785 2793 856 apertissime
2815 784 3132 857 Apostolus
3148 782 3287 837 dicit
3305 799 3317 839 :
3335 784 3614 854 Quoniam
3635 797 3706 837 ex
3720 781 3862 853 ipso,

2206 878 2258 928 et
2278 890 2376 941 per
2394 876 2594 945 ipsum,
2618 880 2673 929 et
2694 877 2754 930 in
2777 876 2893 947 ipso
2911 877 3037 929 sunt
3069 874 3259 928 omnia
3287 874 3467 945 (Rom.
3495 889 3573 940 x1,
3600 872 3711 943 36).

2282 965 2511 1021 CAPUT
2528 965 2819 1022 XXVII.—
2837 971 2912 1019 Ex
2930 965 3055 1037 ipso
3077 968 3127 1020 et
3150 969 3225 1019 De
3244 965 3369 1036 ipso
3390 982 3497 1019 non
3521 965 3667 1020 idem
3686 963 3870 1032 signi-

2211 1053 2399 1125 ﬁcere.
2415 1056 2499 1110 Ex
2518 1058 2634 1125 ipso
2657 1059 2851 1111 autem
2876 1071 2990 1109 non
3014 1054 3119 1110 hoc
3141 1053 3614 1127 significat,quod
3630 1055 3708 1110 De
3721 1055 3864 1125 ipso.

2212 1142 2374 1207 Quod
2399 1144 2555 1200 enim
2571 1145 2639 1200 de
2657 1144 2784 1217 ipso
2801 1148 2907 1210 est,
2924 1148 3117 1216 potest
3139 1144 3250 1198 dici
3274 1160 3342 1199 ex
3358 1143 3512 1215 ipso:
3532 1160 3645 1200 non
3661 1147 3871 1199 autem

2213 1249 2385 1290 omne
2430 1234 2586 1307 quod
2626 1250 2695 1290 ex
2726 1234 2854 1307 ipso
2902 1237 3010 1304 est,
3030 1237 3182 1289 recte
3221 1232 3435 1288 dicitur
3484 1232 3554 1289 de
3590 1232 3740 1304 ipso.
3787 1234 3876 1286 Ex

2214 1321 2343 1395 ipso
2359 1324 2515 1379 enim
2540 1322 2750 1379 coelum
2772 1326 2827 1378 et
2847 1324 3167 1393 terra,quia
3183 1321 3307 1395 ipse
3330 1322 3466 1378 fecit
3495 1338 3563 1377 ea
3587 1337 3600 1377 :
3626 1338 3742 1377 non
3768 1336 3875 1377 an-

2213 1415 2332 1467 tem
2354 1413 2424 1468 de
2444 1413 2735 1484 ipso,quia
2754 1429 2870 1467 non
2893 1413 2963 1467 de
2985 1412 3628 1467 substantiasua.Sicut
3644 1410 3871 1483 aliquis

2218 1500 2393 1557 homo
2415 1501 2465 1556 si
2486 1501 2687 1573 gignat
2709 1501 2982 1569 ﬁlium,et
2996 1501 3519 1572 faciatdomum,ex
3538 1501 3666 1573 ipso
3688 1499 3869 1569 ﬁlius,

2218 1608 2288 1646 ex
2312 1591 2439 1662 ipso
2465 1592 2673 1646 domus
2702 1606 2713 1647 :
2738 1592 2837 1646 sed
2858 1590 3015 1645 ﬁlius
3034 1591 3103 1646 de
3126 1591 3271 1663 ipso,
3297 1592 3508 1669 domus
3538 1591 3608 1646 de
3629 1595 3785 1646 terra
3808 1594 3872 1646 et

2219 1678 2401 1751 ligno.
2419 1679 2529 1734 Sed
2545 1679 2652 1734 hoc
2675 1678 2813 1751 quia
2836 1679 3009 1735 homo
3031 1684 3139 1746 est,
3158 1680 3257 1751 qui
3284 1681 3403 1735 non'
3423 1683 3611 1751 potest
3632 1678 3863 1750 aliquid

2220 1770 2394 1824 etiam
2420 1768 2489 1823 de
2530 1767 2712 1823 nihilo
2739 1766 2959 1824 facere:
2985 1769 3138 1825 Deus
3173 1773 3365 1824 autem
3407 1786 3476 1825 ex
3506 1786 3617 1840 quo
3645 1769 3868 1840 omnia,

2222 1874 2325 1930 per
2347 1874 2519 1930 quem
2553 1858 2770 1930 omnia,
2803 1857 2861 1913 in
2903 1874 3017 1929 quo
3040 1858 3257 1925 omnia,
3290 1876 3402 1914 non
3436 1875 3580 1931 opus
3613 1858 3875 1916 habebat

2224 1946 2418 2019 aliqua
2436 1948 2700 2018 materia,
2720 1964 2896 2019 quam
2921 1948 3045 2021 ipse
3067 1966 3182 2005 non
3206 1949 3436 2018 fecerat,
3454 1948 3715 2020 adjuvari
3738 1964 3871 2005 om-

2222 2036 2603 2109 nipotentiam
2630 2054 2822 2093 suam.

2294 2126 2521 2183 CAPUT
2541 2125 2790 2181 XXVIII.
2822 2157 2892 2169 -
2922 2130 3155 2183 Peccata
3174 2144 3284 2184 non
3314 2144 3383 2183 ex
3405 2128 3530 2195 Deo,
3561 2127 3655 2183 sed
3686 2144 3755 2184 ex
3775 2144 3879 2186 vo-

2228 2218 2558 2274 luntateesse
2565 2218 2935 2289 peccantium.
2967 2217 3111 2272 Cum
3135 2222 3328 2273 autem
3354 2218 3879 2287 audimus,0mnia

2224 2326 2299 2365 ea:
2318 2311 2451 2381 ipso,
2485 2317 2535 2364 et
2549 2325 2647 2381 per
2667 2311 2925 2380 ipsum,et
2944 2312 3004 2365 in
3021 2311 3159 2381 ipso;
3184 2326 3389 2365 omnes
3406 2310 3607 2382 utique
3633 2317 3887 2368 naturas

2229 2398 2553 2471 intelligere
2587 2400 2869 2455 debemus
2919 2415 3045 2470 quae
3091 2400 3436 2454 naturaliter
3473 2404 3635 2456 sunt.
3678 2400 3889 2473 Neque

2229 2489 2385 2543 enim
2425 2505 2494 2543 ex
2521 2487 2648 2560 ipso
2678 2492 2819 2544 sunt
2849 2492 3107 2560 peccata,
3142 2503 3267 2560 qua:
3301 2493 3573 2545 naturam
3607 2506 3726 2545 non
3758 2507 3885 2546 ser-

2229 2583 2386 2644 vant,
2411 2578 2509 2633 sed
2534 2578 2757 2649 vitiant,
2786 2596 2912 2651 qua:
2938 2582 3172 2649 peccata
3193 2594 3260 2633 ex
3281 2577 3577 2635 voluntate
3601 2595 3732 2635 esse
3755 2596 3890 2651 pec-

2232 2667 2493 2725 centium
2536 2667 2741 2723 multis
2773 2668 2965 2723 modis
2996 2671 3198 2723 sancta
3237 2667 3541 2741 Scriptura
3596 2672 3881 2741 testatur,

2232 2757 2521 2830 praecipue
2567 2756 2666 2813 illo
2709 2756 2833 2813 loco
2886 2773 3003 2829 quo
3030 2757 3171 2812 dicit
3200 2757 3886 2829 Apostolus:E.vistimas

2232 2856 2414 2902 autem
2444 2847 2559 2915 hoc,
2580 2862 2616 2902 ο
2647 2848 2821 2914 homo,
2881 2848 2976 2918 qui
3009 2846 3230 2917 judicas
3265 2862 3351 2903 eos
3389 2848 3487 2918 qui
3516 2847 3653 2902 talia
3677 2858 3883 2921 agunt,

2232 2938 2369 3008 lacis
2388 2952 2471 3002 ea,
2494 2939 2755 3007 quoniam
2775 2940 2836 2991 tu
2863 2936 3089 3009 eﬂugies
3101 2936 3378 3008 judicium
3396 2936 3535 2992 Dei?
3565 2937 3648 2991 An
3668 2937 3882 2994 divini-

2231 3032 2313 3083 tas
2356 3030 2717 3100 benignitatis
2772 3034 2824 3085 et
2876 3030 3162 3101 patientiae
3209 3030 3324 3101 ejus
3385 3033 3435 3084 et
3482 3029 3885 3101 longanimatis

2232 3122 2556 3187 contemnis,
2589 3122 2851 3188 ignorans
2876 3122 3136 3191 quoniam
3172 3123 3441 3193 patientia
3467 3124 3566 3177 Dei
3597 3124 3671 3177 ad
3700 3125 3885 3188 paeni-

2231 3211 2458 3265 tentiam
2485 3218 2537 3265 te
2563 3209 2830 3265 adducit?
2870 3209 3175 3265 Secundum
3200 3209 3468 3266 duritiam
3485 3214 3675 3267 autem
3691 3212 3879 3268 cordis

2232 3301 2315 3354 tui
2333 3306 2384 3355 et
2413 3314 2502 3353 cor
2533 3298 3237 3370 impenitens,thesauriz.as
3270 3300 3375 3355 tibi
3401 3304 3545 3355 iram
3574 3302 3638 3355 in
3665 3301 3760 3357 dei
3784 3305 3887 3358 ira

2229 3391 2280 3442 et
2308 3388 2651 3443 reuelationis
2682 3390 2816 3457 iusti
2840 3387 3066 3459 iudicii,
3099 3389 3213 3461 Dei,
3237 3390 3335 3459 qui
3355 3389 3539 3445 reddet
3569 3392 3885 3463 unicuique

2227 3477 2530 3533 secundum
2547 3493 2709 3549 Opera
2737 3496 2841 3534 sua
2880 3478 2980 3550 (Id.
3006 3496 3072 3543 ιι,
3104 3479 3246 3551 3-6).

2298 3566 2530 3622 CAPUT
2552 3568 2747 3623 XXIX.
2767 3597 2829 3608 —-
2851 3568 3089 3623 Peccatis
3120 3570 3317 3624 nostris
3349 3572 3523 3625 Deum
3540 3584 3652 3625 non
3683 3571 3881 3642 inqui-

2226 3657 2374 3721 nari,
2398 3656 2512 3710 Nec
2527 3660 2746 3723 tamen,
2767 3672 2901 3712 cum
2926 3657 2983 3711 in
3003 3656 3119 3713 Deo
3142 3658 3260 3713 sint
3282 3658 3557 3714 universa
3575 3676 3706 3730 quas
3741 3676 3880 3716 con-

2225 3745 2719 3817 didit,inquinant
2739 3762 2874 3801 eum
2896 3746 3269 3817 quipeccant,
3293 3748 3362 3803 de
3385 3749 3556 3819 cujus
3578 3748 3873 3821 sapientia

2224 3834 2440 3890 dicitur
2466 3851 2478 3889 :
2514 3835 2750 3904 Atlingit
2770 3838 2951 3891 autem
2984 3837 3176 3892 omnia
3201 3841 3429 3909 propter
3456 3854 3613 3893 suam
3644 3838 3873 3895 mundi-

2223 3925 2418 3995 tiam‘,
2442 3928 2491 3979 et
2521 3924 2673 3980 nihil
2705 3927 3057 3997 inquinatum
3086 3929 3147 3980 in
3175 3942 3297 3982 eam
3354 3929 3565 3982 incurit
3585 3927 3745 4000 (Sap.
3768 3944 3867 3999 vn,

2220 4014 2311 4083 24,
2341 4014 2455 4085 25).
2490 4013 2730 4085 Oportet
2762 4014 2937 4084 enim,
2971 4018 3037 4069 ut
3079 4014 3231 4071 sicut
3261 4020 3440 4071 Deum
3480 4015 3869 4088 inccorrupti-

2221 4102 2395 4159 bilem
2432 4108 2489 4159 et
2519 4103 3093 4173 incommutabilem,
3128 4105 3209 4160 ita
3239 4112 3663 4177 consequenter
3691 4107 3871 4163 etiam

2220 4192 2781 4264 incoinquinabilem
2816 4194 3145 4250 credamus.

2290 4281 2522 4338 CAPUT
2545 4281 2709 4337 XXX.
2734 4314 2799 4323 —
2824 4284 2975 4338 Bona
3002 4285 3170 4339 etiam
3192 4284 3428 4339 minima
3457 4288 3509 4340 et
3529 4291 3752 4340 terrena
3764 4302 3875 4343 esse

2220 4387 2253 4425 a
2283 4372 2408 4427 Deo.
2438 4372 2584 4435 Quia
2613 4387 2747 4426 vero
2778 4376 2835 4427 et
2868 4372 3152 4441 mimima,
3179 4374 3349 4439 bona,
3374 4372 3482 4429 hoc
3500 4378 3608 4439 est,
3632 4378 3873 4430 terrena

2219 4464 2388 4530 atque
2415 4460 2684 4515 mortalia
2700 4461 2825 4533 ipse
2838 4461 3099 4527 fecit,illo
3119 4462 3379 4533 Apostoli
3407 4462 3530 4518 loco
3544 4462 3675 4519 sine
3692 4464 3868 4520 dubi-

2218 4550 2437 4605 tatione
2459 4548 2824 4621 intelligitur,
2860 4550 2961 4604 ubi
2993 4550 3239 4623 loquens
3263 4552 3334 4607 de
3366 4551 3650 4608 membris
3673 4553 3871 4609 carnis

2217 4642 2448 4707 nostris,
2476 4640 2617 4707 Quia
2639 4640 2689 4694 si
2707 4640 3067 4712 glorificatur
3090 4657 3265 4695 unum
3283 4641 3609 4709 membrum,
3625 4659 3868 4714 congau-

2215 4727 2546 4783 dentomnia
2557 4728 2819 4797 membra;
2840 4733 2889 4784 et
2909 4731 2960 4784 si
2967 4731 3183 4801 patitur
3199 4746 3376 4786 unum
3390 4731 3871 4799 membrum,mm-

2208 4820 2502 4889 patiuntur
2517 4818 2701 4873 omnia
2716 4818 3159 4883 membra;etiam
3171 4819 3280 4875 hoc
3295 4819 3374 4876 ibi
3392 4820 3495 4886 ait,
3517 4821 3659 4876 Deus
3673 4823 3862 4892 posuit

2212 4909 2477 4975 membra,
2502 4907 2784 4975 singulum
2800 4907 3041 4979 quodque
3059 4924 3245 4964 eorum
3270 4911 3327 4965 in
3349 4925 3575 4978 corpore
3591 4914 3755 4981 prout
3772 4928 3865 4967 vo-

2214 4997 2351 5051 luit:
2375 5000 2448 5062 et,
2470 4997 2607 5051 Deus
2626 4998 2951 5069 temperavit
2966 5015 3176 5070 corpus,
3207 5001 3268 5054 ei
3285 5001 3375 5054 cui
3390 4999 3577 5055 deerat
3599 5001 3864 5072 majorem

2212 5086 2469 5141 honorem
2484 5086 2640 5149 dans,
2675 5094 2737 5141 ut
2766 5103 2876 5142 non
2919 5091 3095 5144 essent
3115 5092 3367 5144 scissura:
3392 5091 3453 5145 in
3492 5105 3744 5162 corpore,
3763 5091 3868 5147 sed

2210 5176 2353 5231 idem
2383 5178 2557 5247 ipsum
2578 5182 2637 5230 ut
2649 5193 2751 5247 pro
2770 5179 3001 5233 invicem
3019 5178 3259 5233 sollicita
3275 5181 3386 5234 sint
3404 5179 3653 5234 membra
3674 5180 3716 5251 (Ι
3738 5180 3859 5235 Cor.

2210 5284 2309 5331 ιιι,
2330 5267 2421 5336 26,
2449 5268 2530 5332 18,
2562 5266 2651 5335 24,
2682 5267 2793 5336 25).
2816 5266 2930 5321 Hoc
2949 5273 3140 5322 autem
3171 5270 3322 5339 quod
3349 5269 3432 5323 sic
3456 5269 3511 5322 in
3532 5269 3705 5323 modo
3725 5275 3783 5324 et
3801 5270 3859 5325 in

2209 5355 2400 5427 specie
2413 5355 2684 5409 etordine
2700 5356 3030 5410 membroru
3043 5374 3096 5411 m
3113 5358 3304 5412 carnis
3321 5357 3861 5429 laudatApostolus,

2208 5444 2471 5501 omnium
2491 5443 2838 5501 animalium
2864 5462 3037 5501 carne
3056 5446 3364 5515 invenis,et
3390 5448 3785 5504 maximorum
3808 5452 3863 5504 et

2270 5678 2597 5791 inﬁg’i‘tigﬁzer
2614 5690 2759 5729 suam
2788 5678 3100 5730 munditiam
3123 5680 3190 5732 At
3216 5681 3339 5732 Mss.
3365 5678 3523 5745 juxta
3547 5678 3856 5744 Vulgatam,

2200 5756 2430 5807 propter,
2464 5756 2569 5791 etc.
