4094 6474
153 459 287 520 565

146 598 244 649 est
278 594 692 659 immoderata,
727 594 816 649 cui
851 595 1090 649 modum
1121 594 1266 666 legis
1299 595 1586 667 imponit?
1622 594 1678 649 Si
1701 612 1812 649 non

147 689 248 738 est
281 685 584 752 deformis,
618 684 758 754 quid
795 685 1108 739 reformat?
1149 685 1205 740 Si
1241 702 1354 739 non
1406 690 1494 739 est
1525 701 1811 756 perversa,

141 773 298 845 quid
333 773 644 827 emendat?
671 772 880 827 Omnia
911 773 1066 827 enim
1099 773 1217 828 haec
1250 791 1282 827 a
1311 774 1557 839 Christo,
1593 790 1705 827 non
1730 772 1811 826 illi

141 864 230 917 rei
259 863 523 934 praeteri
561 863 787 927 dicunt,
821 879 946 933 quae
981 864 1128 918 facta
1159 867 1247 918 est
1278 881 1310 918 a
1340 864 1539 927 Deo,et
1569 863 1810 918 arbitrio

144 952 393 1023 proprio
428 952 717 1023 peccando
744 952 1086 1022 depravata;
1121 956 1215 1008 sed
1255 952 1364 1023 ipsi
1397 961 1649 1019 naturae;
1696 951 1809 1023 ipsi

147 1041 504 1096 substantia:
539 1041 658 1112 Dei,
695 1057 823 1112 quae
855 1041 963 1095 hoc
995 1046 1081 1096 est
1115 1042 1264 1113 quod
1306 1047 1473 1096 Deus.

225 1130 463 1184 CAPUT
492 1130 652 1185 XLII.
673 1162 739 1169 —
763 1129 1187 1187 Manichaeorum
1218 1132 1292 1185 de
1323 1132 1423 1185 Dei
1452 1139 1664 1186 natura
1691 1130 1805 1185 bla-

138 1218 433 1290 sphemiae.
462 1218 607 1285 Quid
640 1219 769 1274 istis
801 1219 1183 1291 blasphemiis
1216 1220 1538 1290 comparari
1576 1219 1806 1289 potest?

143 1307 314 1362 Nihil
346 1308 606 1377 omnino,
640 1309 740 1363 sed
768 1311 783 1345 ί
825 1309 873 1362 si
906 1308 1153 1362 aliarum
1189 1325 1590 1380 perversarum
1616 1313 1803 1364 secta-

141 1413 280 1451 rum
316 1398 759 1452 considerentur
789 1414 1040 1453 errores:
1076 1399 1125 1452 si
1158 1402 1352 1452 autem
1385 1398 1493 1454 iste
1514 1397 1625 1452 sibi
1647 1415 1805 1452 error

140 1503 210 1542 ex
246 1490 414 1558 parte
467 1486 667 1555 altera,
710 1487 780 1540 de
829 1504 944 1557 qua
998 1487 1258 1541 nondum
1310 1487 1585 1552 diximus,
1641 1503 1803 1542 com-

143 1581 408 1649 paretur,
435 1576 624 1630 adhuc
639 1576 811 1630 etiam
843 1576 1025 1630 multo
1052 1576 1218 1646 pejus
1237 1581 1292 1631 et
1317 1575 1801 1630 exsecrabiliusin

144 1665 246 1722 Dei
283 1671 551 1720 naturam
583 1664 989 1737 blasphemare
1013 1665 1615 1720 convincitur.Dicunt
1644 1668 1798 1720 enim

141 1755 326 1810 etiam
361 1754 673 1810 nonnullas
704 1755 952 1825 animas,
987 1771 1132 1825 quas
1163 1755 1365 1809 volunt
1390 1771 1517 1810 esse
1559 1756 1628 1810 de
1659 1756 1796 1810 sub-

139 1844 364 1900 stantia
400 1846 495 1899 Dei
544 1848 599 1898 et
646 1845 908 1914 ejusdem
961 1844 1198 1899 omnino
1253 1849 1489 1913 naturzp,
1523 1861 1648 1915 quae
1683 1861 1797 1899 non

140 1940 352 2006 sponte
385 1933 765 2005 peccaverint,
801 1934 896 1988 sed
930 1951 961 1988 a
992 1938 1161 2004 gente
1194 1935 1584 2002 tenebrarum,
1619 1951 1794 2005 quam

141 2022 287 2078 mali
323 2028 590 2077 naturam
612 2023 830 2088 dicunt,
849 2024 917 2077 ad
939 2039 1111 2094 quam
1149 2022 1551 2078 debellandam
1571 2041 1686 2079 non
1714 2024 1796 2078 ul-

140 2113 363 2181 tro,sed
386 2113 569 2183 patris
586 2112 827 2182 imperio
850 2112 1590 2184 descenderunt,superataa
1615 2121 1667 2168 et
1689 2130 1795 2183 op-

140 2219 361 2274 pressae
393 2202 532 2266 sint,
561 2201 718 2272 afﬁgi
749 2200 804 2254 in
840 2205 1120 2255 aeternum
1153 2200 1324 2272 globo
1347 2200 1610 2255 horribili
1633 2207 1792 2256 tene-

138 2292 408 2346 brarum.
436 2293 518 2345 Ita
548 2291 870 2344 secundum
903 2306 1103 2344 eorum
1135 2289 1416 2362 sacrilega
1439 2290 1790 2361 vaniloquia,

144 2383 299 2436 Deus
314 2381 582 2452 seipsum
599 2379 654 2434 in
681 2380 935 2451 quadam
956 2384 1116 2451 parte
1132 2397 1164 2434 a
1179 2396 1389 2452 magno
1414 2379 1564 2434 malo
1585 2380 1790 2435 libera-

139 2472 247 2535 vit,
282 2478 338 2526 et
368 2486 575 2525 rursus
607 2486 668 2525 se
698 2470 888 2540 ipsum
922 2469 979 2524 in
1004 2470 1254 2541 quadam
1280 2473 1440 2541 parte
1472 2469 1787 2538 damnavit,

144 2577 327 2633 quam
362 2559 607 2615 liberare
647 2560 718 2614 ab
751 2559 918 2614 hoste
949 2576 1060 2613 non
1097 2559 1300 2630 potuit,
1336 2563 1391 2614 et
1413 2563 1694 2630 tanquam
1719 2561 1789 2614 de

140 2651 274 2720 ipso
309 2649 472 2704 hoste
492 2648 971 2720 devictoinsuper
993 2649 1450 2719 triumphavit.0
1483 2649 1787 2704 scelestam

143 2743 202 2793 et
234 2737 634 2792 incredibilem
678 2738 1007 2806 audaciam,
1045 2737 1185 2792 talia
1228 2739 1298 2792 de
1348 2738 1462 2793 Deo
1494 2738 1785 2808 credendi,

139 2826 285 2882 talia
313 2826 609 2898 loquendi,
642 2827 784 2881 talia
813 2825 1194 2897 praedicandi!
1242 2828 1403 2892 Quod
1436 2844 1567 2882 cum
1590 2829 1786 2883 defen-

140 2918 279 2972 dere
327 2925 632 2982 conantur,
665 2921 730 2970 ut
761 2916 817 2971 in
852 2917 1050 2987 pejora
1085 2918 1303 2971 irruant
1333 2916 1548 2973 clausis
1577 2919 1785 2988 oculis,

138 3007 347 3061 dicunt
369 3007 390 3040 ²
414 3005 576 3060 malae
609 3011 831 3060 natura;
863 3007 1334 3060 commixtionem
1370 3007 1554 3062 facere
1585 3008 1787 3078 ista,ut

140 3095 297 3150 bona
329 3095 427 3150 Dei
463 3103 668 3149 natura
699 3099 860 3149 tanta
908 3094 1061 3149 mala
1102 3095 1382 3167 patiatur:
1429 3113 1562 3150 nam
1597 3097 1783 3168 ipsam

138 3185 295 3256 apud
329 3201 390 3239 se
420 3183 605 3255 ipsam
633 3183 777 3238 nihil
809 3184 1013 3238 horum
1049 3184 1166 3254 pati
1193 3185 1451 3255 potuisse
1480 3185 1565 3239 vel
1591 3202 1780 3257 posse.

136 3273 314 3337 Quasi
349 3273 483 3328 inde
518 3272 805 3328 laudanda
827 3273 902 3328 sit
933 3274 1784 3347 naturaincorruptibilis,quia

135 3363 265 3435 ipsa
297 3362 406 3418 sibi
442 3379 553 3418 non
588 3367 774 3430 nocet,
826 3367 882 3417 et
913 3380 1025 3417 non
1059 3363 1194 3434 quia
1227 3363 1370 3417 nihil
1404 3364 1453 3418 ei
1487 3367 1678 3420 noceri
1711 3368 1781 3421 ab

136 3452 336 3524 aliquo
371 3458 579 3525 potest.
614 3453 832 3507 Deinde
862 3453 908 3506 si
943 3457 1152 3508 natura
1181 3454 1552 3508 tenebrarum
1585 3457 1783 3511 nocuit

135 3547 360 3596 natura:
377 3541 776 3607 Dei,etnatura
800 3542 897 3596 Dei
918 3542 1114 3596 nocuit
1131 3550 1348 3596 natura:
1372 3544 1780 3612 tenebrarum;

137 3631 256 3685 duo
287 3647 423 3703 ergo
456 3631 610 3686 mala
641 3637 778 3685 sunt
809 3649 935 3701 quae
965 3631 1076 3685 sibi
1098 3630 1344 3685 invicem
1378 3638 1781 3699 nocuerunt,et

136 3721 379 3776 meliore
411 3721 604 3776 animo
636 3720 745 3775 fuit
775 3738 916 3792 gens
947 3721 1339 3791 tenebrarum,
1367 3722 1504 3792 quia
1533 3727 1588 3776 et
1610 3723 1656 3777 si
1677 3740 1776 3779 no-

133 3811 275 3876 cuit,
305 3809 507 3865 nolens
537 3811 762 3878 nocuit;
797 3826 983 3881 neque
1006 3811 1161 3865 enim
1194 3812 1536 3880 nocere,sed
1552 3811 1663 3866 frui
1689 3830 1778 3868 vo-

133 3898 244 3954 luit
267 3899 416 3953 bono
448 3899 738 3954 Dei.Deus
770 3903 962 3954 autem
996 3898 1153 3954 illam
1188 3899 1552 3972 exstinguere
1573 3901 1775 3973 voluit,

134 3989 290 4044 sicut
321 3988 672 4043 Manichacus
694 3989 1059 4060 apertissime
1090 3989 1144 4043 in
1170 3989 1418 4061 epistola
1439 3991 1660 4046 ruinosi
1685 3991 1776 4047 sui

133 4077 515 4132 Fundamenti
552 4077 776 4132 delirat.
811 4076 1036 4133 Oblitus
1068 4077 1221 4133 enim
1256 4079 1407 4149 quod
1445 4079 1616 4148 paulo
1640 4086 1775 4136 ante

131 4166 374 4233 dixerat,
402 4168 476 4222 Ita
509 4175 690 4222 autem
716 4168 1087 4238 fundamenta
1116 4172 1242 4223 sunt
1262 4169 1498 4241 ejusdem
1526 4171 1774 4240 splendi-

129 4255 361 4311 dissima
388 4271 557 4324 regna
584 4273 750 4327 supra
789 4256 1029 4311 lucidam
1059 4266 1110 4312 et
1141 4257 1350 4312 beatam
1380 4263 1605 4326 terram,
1649 4270 1710 4315 ut
1740 4277 1774 4317 a

127 4346 288 4400 nullo
317 4362 557 4416 unquam
589 4348 926 4412 autmoveri,
954 4350 1049 4400 aut
1069 4349 1286 4402 concuti
1301 4349 1510 4417 possint
1532 4369 1552 4414 ;
1573 4354 1772 4420 postea

129 4433 276 4489 dixit
301 4451 313 4488 :
339 4435 498 4489 Lucis
521 4450 642 4489 vero
665 4436 998 4491 beatissima:
1020 4437 1200 4504 Pater,
1223 4438 1400 4490 sciens
1418 4437 1595 4492 labem
1623 4455 1773 4507 mag-

129 4541 259 4579 nam
285 4539 354 4577 ac
382 4526 699 4578 vastitatem
729 4540 845 4594 quae
867 4540 938 4578 ea:
967 4524 1200 4578 tenebris
1219 4530 1484 4594 surgeret,
1512 4526 1770 4582 adversus

128 4630 228 4669 sua
256 4617 443 4667 sancta
476 4613 784 4684 impendere
805 4613 1028 4680 saecula,
1052 4615 1164 4668 nisi
1182 4614 1407 4684 aliquod
1428 4617 1693 4671 eximium
1709 4635 1772 4672 ac

122 4704 464 4776 praclarum
498 4711 548 4757 et
575 4704 777 4757 virtute
804 4712 988 4772 potens
1019 4720 1218 4758 numen
1237 4713 1471 4775 opponat
1490 4706 1530 4772 ³,
1562 4722 1664 4777 quo
1685 4723 1770 4761 su-

122 4801 274 4865 peret
293 4792 464 4846 simul
493 4808 557 4846 ac
584 4791 823 4847 destruat
851 4795 1074 4863 stirpem
1106 4793 1474 4862 tenebrarum,
1507 4811 1613 4866 qua
1640 4811 1765 4851 exs-

127 4885 298 4938 tincta
323 4887 586 4953 perpetua
616 4884 765 4954 quies
790 4882 928 4936 lucis
956 4882 1149 4938 incolis
1183 4892 1493 4953 pararetur.
1529 4887 1669 4940 Ecce
1693 4886 1766 4940 ti-

127 4971 478 5028 muitlabem
498 4987 562 5025 ac
579 4970 909 5026 vastitatem
925 4971 1356 5043 impendentem
1373 4972 1600 5029 saeculis
1623 4975 1764 5030 suis.

125 5064 284 5116 Certe
316 5060 399 5115 sic
431 5064 596 5115 erant
641 5061 880 5115 fundata
910 5077 1086 5131 super
1132 5061 1386 5115 lucidam
1440 5067 1496 5117 et
1538 5064 1769 5119 beatam

123 5155 358 5219 terram,
384 5154 449 5203 ut
479 5167 512 5204 a
543 5148 702 5204 nullo
726 5166 984 5221 unquam
1019 5150 1232 5205 moveri
1257 5156 1357 5205 aut
1385 5153 1614 5206 concuti
1639 5170 1768 5223 pos-

122 5238 291 5296 sent?
309 5239 452 5294 Ecce
473 5255 507 5293 a
535 5238 742 5294 timore
760 5255 965 5295 nocere
977 5237 1158 5294 voluit
1173 5237 1376 5295 vicinis
1405 5241 1768 5313 genti,quam

126 5330 422 5385 destruere
454 5333 509 5383 et
554 5328 920 5399 exstinguere
968 5331 1210 5383 conatus
1242 5333 1350 5396 est,
1399 5333 1463 5383 ut
1492 5335 1770 5401 perpetua

125 5419 292 5492 quies
317 5416 466 5473 lucis
497 5416 701 5472 incolis
732 5418 1254 5489 pararetur.Quare
1285 5435 1398 5472 non
1431 5419 1678 5485 addidit,
1704 5420 1769 5475 Et

127 5512 474 5582 perpetuum
507 5506 845 5562 vinculum?
867 5513 952 5562 An
976 5507 1084 5562 illae
1107 5508 1313 5563 anima:
1340 5525 1486 5580 quas
1515 5508 1572 5564 in
1597 5509 1767 5583 globo

129 5597 499 5657 tenebrarum
535 5596 591 5650 in
625 5601 901 5651 aeternum
936 5598 1193 5669 contigit,
1230 5615 1342 5654 non
1375 5603 1538 5653 erant
1565 5599 1765 5656 incolis

188 5709 204 5742 ί
237 5707 367 5762 Vox.
396 5703 502 5763 sed,
536 5704 686 5753 abest
720 5705 784 5753 ab
810 5706 892 5753 Er.
926 5706 1088 5768 Lugd.
1123 5709 1252 5755 Ven.
1285 5708 1406 5756 Lov.
1479 5709 1543 5756 Μ.

188 5770 389 5828 ³Εάίιί,
439 5783 500 5817 ne
528 5767 580 5817 in
634 5769 813 5831 pejora
870 5767 1090 5831 irritant,
1143 5770 1328 5822 clausis
1383 5769 1536 5821 oculis
1569 5771 1762 5824 dicunt.

122 5833 448 5886 Emendatur
477 5846 541 5881 ex
570 5831 689 5880 Mss.

189 5896 211 5936 ³
235 5895 480 5961 Plerique
499 5893 644 5960 Mam,
676 5892 844 5948 lumen
872 5896 1110 5961 opponat.

1627 459 1863 521 LIBER
1905 459 2142 522 UNUS.

3460 465 3580 531 566

1925 592 2094 659 lucis,
2128 595 2196 650 de
2230 596 2444 668 quibus
2468 605 2664 669 aperte
2688 599 2848 667 dicit,
2874 601 3028 671 quod
3056 616 3244 657 errare
3262 616 3317 656 se
3343 619 3375 655 a
3392 604 3579 673 priore

1926 683 2111 738 lucida
2141 701 2237 739 sua
2270 695 2467 741 natura
2497 705 2671 758 passae
2701 691 2856 743 sint?
2879 691 2974 744 ubi
3009 695 3066 744 et
3098 690 3299 746 nolens
3340 697 3575 746 coactus

1919 778 2009 828 est
2039 775 2248 840 dicere,
2276 775 2454 832 libera
2468 793 2563 832 eas
2581 777 2875 833 voluntate
2900 781 3294 850 peccasse,qui
3322 798 3432 835 non
3449 782 3573 837 vult

1918 869 2219 933 peccatum
2257 882 2465 936 ponere
2498 866 2606 921 nisi
2634 867 2690 921 in
2717 868 3060 923 necessitate
3095 875 3311 923 naturae
3346 876 3570 925 contra-

1917 952 2042 1006 riae:
2077 953 2293 1024 ubique
2318 956 2582 1010 nesciens
2604 957 2742 1027 quid
2765 956 3118 1028 loquatur,et
3139 963 3416 1029 tanquam
3445 960 3566 1031 ipse

1906 1040 2031 1112 jam
2070 1041 2330 1098 inclusus
2363 1043 2439 1098 sit
2472 1044 2527 1098 in
2562 1047 2933 1100 tenebrarum
2968 1045 3136 1116 globo
3168 1064 3336 1117 quem
3377 1048 3562 1116 ﬁnxit,

1913 1147 2179 1201 quaerens
2202 1150 2317 1203 qua
2334 1138 2515 1199 exeat,
2547 1137 2605 1188 et
2632 1152 2745 1189 non
2765 1135 3085 1190 inveniens.
3103 1135 3210 1190 Sed
3237 1137 3389 1191 dicat
3406 1140 3562 1206 quod

1909 1218 2035 1274 vult
2065 1222 2321 1277 seductis
2377 1227 2432 1277 et
2465 1223 2715 1293 miseris,
2751 1241 2784 1279 a
2833 1223 3047 1294 quibus
3080 1224 3264 1278 multo
3312 1226 3565 1298 amplius

1912 1324 2086 1379 quam
2111 1309 2375 1365 Christus
2408 1312 2748 1382 honoratur,
2767 1317 2830 1367 ut
2860 1314 2967 1367 hoc
2997 1313 3182 1383 pretio
3213 1317 3333 1369 tam
3360 1313 3562 1387 longas

1909 1400 1966 1451 et
1995 1402 2114 1452 tam
2148 1399 2460 1472 sacrilegas
2510 1400 2593 1455 eis
2655 1401 2885 1456 fabulas
2939 1402 3169 1457 vendat.
3196 1402 3360 1458 Dicat
3404 1407 3560 1475 quod

1908 1485 2049 1552 vult,
2084 1486 2345 1543 includat
2376 1489 2434 1543 in
2465 1489 2633 1561 globo
2658 1493 2940 1561 tanquam
2975 1491 3032 1545 in
3064 1508 3294 1546 carcere
3324 1499 3557 1564 gentem

1905 1575 2300 1645 tenebrarum,
2334 1581 2390 1631 et
2412 1577 2733 1633 forinsecus
2765 1579 2961 1649 afﬁgat
2985 1583 3254 1634 naturam
3286 1579 3556 1647 lucis,cui

1906 1663 1977 1717 de
2011 1663 2172 1718 hoste
2202 1665 2484 1720 exstincto
2516 1667 2768 1737 quietem
2785 1671 3120 1738 perpetuam
3154 1669 3550 1740 promittebat:

1905 1768 2035 1808 ecce
2062 1755 2223 1824 pejor
2253 1759 2342 1809 est
2375 1772 2542 1826 pmna
2573 1755 2721 1811 lucis
2753 1773 2927 1827 quam
2960 1758 3355 1826 tenebrarum,
3391 1759 3555 1830 pejor

1904 1847 1993 1897 est
2026 1860 2193 1914 paena
2225 1843 2429 1898 divinis
2462 1849 2679 1899 naturis
2714 1862 2889 1917 quam
2919 1847 3108 1917 gentis
3139 1848 3410 1904 adversae.
3447 1847 3552 1906 Illa

1903 1931 2119 2002 quippe
2149 1932 2256 1986 etsi
2287 1931 2344 1985 in
2378 1934 2634 1989 tenebris
2665 1932 2826 1988 intus
2850 1938 2956 2001 est,
3005 1935 3075 1990 ad
3108 1940 3379 1990 naturam
3419 1938 3548 2006 ejus

1903 2022 2153 2090 pertinet
2199 2020 2257 2075 in
2301 2022 2557 2077 tenebris
2611 2022 2906 2078 habitare:
2951 2023 3158 2078 animae
3192 2029 3386 2080 autem
3419 2042 3549 2097 quae

1901 2108 2008 2163 hoc
2040 2115 2177 2164 sunt
2207 2111 2360 2181 quod
2387 2111 2561 2175 Deus,
2599 2129 2714 2167 non
2748 2116 3020 2183 poterunt
3048 2114 3246 2184 recipi,
3278 2114 3428 2170 sicut
3459 2115 3549 2170 di-

1899 2196 1996 2268 cit,
2031 2198 2088 2252 in
2118 2215 2292 2267 regna
2324 2198 2423 2254 illa
2441 2199 2702 2270 pacifica,
2723 2205 2778 2254 et
2808 2217 2842 2254 a
2870 2199 2987 2255 vita
3008 2217 3072 2255 ac
3090 2201 3353 2257 libertate
3375 2220 3552 2259 sanc-

1898 2291 1967 2341 tae
1999 2285 2146 2342 lucis
2196 2287 2625 2359 alienabuntur,
2667 2295 2726 2344 et
2773 2290 3141 2360 conligentur
3187 2291 3244 2344 in
3277 2293 3548 2363 praedicto

1899 2374 2159 2431 horribili
2189 2376 2394 2449 globo:
2439 2379 2595 2433 unde
2627 2381 2679 2434 et
2711 2378 3095 2445 adhaerebunt,
3124 2379 3331 2451 inquit,
3366 2382 3435 2436 iis
3460 2399 3546 2439 re-

1898 2465 1995 2520 bus
2025 2467 2232 2523 anima:
2257 2467 2456 2522 eadem
2487 2484 2623 2540 quas
2660 2467 3001 2536 dilexerunt,
3038 2470 3251 2524 relictae
3281 2472 3340 2524 in
3363 2471 3546 2527 eodem

1897 2557 2246 2611 tenebrarum
2275 2557 2449 2627 globo,
2499 2559 2616 2612 suis
2644 2559 2856 2613 meritis
2907 2558 2960 2613 id
3003 2558 3112 2613 sibi
3138 2561 3539 2630 conquirentes.

1895 2645 2058 2701 Certe
2089 2663 2204 2701 non
2227 2651 2314 2701 est
2344 2645 2594 2701 liberum
2617 2646 2932 2702 voluntatis
2963 2647 3269 2703 arbitrium
3293 2649 3321 2704 ?
3338 2648 3541 2706 Videte

1895 2736 2186 2806 quomode
2215 2735 2516 2790 insaniens
2544 2735 2680 2806 quid
2715 2737 2868 2790 dicat
2889 2735 3136 2808 ignorat,
3162 2742 3220 2790 et
3250 2738 3540 2795 contraria

1894 2822 2004 2878 sibi
2035 2822 2324 2894 loquendo
2358 2825 2523 2895 pejus
2555 2824 2770 2879 bellum
2810 2830 3010 2879 contra
3059 2840 3120 2880 se
3163 2826 3332 2898 gerit,
3366 2843 3538 2897 quam

1893 2917 2094 2967 contra
2128 2917 2306 2966 Deum
2339 2913 2526 2984 ipsius
2563 2914 2756 2984 gentis
2797 2914 3188 2969 tenebrarum.
3241 2915 3455 2971 Deinde
3486 2916 3538 2973 si

1894 3007 2195 3074 propterea
2225 3002 2582 3058 damnantur
2610 3003 2819 3058 animae
2850 3002 3021 3067 lucis,
3049 3004 3188 3074 quia
3210 3004 3538 3060 dilexerunt

1891 3091 2190 3158 tenebras;
2216 3091 2432 3161 injuste
2462 3093 2778 3146 damnatur
2806 3108 2950 3163 gens
2979 3093 3370 3162 tenebrarum,
3409 3111 3536 3166 quis

1892 3178 2078 3235 lucem
2113 3179 2332 3235 dilexit.
2353 3181 2417 3234 Et
2447 3197 2588 3252 gens
2614 3181 2850 3252 quidem
2881 3182 3277 3249 tenebrarum,
3299 3199 3424 3254 quae
3448 3183 3536 3238 lu-

1891 3285 2013 3324 cem
2047 3269 2117 3323 ab
2162 3269 2326 3324 initio
2360 3269 2581 3336 dilexit,
2637 3286 2810 3340 quam
2857 3270 2964 3326 etsi
3010 3269 3310 3338 violenter,
3341 3276 3536 3328 tamen

1890 3357 2187 3429 possidere
2215 3358 2415 3428 voluit,
2451 3376 2564 3413 non
2590 3359 2959 3430 exstinguere
2986 3374 2998 3413 :
3023 3358 3171 3414 lucis
3201 3364 3398 3414 autem
3433 3378 3538 3416 na-

1887 3451 2019 3502 tura
2048 3449 2106 3501 in
2139 3447 2288 3502 bello
2317 3449 2588 3503 tenebras
2619 3449 2987 3518 exstinguere
3015 3448 3223 3515 voluit;
3257 3465 3357 3504 eas
3396 3466 3532 3522 ergo

1886 3536 2034 3590 victa
2061 3536 2274 3591 dilexit.
2311 3538 2474 3603 Quod
2506 3537 2680 3591 vultis
2711 3537 2933 3608 eligite:
2956 3542 3153 3591 utrum
3187 3539 3533 3594 necessitate

1889 3625 2190 3696 compulsa
2205 3631 2267 3679 ut
2281 3625 2924 3696 diligerettenebras,an
2949 3624 3245 3680 voluntate
3267 3627 3526 3682 seducta.

1887 3714 1943 3770 Si
1980 3715 2537 3787 necessitate,quare
2560 3714 2912 3770 damnatur?
2943 3714 2992 3769 si
3023 3713 3530 3786 voluntate,quare

1885 3803 1988 3859 Dei
2021 3809 2229 3858 natura
2276 3803 2334 3857 in
2381 3807 2543 3857 tanta
2591 3802 2900 3874 iniquitate
2946 3803 3440 3874 deprehenditur?
3469 3805 3525 3859 Si

1887 3893 2225 3948 necessitate
2258 3893 2356 3948 Dei
2381 3899 2589 3947 natura
2621 3897 2818 3948 coacta
2848 3897 2935 3948 est
2967 3892 3204 3965 diligere
3235 3895 3526 3965 tenebras,

1883 3982 2035 4038 victa
2065 3989 2153 4038 est
2183 4000 2338 4055 ergo,
2373 3999 2488 4036 non
2507 3981 2670 4037 vicit:
2694 3981 2741 4037 si
2766 3981 3079 4049 voluntate,
3109 3982 3388 4054 quidjam
3424 3983 3531 4038 mi-

1884 4071 1997 4126 seri
2028 4071 2300 4126 dubitant
2330 4071 2610 4143 peccandi
2641 4069 2996 4126 voluntatem
3030 4071 3286 4126 tribuere
3309 4077 3527 4126 naturae

1884 4176 2061 4234 quam
2095 4161 2248 4216 Deus
2287 4177 2355 4216 ex
2402 4159 2585 4216 nihilo
2632 4160 2788 4228 fecit,
2839 4176 2912 4215 ne
2940 4159 3204 4215 tribuant
3255 4176 3379 4216 eam
3414 4159 3530 4215 luci

1882 4266 2057 4322 quam
2092 4249 2297 4322 genuit
2323 4250 2351 4304 ?

1951 4374 2179 4430 CAPUT
2217 4374 2412 4429 XLIII.
2464 4405 2532 4415 —-
2582 4374 2724 4429 Mala
2754 4376 2879 4430 ante
2908 4375 3046 4429 mali
3085 4375 3526 4431 commixtionem

1879 4465 2055 4518 multa
2093 4464 2267 4519 tribui
2285 4471 2514 4520 naturae
2540 4464 2640 4518 Dei
2663 4481 2698 4518 α
2728 4463 3067 4520 Manichazis.
3101 4463 3326 4528 Quid,si
3350 4465 3524 4520 etiam

1880 4553 2407 4618 ostendimus,ante
2419 4554 2889 4608 commixtionem
2905 4551 3249 4623 mali,quam
3267 4553 3529 4610 fabulose

1879 4643 2186 4697 confictam
2218 4641 2659 4696 dementissime
2690 4640 3083 4712 crediderunt,
3127 4640 3186 4696 in
3219 4643 3346 4713 ipsa
3377 4642 3524 4698 lucis

1880 4735 2111 4795 natura,
2145 4745 2322 4800 quam
2356 4729 2578 4793 dicunt,
2604 4745 2816 4801 magna
2845 4727 3002 4783 mala
3032 4729 3250 4784 fuisse?
3281 4730 3418 4800 quid
3452 4731 3523 4785 ad

1879 4819 2024 4874 istas
2056 4818 2450 4890 blasphemiae
2478 4818 2611 4873 addi
2644 4835 2814 4889 posse
2841 4818 3176 4874 videbitur?
3212 4818 3332 4874 Illic
3367 4819 3522 4874 enim

1880 4907 1990 4964 fuit
2021 4913 2330 4978 antequam
2366 4912 2742 4979 pugnaretur,
2764 4907 2908 4962 dura
2932 4912 2988 4964 et
3011 4907 3357 4962 inevitabilis
3380 4912 3524 4980 pug-

1880 4998 2058 5052 nandi
2091 4997 2444 5053 necessitas:
2471 5014 2600 5052 ecce
2622 4998 2748 5068 jam
2783 5013 3062 5069 magnum
3111 4997 3327 5052 malum
3360 5002 3521 5053 ante-

1881 5103 2057 5159 quam
2090 5086 2241 5142 bono
2273 5086 2618 5142 misceretur
2660 5086 2911 5142 malum:
2965 5087 3162 5141 dicant
3205 5086 3312 5141 hoc
3347 5087 3520 5157 unde,

1880 5193 2014 5232 cum
2047 5177 2236 5231 adhuc
2259 5175 2416 5231 nulla
2444 5180 2597 5232 esset
2630 5177 2781 5231 facta
2811 5175 3169 5231 commixtio.
3220 5176 3280 5230 Si
3325 5181 3521 5232 autem

1879 5265 2193 5321 necessitas
2225 5282 2339 5321 non
2365 5265 2785 5333 erat,voluntas
2807 5280 2942 5335 ergo
2973 5268 3098 5319 erat
3119 5280 3131 5318 :
3151 5265 3303 5319 unde
3335 5272 3390 5320 et
3413 5265 3520 5321 hoc

1878 5359 2000 5410 tam
2032 5371 2312 5427 magnum
2345 5354 2587 5425 malum,
2618 5359 2682 5408 ut
2714 5358 2860 5408 Deus
2882 5353 3006 5424 ipse
3029 5357 3245 5408 natura:
3269 5371 3384 5410 sua
3417 5371 3520 5410 no-

1879 5460 2006 5500 cere
2035 5443 2224 5514 vellet,
2245 5445 2338 5500 cui
2361 5444 2552 5500 noceri
2581 5443 2650 5499 ab
2683 5441 2850 5498 hoste
2881 5459 2992 5498 non
3025 5447 3268 5514 poterat,
3290 5445 3521 5501 mitten-

1879 5533 1951 5589 do
1983 5550 2111 5590 eam
2134 5533 2837 5599 crudelitermiscendam,
2866 5532 3113 5604 turpiter
3129 5534 3518 5606 purgandam,

1877 5621 2078 5696 inique
2110 5622 2545 5678 damnandam?
2576 5622 2718 5678 Ecce
2747 5625 3030 5692 quantum
3064 5621 3286 5679 malum
3319 5624 3521 5695 perni-

1879 5711 2045 5768 ciosae
2077 5717 2132 5766 et
2160 5714 2340 5769 noxiae
2388 5717 2444 5767 et
2480 5711 2922 5767 immanissima:
2970 5712 3311 5779 voluntatis,
3355 5717 3518 5769 ante-

1877 5818 2052 5872 quam
2088 5800 2272 5856 ullum
2307 5800 2523 5856 malum
2548 5802 2618 5858 de
2649 5806 2818 5872 gente
2843 5803 3133 5857 contraria
3155 5802 3518 5860 misceretur.

1877 5893 1963 5949 An
1995 5890 2144 5947 forte
2173 5891 2469 5950 nesciebat
2497 5892 2606 5949 hoc
2626 5896 2970 5952 eventurum
2993 5892 3276 5952 membris
3303 5890 3522 5962 suis,ut
