4094 6434
463 414 582 478 567

474 549 782 621 diligerent
801 550 1071 605 tenebras
1092 548 1413 605 etinimicze
1427 548 1740 603 existerent
1757 540 2122 606 sanctaeluci,

1072 418 1175 479 DE
1219 416 1544 480 NATURA
1587 414 1771 476 BONI
1816 410 2127 474 CONTRA
2173 405 2684 468 MANICHEOS.
2732 407 2797 467 S.
2844 404 3279 468 AUGUSTINI

3769 404 3895 467 568

2226 556 2365 612 pum
2398 540 2860 605 tenebrarum,et
2889 554 2954 593 eo
2988 538 3159 593 modo
3176 536 3368 593 vitalis
3401 537 3907 605 substantia,hoc

477 639 631 695 sicut
662 639 785 710 ipse
811 639 971 706 dicit,
1020 639 1129 695 hoc
1159 643 1269 707 est,
1305 655 1417 693 non
1450 641 1679 692 tantum
1713 641 1825 690 Deo
1859 649 1987 697 suo,
2021 630 2120 687 sed
2223 631 2334 691 est.
2359 628 2454 683 Dei
2488 632 2718 694 natura,
2751 644 2928 700 quam
2963 627 3166 683 dicunt
3198 627 3255 682 in
3296 644 3495 683 eorum
3526 627 3882 699 corporibus

480 729 655 783 etiam
690 728 844 783 Patri
875 729 946 783 de
994 745 1112 800 quo
1163 728 1367 783 erant?
1408 726 1570 783 Unde
1616 740 1751 795 ergo
1783 724 1891 779 hoc
1922 724 1980 775 in
2013 720 2128 776 Deo

483 822 603 872 tam
638 834 919 889 magnum
946 817 1287 890 ignorantiae
1321 815 1564 884 malum,
1599 820 1914 885 antequam
1947 809 2130 865 ullum

488 908 559 963 de
585 913 757 980 gente
770 908 1061 962 contraria
1077 906 1418 963 misceretur
1434 904 1653 960 malum
1671 904 1698 959 ?
1721 904 1778 958 Si
1812 905 2005 956 autem
2024 898 2134 953 hoc

490 997 755 1052 futurum
786 996 1030 1063 sciebat,
1050 1001 1149 1051 aut
1179 996 1536 1068 sempiterna
1564 993 1625 1048 in
1650 993 1746 1047 illo
1779 996 1902 1046 erat
1934 988 2137 1044 crude-

490 1084 647 1153 litas,
682 1086 731 1141 si
762 1088 833 1141 de
864 1103 981 1141 suae
1031 1092 1249 1140 natura:
1301 1086 1499 1140 futura
1546 1078 2039 1138 contaminatione
2085 1079 2140 1131 et

495 1176 869 1231 damnatione
902 1174 1296 1231 nihildolebat
1321 1192 1333 1240 ;
1357 1180 1457 1229 aut
1490 1172 1851 1245 sempiterna
1883 1164 2140 1235 miseria,

498 1264 548 1322 si
579 1264 837 1320 dolebat:
871 1265 1025 1319 unde
1047 1268 1103 1319 et
1131 1264 1238 1319 hoc
1259 1267 1488 1318 tantum
1510 1260 1733 1317 malum
1765 1257 1985 1314 summi
2008 1253 2145 1311 boni

500 1354 677 1409 vestri
710 1358 841 1408 ante
872 1352 1051 1408 ullam
1083 1351 1556 1407 commixtionem
1604 1348 1822 1406 summi
1856 1346 2146 1402 malives-

503 1443 623 1498 tri?
676 1443 803 1514 ipsa
839 1447 992 1496 certe
1024 1441 1307 1513 particula
1338 1445 1558 1495 natura;
1591 1438 1796 1511 ipsius,
1830 1452 1960 1508 qua
1988 1433 2048 1488 in
2081 1432 2149 1487 il-

505 1532 621 1586 lius
651 1530 808 1603 globi
838 1536 1051 1586 aeterno
1082 1530 1313 1586 vinculo
1340 1528 1675 1602 conﬁgitur,
1697 1527 1746 1583 si
1768 1526 1876 1581 hoc
1911 1523 2021 1580 sibi
2045 1522 2153 1577 im-

507 1619 727 1676 minere
759 1620 1071 1687 nesciebat,
1103 1620 1278 1676 etiam
1310 1618 1393 1674 sic
1409 1618 1604 1675 eratin
1636 1621 1849 1672 natura
1879 1613 1979 1669 Dei
2000 1627 2151 1668 sem-

506 1709 733 1782 piterna
770 1709 1129 1781 ignorantia;
1182 1710 1231 1764 si
1272 1713 1467 1764 autem
1518 1706 1756 1771 sciebat,
1801 1702 2157 1774 sempiterna

510 1797 783 1854 miseria:
812 1799 965 1853 unde
982 1797 1091 1853 hoc
1112 1803 1340 1853 tantum
1364 1796 1610 1861 malum,
1627 1798 1943 1865 antequam
1968 1788 2155 1845 ullum

512 1889 584 1944 de
601 1892 772 1959 gente
794 1888 1086 1943 contraria
1108 1887 1451 1943 misceretur
1467 1884 1683 1942 malum
1706 1883 1733 1939 ?
1750 1884 1833 1937 An
1866 1882 2011 1937 forte
2035 1895 2159 1934 ma-

515 1992 632 2049 gna
660 1976 940 2031 obaritate
970 1977 1279 2048 gaudebat,
1325 1976 1463 2048 quia
1494 1991 1594 2047 per
1621 1974 1748 2045 ejus
1779 1985 2007 2043 pmnam
2031 1984 2157 2040 per-

490 2071 695 2137 rpetua
725 2065 891 2137 quies
922 2065 1143 2121 caeteris
1174 2064 1322 2120 lucis
1375 2062 1583 2120 incolis
1631 2061 1948 2135 parabatur
1974 2058 2003 2113 ‘l
2044 2056 2162 2112 Hoc

521 2168 698 2228 quam
730 2154 892 2211 nefas
922 2154 998 2211 sit
1028 2155 1217 2211 dicere
1246 2154 1345 2227 qui
1374 2153 1552 2219 videt,
1575 2146 2090 2208 anathemet‘.Sed
2114 2145 2163 2200 si

522 2242 633 2298 hoc
662 2241 869 2299 saltem
904 2244 984 2300 ita
1013 2245 1243 2315 faceret,
1278 2246 1341 2299 ut
1369 2243 1498 2314 ipsa
1527 2242 1642 2297 luci
1666 2238 1904 2296 inimica
1933 2252 2049 2292 non
2064 2235 2162 2289 fie-

523 2338 629 2399 ret,
681 2337 877 2404 posset
918 2334 1163 2390 tortasse
1210 2350 1326 2389 non
1356 2337 1637 2403 tanquam
1674 2329 1770 2386 Dei
1801 2332 2032 2391 natura,
2064 2323 2164 2379 sed

518 2424 800 2492 tanquam
830 2420 1045 2493 aliquis
1072 2421 1246 2477 homo
1284 2420 1532 2487 laudari,
1581 2418 1681 2491 qui
1711 2434 1811 2490 pro
1844 2413 2030 2488 patria
2057 2427 2164 2467 sua

517 2509 690 2566 vellet
721 2508 857 2565 mali
906 2507 1122 2581 aliquid
1172 2508 1309 2581 pati,
1363 2508 1517 2581 quod
1557 2506 1795 2579 quidem
1839 2501 2061 2558 malum
2093 2500 2160 2555 ad

517 2603 753 2672 tempus
777 2603 973 2671 posset
994 2614 1143 2666 esse,
1179 2615 1291 2654 non
1325 2597 1383 2653 in
1415 2602 1695 2653 aeternum
1723 2614 1736 2652 :
1761 2609 1918 2649 nunc
1945 2608 2080 2647 vero
2110 2592 2168 2646 et

518 2688 680 2745 illam
714 2689 771 2743 in
804 2688 1358 2760 globotenebrarum
1393 2684 2167 2742 conﬂxionemdicuntaeter—

518 2795 676 2843 nam,
700 2782 757 2833 et
773 2794 887 2834 non
921 2779 1206 2849 cujusque
1229 2778 1447 2845 rei,sed
1475 2779 1695 2831 natura:
1728 2774 1862 2841 Dei;
1889 2779 1945 2829 et
1966 2772 2168 2843 utique

516 2866 959 2939 iniquissimum
989 2876 1043 2923 et
1073 2866 1422 2923 exsecrabile
1451 2870 1508 2922 et
1536 2863 1910 2920 ineffabiliter
1938 2864 2169 2919 sacrile-

520 2972 662 3028 gum
684 2955 964 3027 gaudium
995 2962 1133 3023 erat,
1169 2957 1217 3010 si
1240 2955 1339 3010 Dei
1364 2960 1570 3011 natura
1598 2954 1889 3026 gaudebat
1914 2969 1975 3008 se
2006 2958 2167 3008 teno-

522 3046 657 3100 bras
678 3044 1048 3113 dilecturam,
1079 3048 1137 3100 et
1164 3044 1280 3099 luci
1311 3042 1853 3100 sanctae-inimicam
1885 3043 2165 3098 futuram.

524 3134 687 3192 Unde
709 3134 817 3191 hoc
838 3139 957 3190 tam
987 3134 1245 3191 immane
1277 3139 1335 3190 et
1373 3134 1688 3190 scelestum
1720 3132 1963 3203 malum,
2006 3136 2167 3188 ante-

524 3241 703 3296 quam
735 3222 920 3279 ullum
948 3229 1198 3298 exgente
1229 3223 1521 3280 contraria
1545 3222 1887 3279 misceretur
1908 3221 2169 3277 malum?

523 3314 663 3378 Quis
695 3317 812 3369 tam
842 3329 1172 3387 perversam
1205 3318 1261 3369 et
1289 3317 1410 3369 tam
1432 3312 1674 3385 impiam
1699 3311 2166 3379 feratinsaniam,

523 3418 756 3459 summo
789 3403 940 3459 malo
971 3403 1223 3459 tribuere
1252 3406 1417 3458 tanta
1446 3402 1618 3469 bona,
1650 3406 1707 3457 et
1732 3417 1964 3457 summo
1991 3402 2165 3466 bono,

522 3493 677 3565 quod
706 3494 860 3549 Deus
890 3497 1000 3563 est,
1031 3496 1193 3549 tanta
1223 3492 1418 3548 mala?

594 3582 825 3638 CAPUT
862 3582 1051 3638 XLIV.
1076 3612 1144 3623 —-
1165 3582 1554 3654 Turpitudines
1568 3580 1918 3637 incredibiles
1933 3597 1969 3635 a
1990 3581 2167 3636 Mani-

521 3671 672 3729 chaee
700 3672 1021 3741 excogitatae
1052 3673 1108 3727 in
1133 3677 1261 3727 Deo.
1303 3672 1432 3727 Jam
1472 3687 1604 3726 vero
1633 3672 1782 3742 quod
1814 3671 2001 3743 ipsam
2036 3688 2167 3743 par-

523 3765 642 3817 tem
668 3767 887 3816 naturae
918 3761 1018 3816 Dei
1051 3760 1255 3816 dicunt
1277 3761 1493 3832 ubique
1525 3759 1868 3831 permixtam
1900 3760 1957 3814 in
1986 3759 2168 3823 caelis.

525 3849 585 3904 in
621 3851 812 3919 terris,
846 3850 955 3905 sub
986 3850 1178 3919 terris,
1213 3850 1270 3903 in
1304 3848 1578 3904 omnibus
1609 3848 1970 3919 corporibus,
1999 3848 2171 3905 siccis

526 3942 585 3995 et
616 3937 899 4009 humidis,
932 3937 989 3992 in
1023 3938 1298 3993 omnibus
1325 3936 1622 4006 carnibus,
1674 3936 1734 3992 in
1775 3936 2049 3993 omnibus
2082 3953 2171 3993 se-

528 4027 789 4083 minibus
821 4026 2166 4095 arborum,herbarum,hominum,animalium:

528 4133 643 4172 non
676 4119 933 4189 potentia
961 4116 1275 4172 divinitatis
1307 4115 1430 4172 sine
1449 4114 1568 4172 ullo
1599 4132 1744 4171 nexu
1767 4114 2170 4189 incoinqnina-

526 4206 740 4275 biliter,
772 4206 1197 4273 inviolabiliter,
1232 4204 1750 4277 incorruptibiliter
1778 4206 2051 4263 omnibus
2083 4222 2172 4263 re-

524 4297 637 4351 bus
668 4296 1149 4351 administrandis
1193 4294 1580 4366 regendisque
1619 4299 1985 4367 praesentem,
2018 4296 2172 4368 quod

526 4401 633 4440 nos
655 4385 725 4440 de
760 4386 869 4439 Deo
891 4385 1172 4449 dicimus;
1193 4386 1289 4440 sed
1312 4384 1576 4456 ligatam,
1608 4385 2172 4456 oppressam,pollu-

525 4479 668 4540 tam,
700 4491 873 4545 quam
919 4473 1084 4541 solvi,
1118 4473 1373 4540 liberari,
1421 4473 1776 4546 purgarique
1800 4474 2022 4538 dicunt,
2057 4491 2172 4530 non

527 4562 719 4620 solum
750 4579 851 4635 per
880 4563 1211 4618 discursum
1245 4561 1384 4617 solis
1415 4566 1473 4618 et
1501 4563 1676 4633 luna,
1715 4566 1771 4618 et
1800 4562 2047 4618 virtutes
2076 4562 2173 4619 lu-

527 4652 633 4717 cis,
666 4668 864 4705 vernn
897 4652 1073 4707 etiam
1118 4668 1221 4724 per
1254 4651 1474 4707 Eiectos
1505 4668 1671 4707 suos:
1716 4652 1823 4707 hoc
1853 4666 2039 4724 genus
2069 4669 2174 4707 ne.

530 4739 860 4796 fandissimi
892 4740 1104 4796 erroris
1134 4756 1311 4813 quam
1360 4740 1675 4813 sacrilegas
1717 4744 1775 4796 et
1806 4740 2173 4798 incredibiles

529 4829 928 4901 turpitudines
976 4829 1060 4886 eis
1092 4830 1353 4900 suadeat,
1396 4830 1627 4886 etiamsi
1659 4846 1773 4886 non
1806 4831 2172 4902 persuadeat,

531 4918 810 4974 horribile
856 4922 945 4975 est
992 4918 1219 4974 dicere.
1266 4918 1479 4974 Dicunt
1519 4919 1673 4975 enim
1722 4919 1967 4974 virtutes
2022 4919 2174 4977 lucis

529 5008 932 5079 transfigurari
956 5007 1014 5062 in
1043 5007 1335 5063 masculos
1365 5007 1661 5080 pulchros,
1683 5014 1740 5064 et
1759 5008 1969 5081 Opponi
2004 5009 2173 5065 femi—

528 5096 620 5153 nis
651 5098 841 5169 gentis
870 5100 1271 5165 tenebrarum;
1320 5104 1374 5153 et
1418 5100 1653 5155 easdem
1696 5116 1901 5155 rursus
1931 5099 2173 5155 virtutes

525 5185 676 5243 lucis
705 5188 1109 5259 transﬁgurari
1141 5188 1198 5244 in
1238 5187 1486 5244 feminas
1526 5188 1822 5260 pulchras,
1869 5195 1926 5244 et
1956 5188 2172 5261 opponi

526 5276 805 5333 masculis
831 5278 1406 5349 gentistenebrarum
1429 5303 1443 5345 ;
1464 5282 1641 5349 utper
1670 5276 2169 5350 pulchritudinem

522 5381 691 5420 suam
725 5366 1092 5423 inﬂamment
1138 5366 1584 5438 spurcissimam
1614 5365 1919 5424 libidinem
1952 5367 2167 5440 princi-

586 5464 603 5531 ξ
633 5464 751 5531 Am.
771 5466 836 5531 _et
864 5464 979 5531 Er_.:
1015 5464 1113 5514 Hoc
1132 5479 1285 5531 quam
1298 5467 1459 5531 nefas
1481 5466 1550 5531 sit
1563 5465 1744 5531 dicere,
1768 5468 1967 5514 natura
1986 5465 2081 5531 Dei
2097 5466 2170 5518 sic

517 5523 801 5592 subveniri;
845 5523 1153 5592 quicumque
1176 5528 1346 5586 audit,
1372 5523 1853 5592 'anathematizaret,
1885 5531 1995 5592 etc.
2018 5530 2165 5589 Lov.,

517 5586 619 5651 Hoc
648 5601 802 5646 quam
832 5586 983 5651 nefas
1018 5586 1087 5638 sit
1117 5592 1302 5647 dicere,
1335 5596 1533 5640 natura:
1560 5591 1657 5640 Dei
1688 5606 1719 5641 a
1751 5596 1941 5641 natura
1970 5591 2066 5640 Dei
2096 5586 2169 5642 sic

517 5648 794 5719 subveniri,
827 5648 1128 5719 quicumque
1156 5653 1320 5719 audit,
1354 5654 1829 5719 anathematizoret,
1848 5658 1944 5703 etc.
1971 5656 2035 5719 At
2060 5668 2167 5704 me-

520 5710 669 5775 lioris
704 5710 846 5762 uotae
875 5715 1015 5771 Msa,
1042 5710 1282 5775 'omisso,
1309 5710 1532 5765 natura
1569 5717 1660 5765 Dei
1688 5732 1717 5765 a
1757 5710 1943 5765 natura
1977 5718 2069 5766 Dei
2095 5720 2168 5768 sic

519 5773 812 5845 subveniri,_
840 5776 1071 5845 habent;
1110 5779 1221 5845 _Hoc
1248 5773 1401 5845 quam
1428 5780 1673 5845 nefassit
1701 5779 1866 5830 dicere
1895 5781 1983 5845 qui
2012 5780 2163 5845 videt,

520 5837 830 5909 anathemet.
861 5838 966 5909 Sed
1007 5839 1058 5909 si
1102 5839 1197 5909 hoc
1240 5837 1421 5893 saltem
1469 5837 1544 5893 ita
1568 5842 1790 5906 faceret:
1827 5837 2037 5909 supple,
2073 5837 2166 5895 illa

517 5900 774 5962 particula
796 5903 995 5954 natura
1014 5901 1128 5954 Dei.

2242 716 2482 788 ligatam
2518 716 2794 782 teneri,ex
2815 732 3013 772 eorum
3043 716 3323 772 membris
3352 732 3451 786 per
3470 717 3664 788 ipsam
3685 733 3908 777 concu-

2240 806 2589 879 piscentiam
2621 803 2914 872 relaxatis,
2949 805 3138 861 soluta
3179 806 3383 877 fugiat,
3416 810 3473 860 et
3502 812 3779 879 suscepta
3808 807 3905 863 vel

2241 898 2489 967 purgata
2519 894 2815 950 liberetur.
2845 898 2963 950 Hoc
2995 894 3255 950 infelices
3288 894 3634 967 legunt,hoc
3665 897 3901 965 dicunt,

2242 984 2350 1039 hoc
2382 984 2649 1049 audiunt,
2676 983 2786 1039 hoc
2803 984 3193 1051 credunt,hoc
3222 983 3446 1040 inlibro
3479 985 3730 1057 septimo
3751 986 3906 1041 The-

2246 1073 2403 1129 sauri
2437 1090 2640 1129 eorum
2661 1074 2767 1144 (sic
2797 1074 2953 1129 enim
2976 1072 3274 1147 appellant
3295 1074 3665 1144 scripturam,
3693 1091 3909 1147 quam-

2247 1162 2376 1217 dam
2396 1162 2823 1229 Manichaei,ubi
2840 1163 2963 1218 ista;
2982 1162 3352 1235 blasphemiae
3380 1164 3721 1236 conscriptis
3740 1156 3907 1237 sunt)

2247 1249 2327 1305 ita
2358 1249 2610 1321 positum
2646 1257 2771 1306 est:
2827 1253 2969 1307 Tunc
3000 1252 3185 1307 beatus
3214 1253 3313 1307 ille
3341 1254 3529 1320 Pater,
3562 1256 3660 1325 qui
3689 1254 3909 1310 lucidas

2248 1354 2415 1393 naves
2444 1339 2603 1394 habet
2622 1339 2931 1396 diversoria
2943 1351 2992 1397 et
3008 1341 3329 1397 habitacula
3343 1358 3440 1397 seu
3460 1343 3907 1411 magnitudines,

2248 1443 2349 1501 pro
2380 1430 2547 1483 insita
2575 1430 2686 1483 sibi
2712 1431 3003 1485 clementia
3030 1434 3140 1502 fert
3165 1446 3344 1502 opem,
3377 1448 3486 1502 qua
3507 1433 3737 1488 exuitur
3766 1438 3821 1489 et
3843 1434 3910 1488 li-

2255 1516 2475 1572 beratur
2501 1520 2569 1572 ab
2601 1520 2792 1587 impiis
2820 1521 3145 1576 retinaculis
3173 1525 3225 1576 et
3242 1523 3517 1591 angustiis
3544 1529 3710 1593 atque
3734 1538 3909 1592 angoo

2258 1608 2411 1661 ribus
2447 1622 2567 1665 suae
2613 1609 2805 1664 vitalis
2850 1610 3226 1666 substantiae‘.
3277 1612 3464 1682 Itaque
3494 1612 3772 1667 invisibili
3808 1629 3909 1668 suo

2256 1703 2395 1750 nutu
2426 1696 2556 1751 illas
2583 1714 2711 1753 suas
2741 1699 2989 1767 virtutes,
3042 1715 3166 1771 qua
3214 1702 3272 1755 in
3303 1700 3617 1757 clarissima
3642 1702 3746 1757 hac
3774 1704 3912 1758 navi

2264 1785 2548 1859 habentur,
2598 1790 2977 1861 transﬁgurat,
3028 1805 3223 1863 easque
3267 1806 3462 1862 parere
3486 1793 3626 1861 facit
3655 1793 3913 1847 adversis

2260 1877 2636 1947 potestatibus.
2669 1894 2791 1950 quae
2821 1880 2881 1934 in
2909 1881 3150 1948 singulis
3179 1881 3436 1935 caelorum
3460 1880 3725 1936 tractibus
3752 1882 3913 1937 ordi-

2262 1967 2409 2019 natae
2437 1976 2583 2022 sunt.
2606 1968 2735 2035 Qum
2765 1971 3024 2040 quoniam
3046 1987 3120 2026 ex
3134 1973 3361 2043 utroque
3373 1987 3510 2026 sexu
3535 1972 3918 2029 masculorum

2264 2069 2330 2109 ac
2355 2058 2691 2123 feminarum
2721 2062 3040 2131 consistunt,
3065 2060 3188 2115 ideo
3207 2060 3499 2129 prwdictas
3528 2062 3759 2118 virtutes
3784 2079 3920 2134 par-

2264 2147 2372 2197 tim
2399 2146 2579 2215 specie
2621 2162 2921 2217 puerorum
2968 2151 3267 2204 investium
3305 2165 3517 2221 parere
3536 2150 3695 2221 jubet
3721 2153 3921 2223 generi

2267 2231 2492 2289 adverso
2518 2236 2875 2305 feminarum,
2903 2240 3113 2309 partim
3142 2239 3425 2307 virginum
3454 2237 3762 2294 lucidarum
3795 2242 3919 2311 for-

2267 2337 2369 2377 ma
2398 2326 2590 2393 generi
2626 2328 2903 2382 contrario
2940 2326 3360 2396 masculorum;
3403 2328 3577 2384 sciens
3606 2344 3695 2384 eas
3724 2345 3921 2385 omnes

2268 2408 2489 2467 hostiles
2530 2417 2839 2483 potestates,
2868 2425 3095 2490 prepter
3142 2418 3452 2490 ingenitam
3481 2417 3591 2473 sibi
3619 2417 3842 2475 letalem
3870 2426 3925 2475 et

2266 2503 2679 2573 spurcissimam
2725 2507 3217 2575 concupiscentiam
3255 2507 3525 2578 facillime
3566 2510 3709 2580 capi,
3749 2514 3925 2580 atque

2268 2590 2463 2645 iisdem
2491 2593 2771 2663 speciebus
2814 2595 3199 2667 pulcherrimis
3239 2612 3360 2668 quae
3390 2605 3658 2668 apparent
3699 2601 3923 2653 manci-

2268 2681 2414 2751 pari,
2445 2681 2648 2753 hocque
2674 2685 2829 2740 modo
2858 2685 3099 2741 dissolvi.
3141 2687 3341 2741 Sciatis
3369 2694 3548 2742 autem
3588 2686 3735 2742 hunc
3762 2703 3921 2743 eum-

2271 2770 2401 2825 dem
2427 2777 2675 2827 nostrum
2696 2774 2908 2829 beatum
2926 2780 3147 2830 Patrem
3164 2777 3261 2831 hoc
3278 2775 3422 2831 idem
3442 2777 3725 2849 esse,quod
3744 2780 3921 2834 etiam

2268 2874 2391 2915 suae
2420 2862 2663 2927 virtutes,
2686 2880 2828 2933 quas
2842 2864 2906 2919 ob
2923 2867 3286 2920 necessariam
3313 2882 3539 2920 causam
3550 2868 3923 2937 transformat

2271 2950 2332 3003 in
2360 2964 2658 3017 puerorum
2669 2956 2721 3006 et
2742 2954 3020 3023 virginum
3031 2956 3414 3009 intemeratum
3429 2956 3449 2989 ³
3464 2953 3922 3012 similitudinem.

2274 3038 2457 3095 Utitur
2478 3046 2661 3095 autem
2675 3041 2761 3096 his
2790 3045 3056 3115 tanquam
3066 3046 3307 3116 prapriis
3322 3046 3689 3118 armis,atque
3707 3062 3811 3117 per
3828 3063 3927 3102 eas

2269 3143 2430 3183 suam
2444 3130 2672 3202 complet
2685 3132 3037 3188 voluntatem.
3047 3138 3137 3189 Ila
3145 3150 3271 3189 rum
3291 3150 3415 3190 vero
3430 3136 3689 3191 virtutum
3702 3136 3929 3191 divina-

2270 3233 2418 3286 rum,
2449 3235 2568 3289 quae
2598 3220 2668 3274 ad
2687 3222 3126 3296 instarconjugii
3138 3233 3331 3280 contra
3360 3226 3582 3295 inferna
3594 3234 3928 3294 generasta-

2268 3308 2520 3375 tuantur,
2555 3324 2780 3381 quaeque
2794 3312 3088 3368 alacritate
3106 3329 3177 3368 ac
3193 3313 3463 3384 facilitate
3484 3313 3540 3368 id
3561 3313 3703 3385 quod
3721 3316 3927 3384 cogita-

2269 3397 2744 3459 verint,momento
2772 3400 2956 3455 eodem
2972 3403 3420 3473 efﬁciunt,plenae
3447 3411 3577 3458 sunt
3605 3403 3925 3460 lucidazna-

2269 3499 2377 3541 ves.
2408 3486 2596 3558 Itaque
2620 3503 2746 3544 cum
2773 3492 2913 3546 ratio
2938 3494 3314 3562 poposceritut
3334 3492 3596 3547 masculis
3614 3502 3927 3564 appareant

2268 3573 2478 3631 easdem
2505 3580 3130 3637 sancteevirtutes.illico
3150 3583 3484 3636 etiamsuam
3501 3582 3735 3654 efﬁgiem
3752 3583 3922 3655 virgi-

2271 3680 2405 3719 num
2412 3664 2926 3736 pulcherrimarum
2944 3670 3137 3725 habitu
3153 3670 3543 3727 demonstrant.
3568 3673 3777 3727 Rursus
3797 3688 3922 3728 cum

2271 3752 2341 3807 ad
2376 3756 2613 3824 feminas
2644 3760 2860 3813 ventum
2885 3760 3075 3829 fuerit,
3109 3762 3486 3831 postponentes
3512 3763 3718 3831 species
3750 3762 3920 3835 virgi-

2272 3858 2429 3908 num,
2454 3860 2758 3915 puerorum
2789 3849 3084 3904 investium
3112 3851 3341 3921 speciem
3372 3849 3681 3905 ostendunt.
3701 3851 3813 3906 Hoc
3830 3868 3924 3906 au-

2273 3933 2381 3986 tem
2392 3933 2514 3988 visu
2535 3934 2727 3991 decoro
2746 3936 2978 3992 illarum
2992 3938 3155 3994 ardor
3171 3944 3223 3994 et
3243 3940 3684 4011 concupiscentia
3704 3943 3918 4011 crescit,

2272 4027 2434 4093 atque
2462 4023 2560 4079 hoc
2586 4025 2742 4080 modo
2772 4027 3059 4083 vinculum
3095 4029 3459 4097 pessimarum
3489 4030 3923 4098 cogitationum3

2271 4124 2465 4166 eorum
2476 4114 2727 4181 solvitur,
2747 4117 2975 4189 vivaque
2986 4119 3177 4173 anima
3190 4133 3315 4189 quae
3329 4118 3639 4174 earumdem
3658 4135 3800 4174 mem
3810 4120 3922 4174 bris

2273 4200 2578 4267 tenebatur,
2614 4203 2715 4259 hac
2739 4208 3016 4261 occasione
3044 4208 3233 4263 laxata
3260 4208 3463 4274 evadit,
3484 4216 3536 4263 et
3562 4224 3660 4264 suo
3676 4210 3864 4280 puriss
3874 4210 3919 4263 i-

2272 4304 2361 4344 mo
2389 4293 2516 4345 aeri
2534 4293 2789 4348 miscetur
2800 4311 2822 4357 ,·
2836 4296 2932 4350 ubi
2934 4299 3153 4367 penitus
3169 4298 3383 4353 abluta
3400 4299 3607 4353 animae
3622 4298 3923 4354 ascendunt

2272 4378 2344 4433 ad
2374 4380 2585 4435 lucidas
2594 4398 2665 4435 na
2674 4399 2775 4450 ves,
2788 4400 2908 4456 qua
2922 4386 3032 4440 sibi
3046 4385 3115 4439 ad
3129 4388 3485 4442 vectationem
3503 4388 3525 4421 ‘
3540 4395 3704 4459 atque
3716 4388 3790 4443 ad
3806 4404 3922 4443 suae

2270 4470 2469 4539 patria
2498 4475 3002 4544 transfretationem
3032 4479 3159 4531 sunt
3186 4476 3603 4547 praeparatae.”
3624 4493 3753 4534 vero
3781 4477 3924 4550 quod

2274 4558 2451 4614 adhuc
2480 4560 2704 4617 adversi
2711 4566 2926 4634 generis
2954 4566 3550 4638 masculasportat,per
3569 4570 3733 4623 astus
3753 4571 3924 4639 atque

2274 4655 2484 4705 calores
2495 4653 2881 4722 particulatim
2894 4653 3352 4728 descendit,atque
3371 4656 3664 4712 arboribus
3681 4659 3923 4713 caeteris-

2274 4756 2380 4813 que
2390 4741 2826 4811 plantationzbus
2847 4759 2911 4798 ac
2929 4745 3067 4800 satis
3088 4745 3338 4800 omnibus
3350 4747 3634 4813 miscetur,
3651 4748 3702 4801 et
3721 4746 3923 4802 calori-

2276 4832 2375 4885 bus
2405 4830 2637 4887 diversis
2666 4834 2917 4903 inﬁcitur
2936 4834 2976 4889 ⁸.
3010 4834 3075 4889 Et
3103 4850 3207 4907 quo
3236 4841 3394 4903 pacto
3410 4850 3482 4890 ere
3512 4836 3621 4891 ista
3646 4852 3847 4908 magna
3874 4839 3925 4890 et

2274 4918 2587 4974 clarissima
2609 4924 2740 4976 navi
2750 4922 2937 4993 ﬁgura
2957 4938 3261 4995 puerorum
3284 4922 3639 4993 acvirginum
3656 4929 3926 4995 apparent

2275 5009 2568 5063 contrariis
2594 5012 2968 5080 potestatibus,
3001 5026 3129 5083 qum
3173 5013 3235 5066 in
3263 5013 3411 5066 catis
3440 5011 3659 5082 degunt,
3692 5027 3925 5083 quaeque

2275 5098 2493 5168 igneam
2515 5098 2711 5154 habent
2739 5108 3029 5162 naturam;
3058 5105 3219 5171 atque
3249 5116 3321 5155 ex
3342 5102 3444 5155 isto
3474 5109 3691 5172 aspectu
3708 5101 3922 5170 decoro,

2275 5189 2394 5243 vitae
2419 5205 2550 5259 pars
2570 5203 2694 5259 qua
2724 5191 2781 5244 in
2809 5190 3124 5245 earumdem
3153 5192 3414 5245 membris
3440 5190 3689 5257 habetur,
3724 5193 3923 5247 taxata

2271 5277 2559 5334 deducitur
2580 5294 2676 5349 per
2693 5280 2903 5336 calores
2924 5282 2983 5336 in
3004 5290 3103 5336 teri
3118 5296 3239 5336 am:
3260 5281 3445 5335 eodem
3460 5281 3621 5337 modo
3640 5282 3806 5336 etiam
3818 5282 3921 5338 illa

2270 5367 2546 5424 altissima
2561 5370 2888 5441 virtus,qua2
2904 5371 2964 5424 in
2974 5370 3370 5425 navivitalium
3388 5386 3661 5441 aquarum
3680 5371 3918 5440 habitat,

2270 5457 2331 5513 in
2358 5458 2726 5514 similitudine
2751 5475 3049 5531 puerorum
3078 5475 3140 5515 ac
3166 5460 3444 5528 virginum
3473 5466 3797 5518 sanctarum
3821 5476 3925 5533 per

2334 5594 2352 5664 ξ
2380 5590 2600 5664 έιίαυρι
2620 5593 2775 5664 lusa,
2807 5605 2902 5664 sua
2931 5591 3102 5664 vitalis
3129 5591 3437 5664 substantia.

2332 5656 2353 5688 ³
2380 5654 2506 5703 Tres
2538 5654 2774 5703 Vaticani
2806 5655 2926 5703 Mss.
2934 5689 2951 5713 ,
2979 5654 3391 5717 intemperatam.

2331 5718 2351 5751 ³
2381 5717 2495 5766 Duo
2527 5719 2670 5775 Mss.,
2697 5718 3020 5780 passivarum
3049 5716 3437 5777 cogitationum.

2331 5780 2548 5892 S'lnMB"
2579 5781 2954 5833 evectationem.
2985 5781 3071 5831 Er.
3109 5781 3276 5845 Lugd.
3303 5780 3436 5831 Ven.
3466 5782 3594 5833 Lov.
3623 5781 3792 5835 secuti
3819 5794 3882 5860 su

2266 5856 2404 5894 mus.
2437 5853 2507 5892 Μ.
3842 5853 3849 5860 ’

2329 5907 2350 5943 ⁸
2379 5902 2627 5970 Plerique
2657 5906 2809 5971 Mss.,
2831 5906 2881 5958 et
2908 5904 3158 5959 coloribus
3185 5904 3400 5960 diversis
3426 5906 3557 5974 inﬁg
3568 5906 3692 5964 itur.
