4094 6460
535 402 653 467 5⁸15

531 542 905 615 disposueras
931 540 1082 612 (Gen.
1107 544 1209 609 v11)
1234 542 1409 597 PNovi
1429 558 1532 613 ego
1550 547 1607 597 te
1638 543 1757 599 haec
1789 560 2020 615 semper
2040 542 2171 598 odio

527 630 823 699 habuisse,
852 630 980 686 novi
1012 646 1116 702 ego
1138 634 1192 685 te
1224 648 1455 703 semper
1477 650 1688 704 magna
1713 634 2019 698 amavisse,
2044 649 2171 703 quae

526 724 709 776 terras
738 721 1090 786 desererent,
1124 737 1248 792 quea
1271 721 1443 777 cmlos
1471 728 1747 793 peterent,
1773 740 1899 794 quae
1931 738 2172 793 corpora

528 810 963 879 mortiﬁcarent,
998 827 1122 881 quae
1154 812 1380 865 animas
1421 812 1793 867 viviﬁcarent.
1828 812 1965 878 Quis
1995 812 2173 883 igitur

526 897 622 954 ille
653 902 741 953 est
774 899 870 969 qui
903 903 957 953 te
989 904 1220 970 repente
1253 900 1546 956 mutavit?

600 988 652 1043 4.
684 987 1028 1060 Quanquam
1054 988 1173 1043 haec
1196 993 1305 1043 tua:
1328 991 1629 1045 Sanctitati
1655 989 1842 1046 dicere
1867 989 2043 1044 nimis
2066 988 2170 1043 ab-

530 1078 773 1132 surdum
792 1078 1021 1149 sit.lp.~ie
1035 1079 1188 1132 enim
1208 1097 1320 1133 non
1338 1079 1571 1150 ignoras
1586 1097 1759 1151 quam
1772 1078 2058 1151 pessimus
2073 1078 2171 1145 sit,

528 1183 822 1239 quamque
850 1168 1163 1239 malignus,
1198 1169 1415 1241 quique
1456 1170 1629 1225 etiam
1664 1174 1824 1225 tanta
1853 1167 2171 1224 calliditate

524 1255 804 1311 adversus
819 1256 1017 1312 fideles
1030 1262 1363 1312 etsummos
1378 1258 1529 1314 viros
1543 1258 1773 1327 militat,
1789 1261 1925 1312 utet
1942 1260 2172 1311 Petrum

527 1345 777 1417 coegerit
806 1346 914 1400 sub
948 1363 1064 1401 una
1096 1352 1259 1402 nocte
1306 1347 1473 1404 tertio
1506 1348 1817 1403 Dominum
1856 1362 2086 1418 negare,
2118 1349 2171 1399 et

525 1433 711 1489 eidem
747 1437 1072 1507 resurgenti
1102 1436 1384 1493 Thomam
1418 1454 1532 1493 non
1555 1436 2167 1509 permiseritcredere:

530 1538 656 1594 quae
680 1526 872 1578 tamen
891 1523 1128 1580 vulnera
1149 1530 1351 1580 curata
1374 1530 1513 1580 sunt
1534 1525 1909 1597 indulgentia
1932 1522 2169 1579 medici-

530 1628 625 1667 na.
656 1611 802 1667 Illud
825 1630 957 1669 vcro
980 1631 1155 1685 quam
1180 1615 1455 1670 audacter
1474 1615 1712 1671 molitus
1734 1614 1829 1682 sit,
1846 1618 1911 1669 ut
1930 1613 2170 1669 Domino

527 1701 814 1773 Optimum
838 1719 1033 1758 semen
1056 1703 1389 1775 seminanti,
1416 1704 1510 1759 ille
1530 1704 1749 1759 zizania
1773 1702 2095 1773 miscuerit,
2118 1705 2175 1758 et

526 1794 686 1845 tanto
724 1791 936 1861 pastori
984 1792 1317 1847 Iscariotem
1365 1794 1661 1866 rapuerit;
1712 1798 1768 1849 et
1819 1798 1886 1849 ut
1914 1792 1981 1847 ad
2037 1791 2171 1847 ulti-

526 1896 689 1934 mum
722 1881 912 1935 crucis
944 1882 1298 1954 supplicium
1328 1883 1719 1949 veniretur,in
1755 1882 2066 1955 perniciem
2091 1881 2174 1954 ip-

529 1968 655 2024 sius
688 1969 919 2024 Scribas
947 1971 1384 2044 Phariswosque
1407 1974 1752 2041 accenderit,
1778 1979 1840 2027 ut
1862 1974 2172 2027 Barrabam

532 2057 745 2112 dimitti
769 2059 1106 2125 clamarent,
1132 2067 1185 2115 et
1205 2062 1405 2117 Jesum
1429 2064 1711 2133 crucifigi.
1739 2062 2042 2117 Evasimus
2065 2061 2174 2131 igi-

531 2150 647 2216 tur,
670 2147 805 2218 quia
822 2148 1181 2219 spiritualem
1210 2152 1391 2206 secuti
1411 2168 1617 2206 sumus
1636 2151 2011 2207 Salvatorem.
2030 2150 2174 2204 Nam

535 2235 694 2291 illius
727 2240 954 2292 tantum
989 2239 1179 2309 erupit
1209 2240 1470 2309 audacia,
1497 2244 1561 2295 ut
1591 2240 1639 2296 si
1673 2246 1867 2295 noster
1898 2240 2179 2294 Dominus

537 2326 787 2381 carnalis
818 2326 982 2392 foret,
1018 2327 1207 2383 omnis
1231 2334 1428 2384 nostra
1459 2329 1664 2385 fuisset
1695 2346 1828 2401 spes
1854 2332 2177 2401 amputata.

537 2415 607 2470 Et
636 2420 832 2471 tamen
867 2433 937 2471 ne
967 2416 1093 2489 ipso
1144 2418 1379 2490 quidem
1413 2419 1602 2475 crucis
1652 2420 1961 2492 opprobrio
1996 2417 2182 2490 potuit

535 2504 734 2560 satiari
769 2523 781 2561 :
815 2506 1077 2577 quinimo
1122 2508 1441 2574 insaniens,
1475 2509 1605 2564 hinc
1638 2511 1824 2581 coegit
1863 2508 2050 2581 spinis
2088 2524 2179 2563 co-

539 2594 753 2662 ronari,
770 2594 928 2650 illinc
959 2602 1119 2651 aceto
1137 2600 1354 2668 potari;
1391 2599 1524 2655 hinc
1549 2600 1807 2655 militum
1832 2599 2033 2655 lancea
2056 2614 2183 2670 per-

541 2686 680 2751 cuti,
710 2683 869 2739 illinc
900 2686 1120 2741 sinistri
1154 2687 1399 2743 latronis
1431 2706 1528 2745 ore
1558 2689 1949 2761 blasphemari
1975 2687 2183 2756 (Matth.

543 2791 694 2841 xxvr,
725 2793 913 2842 xxvii;
950 2778 1077 2833 Luc.
1122 2796 1262 2843 χχιι,
1294 2796 1452 2843 χχιιι,
1485 2785 1537 2833 et
1584 2783 1743 2834 Joan.
1786 2779 2068 2848 xvm-xx).
2114 2781 2189 2831 At

537 2869 736 2936 postea
784 2870 1010 2921 tantum
1044 2868 1171 2938 ejus
1220 2869 1396 2922 crevit
1439 2869 1735 2940 iniquitas,
1770 2873 1833 2923 ut
1862 2873 1919 2923 et
1967 2867 2094 2939 ipso
2133 2870 2189 2922 et

534 2954 827 3026 Apostolis
859 2957 986 3025 ejus
1019 2955 1157 3011 illuc
1188 2958 1641 3013 ascendentibus
1664 2959 1922 3013 diversas
1949 2972 2187 3027 compo-

538 3047 702 3099 neret
748 3044 1120 3115 quaestiones,
1154 3045 1263 3099 sub
1296 3061 1517 3113 eorum,
1552 3047 1708 3117 quod
1739 3047 1905 3117 pejus
1945 3050 2053 3111 est,
2087 3061 2186 3099 no-

544 3135 701 3187 mine
747 3134 1171 3205 superstitiosis
1214 3135 1510 3204 omnibus,
1560 3134 1616 3189 id
1650 3140 1759 3205 est,
1793 3133 2062 3190 catholici
2092 3151 2189 3189 vo-

545 3221 737 3277 cabuli
770 3222 1033 3278 dividens
1064 3222 1427 3295 dignitatem.
1455 3225 1673 3280 Omitto
1707 3241 1954 3295 namque
1985 3227 2187 3296 quate-

544 3328 655 3366 nus
688 3329 1168 3384 unumquemque
1201 3314 1619 3386 discipulorum
1663 3316 1942 3370 adversus
1976 3314 2190 3385 magis-

540 3404 661 3456 tros
720 3402 1032 3457 armaverit
1076 3407 1364 3474 quatenus
1414 3403 1854 3476 Hymenaeum‘,
1903 3408 2191 3476 quatenus

540 3490 933 3547 Alexandrum
965 3492 1255 3564 deceperit
1292 3496 1337 3561 (l
1361 3496 1491 3548 Tim.
1520 3511 1558 3559 ι,
1590 3494 1702 3565 20),
1738 3511 1865 3566 quae
1896 3494 2047 3565 apud
2074 3494 2194 3547 An-

539 3580 843 3649 tiochiam,
879 3597 1004 3652 quae
1037 3584 1188 3652 apud
1234 3586 1562 3655 Smyrnam,
1590 3600 1717 3653 qua:
1747 3583 1900 3654 apud
1934 3582 2192 3637 Iconium

545 3669 952 3725 commiserit:
992 3669 1090 3725 illa
1140 3688 1295 3726 nunc
1343 3673 1492 3727 addo
1525 3690 1650 3743 quas
1702 3689 1956 3743 praesens
1998 3671 2197 3726 actitat

547 3758 881 3829 multitudo,
916 3776 1086 3830 aqua
1127 3765 1356 3816 tantum
1397 3762 1579 3817 virtus
1629 3762 1827 3833 procul
1860 3765 1969 3825 est,
2011 3777 2195 3832 quan-

547 3851 675 3903 tum
710 3847 924 3919 populo
946 3848 1141 3904 clausa
1158 3854 1265 3905 est.
1282 3854 1395 3904 Nec
1413 3851 1567 3905 enim
1589 3851 1773 3905 virtus
1804 3855 1894 3905 est
1925 3850 1993 3903 ad
2019 3864 2196 3919 quam

547 3938 719 3992 turba
749 3937 1032 4009 pervenit,
1053 3943 1107 3992 et
1138 3940 1310 3994 turba
1334 3956 1511 4010 quam
1547 3940 1799 3993 maxime
1824 3938 2196 3993 feminarum.

548 4026 658 4082 Sed
690 4042 892 4082 vereor
908 4025 1269 4082 clandestina
1287 4045 1486 4083 eorum
1522 4027 1839 4098 publicare,
1876 4043 1945 4081 ne
1964 4027 2035 4081 ab
2070 4026 2200 4081 aliis

545 4116 735 4172 ordita
766 4115 1012 4171 crimina
1062 4116 1452 4188 geminentur.
1490 4119 1836 4188 Quanquam
1869 4115 2199 4188 sapientum

551 4213 640 4263 est
672 4211 988 4277 utrumque
1038 4208 1207 4273 ferre,
1240 4212 1558 4279 utrumque
1589 4208 1812 4273 ridere;
1863 4211 1919 4261 et
1948 4205 2017 4260 ad
2059 4204 2200 4259 illud

552 4302 783 4353 tantum
841 4298 970 4367 niti,
1027 4298 1181 4369 quod
1232 4297 1654 4353 beatitudinem
1706 4295 1993 4365 conciliat,
2049 4295 2204 4366 quod

557 4389 810 4460 parturit
837 4388 1035 4443 vitam.

629 4479 681 4531 5.
717 4478 783 4531 Et
813 4482 1010 4531 tamen
1044 4476 1253 4532 iterum
1277 4480 1450 4547 atque
1479 4475 1691 4530 iterum
1725 4473 1972 4546 supplex
2001 4474 2207 4544 depre-

560 4583 677 4637 cor,
712 4583 811 4621 oro
835 4566 1008 4620 etiam
1036 4572 1209 4636 atque
1231 4566 1405 4621 etiam
1431 4564 1952 4636 obsecro,primum
1973 4562 2206 4634 quidem

553 4655 778 4710 veniam
813 4654 1011 4727 largiri
1046 4654 1323 4726 digneris,
1351 4655 1397 4709 si
1425 4672 1538 4725 quo
1562 4669 1827 4709 sermone
1852 4652 2023 4707 fuerit
2043 4656 2208 4706 tuum

557 4744 866 4801 titillatum
896 4761 1139 4799 aureum
1173 4747 1373 4815 pectus
1408 4762 1419 4798 :
1458 4744 1661 4797 ardore
1694 4743 1849 4797 enim
1890 4742 1998 4796 hoc
2031 4740 2210 4795 nimio

555 4834 688 4905 feci,
722 4834 861 4907 quia
892 4833 1024 4889 nolo
1047 4840 1101 4888 te
1126 4852 1159 4888 a
1192 4838 1394 4889 nostro
1416 4850 1588 4905 grege
1620 4832 1835 4901 divelli,
1852 4849 1884 4887 a
1904 4848 2016 4903 quo
2038 4831 2213 4886 etiam

563 4940 699 4997 ergo
732 4924 857 4996 ipse
888 4925 1171 4979 aberrans
1203 4939 1348 4995 pene
1389 4923 1697 4994 perieram,
1735 4922 1846 4976 nisi
1883 4923 1995 4976 cito
2025 4937 2117 4974 me
2147 4920 2217 4974 de

568 5014 771 5087 iniqua
784 5013 1212 5069 communionis
1234 5012 1505 5067 tulissem
1529 5011 2076 5077 natura.Deinde,ut
2093 5026 2221 5064 con-

565 5103 727 5160 cilies
750 5108 805 5158 te
826 5102 934 5168 illi,
959 5120 1086 5173 quae
1110 5101 1169 5156 in
1194 5106 1250 5155 te
1274 5100 1419 5155 nihil
1440 5100 1713 5171 deliquit:
1733 5100 2015 5154 redeasad
2037 5098 2220 5163 illam,

582 5210 709 5264 quas
741 5192 848 5247 tibi
871 5199 927 5247 et
949 5192 1007 5245 in
1031 5191 1255 5246 dierum
1273 5189 1505 5261 culpam
1524 5190 1566 5256 9,
1588 5206 1701 5243 non
1726 5189 2222 5244 eritsuccensura.

583 5287 700 5338 Nec
718 5282 875 5337 enim
898 5281 1111 5353 septies
1140 5284 1370 5335 tantum
1397 5278 1554 5334 novit
1584 5278 1882 5351 ignoscere
1916 5294 1928 5333 :
1963 5277 2225 5350 quinimo

584 5371 759 5426 habet
781 5369 1136 5442 etligandiet
1149 5368 1406 5423 solvendi
1431 5366 1929 5441 potestatem.Noli
1950 5375 2001 5421 te
2018 5366 2230 5437 ﬁngere

588 5459 845 5532 palpare,
878 5458 976 5533 qui
1009 5459 1235 5514 dudum
1265 5458 1462 5515 vidisti
1499 5475 1511 5513 :
1546 5456 1664 5514 noli
1696 5455 1840 5512 velle
1865 5456 2105 5527 discere,
2131 5454 2230 5528 qui

652 5606 667 5639 ι
702 5602 1040 5653 Carnotensis
1069 5602 1254 5664 codex,
1285 5602 1421 5663 loco,
1452 5602 1799 5667 Hymenaum,
1830 5599 1991 5649 habet
2027 5599 2114 5648 Hei
2129 5613 2234 5649 mo-

581 5680 847 5801 $373229
867 5728 1030 5777 codex
1056 5729 1416 5801 Carnqtensis,
1445 5742 1567 5801 quq
1585 5726 1681 5775 tibi
1706 5724 2005 5801 :i_redieris,
2033 5723 2236 5801 culpam

590 5807 697 5845 non
724 5793 824 5843 erit
850 5806 1169 5847 succensum.
1200 5792 1355 5845 Forte
1380 5787 1686 5857 legendum,
1713 5788 1775 5840 ob
1804 5787 2022 5853 culpam.
2102 5812 2103 5817 η

1229 402 1646 469 SECUNDINI
1690 407 2095 471 MANICHIEI
2142 406 2524 470 EPISTOLA
2567 407 2673 469 AD
2716 406 3239 471 AUGUSTINUM

3838 409 3953 470 576

2292 547 2455 614 potes
2477 543 2702 598 docere.
2726 541 2961 597 Dimitte
2976 540 3279 597 hominum
3304 541 3572 615 gloriam,
3598 542 3648 598 si
3671 542 3765 598 vis
3788 542 3953 598 Chri-

2288 637 2379 687 sto
2404 631 2650 703 placere.
2680 632 3065 703 Temporibus
3089 633 3302 687 nostris
3329 649 3539 688 renova
3556 631 3953 704 Paulum,qui

2291 737 2422 776 cum
2447 720 2590 793 legis
2612 721 2867 776 Judaicaa
2890 722 3091 776 doctor
3108 726 3280 789 esset,
3306 727 3662 778 consecutus
3684 738 3721 777 a
3747 722 3953 777 Domi-

2287 827 2359 866 no
2412 809 2773 882 apostolatus
2817 810 3089 883 gratiam,
3121 827 3251 882 quae
3304 812 3545 883 putabat
3594 812 3940 879 commoda,

2280 900 2633 972 contempsit
2688 904 2751 955 ut
2800 904 3074 967 stercora,
3110 904 3175 955 ut
3224 900 3521 956 Christum
3570 901 3952 956 lucrifaceret

2282 989 2558 1061 (Philipp.
2594 1006 2678 1056 ιιι,
2711 991 2790 1057 8).
2841 989 3093 1043 Subveni
3143 989 3353 1045 anima;
3386 997 3494 1045 tuae
3520 995 3641 1045 tam
3677 989 3899 1045 lucidas
3931 1008 3946 1046 :

2282 1078 2419 1150 quia
2449 1078 2683 1151 ignoras
2712 1078 2873 1150 quali
2925 1078 3002 1133 sit
3036 1079 3127 1133 fur
3170 1079 3313 1133 hora
3342 1084 3646 1134 venturus.
3680 1079 3817 1135 Noli
3854 1096 3947 1134 or-

2281 1184 2418 1223 nare
2451 1171 2713 1223 mortuos
2747 1185 2759 1222 :
2791 1167 2928 1238 quia
2957 1167 3219 1223 vivorum
3250 1184 3311 1223 es
3342 1172 3785 1224 ornamentum.
3815 1168 3948 1224 Noli

2280 1272 2473 1312 comes
2504 1273 2631 1312 esse
2660 1255 2763 1312 lati
2794 1256 3041 1323 itineris,
3074 1256 3212 1329 quia
3251 1258 3660 1314 Amorrhaeum
3695 1273 3950 1331 exspec-

2278 1349 2410 1401 tat:
2444 1346 2545 1401 sed
2594 1347 2665 1401 ad
2716 1350 2936 1402 arctam
2984 1346 3195 1402 festina
3224 1347 3398 1413 viam,
3435 1352 3500 1402 ut
3548 1347 3953 1419 consequaris

2279 1436 2459 1490 vitam
2516 1440 2812 1490 aeternam.
2872 1435 3101 1503 Desine,
3163 1452 3379 1507 quaeso,
3440 1443 3604 1492 utero
3663 1436 3952 1492 claudere

2280 1523 2601 1591 Christum,
2622 1541 2694 1579 ne
2722 1524 2847 1596 ipse
2869 1541 3108 1580 rursum
3127 1529 3290 1581 utero
3308 1524 3704 1581 concludaris.
3730 1525 3947 1581 Desine

2282 1615 2427 1669 duas
2459 1619 2696 1670 naturas
2729 1614 2916 1669 facere
2945 1630 3123 1670 unam
3150 1631 3163 1682 ;
3196 1614 3334 1687 quia
3362 1615 3805 1688 appropinquat
3835 1614 3947 1669 Do-

2282 1704 2423 1759 mini
2449 1704 2765 1775 judicium.
2799 1702 2893 1759 Vm
2926 1702 3028 1777 qui
3078 1703 3384 1777 accipient,
3418 1704 3519 1776 qui
3552 1704 3709 1776 quod
3769 1703 3949 1760 dulce

2280 1798 2387 1860 est,
2421 1793 2479 1847 in
2513 1792 2963 1848 amaritudinem
2994 1793 3373 1849 transferunt.

2350 1884 2404 1938 ὃ.
2421 1883 2524 1937 Sed
2551 1882 2595 1937 si
2622 1883 2857 1938 dubitas
2880 1883 2950 1938 de
2975 1882 3602 1955 principio,siambigis
3628 1883 3699 1938 de
3722 1899 3945 1955 pugnas

2282 1972 2756 2043 exordio,poterit
2776 1973 2987 2027 diurno
3001 1977 3252 2028 tractatu
3273 1972 3627 2045 paciﬁcoque
3644 1972 3950 2044 colloquio

2283 2061 2445 2117 reddi
2462 2060 2781 2116 ratio.1llud
2804 2066 2997 2117 tamen
3021 2067 3223 2117 notum
3240 2062 3508 2117 faciotuas
3531 2061 3944 2133 sagacissime:

2284 2151 2549 2219 bonitati,
2576 2150 2712 2222 quia
2743 2156 2884 2206 sunt
2911 2152 3173 2223 quaedam
3200 2168 3290 2206 res
3321 2168 3448 2223 quae
3478 2151 3685 2223 exponi
3709 2154 3799 2206 sic
3821 2168 3948 2207 non

2285 2246 2536 2312 possunt
2567 2245 2627 2295 ut
2653 2239 3056 2312 intelligantur
3088 2257 3100 2297 :
3135 2241 3354 2296 excedit
3378 2241 3534 2296 enim
3558 2240 3757 2295 divina
3792 2240 3952 2295 ratio

2288 2329 2623 2386 mortalium
2643 2334 2909 2402 pectora:
2937 2334 3143 2403 utputa
3163 2330 3808 2403 hocipsum,quomodo
3827 2329 3960 2385 sint

2288 2420 2416 2474 dum
2450 2422 2805 2489 naturae,aut
2830 2434 3007 2490 quare
3039 2419 3382 2492 pugnaverit
3404 2437 3505 2492 qui
3532 2418 3677 2474 nihil
3713 2424 3962 2491 poterat

2291 2508 2443 2581 pati;
2471 2524 2691 2564 necnon
2718 2507 2891 2563 etiam
2914 2509 2985 2563 de
3017 2508 3228 2565 saculo
3261 2526 3428 2579 novo,
3453 2509 3608 2581 quod
3632 2507 3791 2563 idem
3829 2524 3963 2564 rne-

2291 2603 2499 2669 morat,
2526 2598 2664 2669 quia
2696 2599 2954 2670 praecisis
2977 2601 2993 2634 ¹
3028 2599 3292 2654 maximae
3314 2598 3475 2655 illius
3492 2603 3661 2653 terra:
3684 2598 3964 2654 motibus

2290 2688 2400 2744 hoc
2445 2689 2782 2744 aedificetur.
2825 2689 2965 2753 Quis
3013 2694 3210 2744 autem
3260 2688 3535 2744 admittat
3565 2687 3722 2743 inter
3751 2686 3968 2744 divina

2293 2777 2547 2849 praecidi,
2566 2777 2786 2833 scilicet
2807 2778 2919 2833 nisi
2943 2778 3190 2849 figuram
3212 2778 3391 2833 facias
3408 2776 3859 2848 interpretantis
3885 2777 3964 2831 ad

2293 2867 2618 2923 auditorem
2644 2867 2688 2937 ³,
2713 2867 2850 2938 quia
2881 2867 2952 2921 ab
2987 2868 3092 2922 hoc
3139 2867 3315 2922 verba
3346 2866 3763 2938 praeciduntur,
3801 2869 3864 2920 et
3899 2864 3966 2920 in

2293 2955 2391 3012 illo
2414 2961 2844 3027 componuntur
2861 2956 2889 3011 ?
2914 2958 2980 3011 Et
2998 2956 3265 3028 quamvis
3288 2960 3565 3011 tractator
3587 2954 3779 3009 multa
3800 2954 3967 3010 dixe-

2296 3046 2389 3112 rit,
2427 3063 2555 3117 quae
2576 3050 2769 3101 teneat
2800 3046 2953 3118 apud
2979 3063 3040 3102 se
3070 3046 3327 3116 auditor,
3356 3051 3552 3101 tamen
3575 3062 3609 3101 a
3632 3048 3967 3101 tractatore

2296 3152 2409 3191 non
2426 3139 2791 3191 recesserunt
2814 3152 2826 3190 :
2854 3135 2964 3190 nisi
2978 3134 3175 3191 taliter
3188 3140 3245 3191 et
3264 3135 3333 3190 de
3356 3133 3453 3189 illo
3473 3133 3693 3191 sentias
3712 3134 3965 3200 saeculo,

2296 3228 2353 3281 et
2382 3225 2437 3279 id
2471 3227 2547 3297 (α)
2578 3224 2732 3296 quod
2768 3224 2983 3280 dicitur
3015 3223 3259 3279 stultum
3294 3224 3436 3279 satis
3470 3228 3526 3279 et
3556 3223 3852 3295 ineptum.
3878 3224 3967 3279 Ita

2296 3331 2526 3387 quoque
2556 3319 2611 3370 et
2633 3316 2702 3369 de
2731 3315 3114 3387 pugna,quod
3144 3314 3254 3369 nisi
3283 3314 3471 3387 primo
3495 3312 3967 3385 conjicias,quia

2298 3403 2450 3458 Deus
2480 3406 2637 3459 totus
2662 3403 2895 3473 justitia
2925 3408 3033 3468 est,
3067 3401 3339 3457 ultimum
3375 3407 3568 3458 autem
3604 3401 3843 3457 facinus
3875 3407 3965 3458 est

2298 3493 2571 3548 invadere
2591 3492 2779 3548 aliena
2812 3509 2825 3547 :
2860 3493 2930 3547 ad
2965 3492 3073 3547 hoc
3096 3509 3229 3548 vero
3252 3508 3384 3549 cum
3408 3491 3630 3547 venerit
3660 3492 3967 3547 contraria

2300 3586 2531 3646 natura,
2551 3582 2649 3637 ille
2681 3582 2917 3654 quidem
2942 3581 3085 3637 nihil
3111 3586 3335 3653 poterat
3358 3580 3497 3652 pati,
3517 3580 3657 3652 quia
3676 3582 3966 3651 praescius

2301 3674 2609 3741 erat,visus
2623 3670 2829 3727 fuisset
2844 3671 3082 3725 facinori
3101 3671 3470 3725 consensisse
3485 3670 3595 3725 nisi
3612 3674 3961 3741 pugnasset:

2303 3766 2360 3818 et
2380 3762 2507 3817 ideo
2533 3778 2805 3833 magnam
2822 3759 3363 3832 opposuitvenienti
3378 3759 3673 3826 virtutem,
3690 3758 3968 3831 utijusti-

2303 3850 2584 3923 tiaipsius
2599 3848 2757 3905 nulla
2786 3848 3141 3921 pollueretur
3155 3848 3441 3922 sacrilegii
3455 3848 3968 3905 consensione.lta

2304 3941 2458 3997 enim
2486 3941 2557 3996 ab
2584 3941 2867 4011 eojustus
2888 3940 2909 3973 ³
2932 3939 3133 3994 finitus
3154 3944 3263 4008 est,
3287 3944 3351 3993 ut
3373 3955 3477 3994 nec
3499 3938 3625 4011 ipse
3649 3943 3859 4010 peccet
3877 3938 3970 3992 ali-

2307 4032 2558 4103 quando,
2594 4047 2698 4085 nec
2748 4029 3064 4101 aliquando
3096 4028 3421 4085 consentiat
3463 4027 3782 4100 peccatori.
3820 4027 3968 4082 Illud

2307 4119 2483 4176 etiam
2510 4119 2649 4191 quia
2671 4123 2823 4175 Deus
2847 4118 2903 4173 in
2930 4135 3034 4173 suo
3058 4134 3233 4191 regno
3266 4122 3468 4189 potens
3487 4121 3609 4172 erat
3631 4117 3692 4171 in
3729 4121 3967 4183 natura,

2309 4214 2373 4264 ut
2390 4209 2763 4279 omnipotens
2786 4213 2842 4264 et
2855 4209 3058 4279 judex.
3084 4211 3216 4263 Haec
3233 4207 3523 4278 siquidem
3538 4206 3621 4260 ita
3633 4205 3800 4261 dicta
3814 4211 3971 4275 sunt,

2310 4315 2425 4354 non
2445 4302 2508 4351 ut
2528 4297 2625 4352 ille
2641 4298 2827 4352 factus
2852 4301 2958 4362 est,
2976 4298 3073 4352 sed
3100 4296 3407 4367 utassequi
3423 4310 3527 4367 ego
3541 4310 3656 4350 non
3669 4293 3835 4349 valui
3860 4296 3939 4364 (b)
3962 4309 3973 4347 :

2310 4386 2502 4443 adhuc
2518 4404 2631 4442 non
2645 4386 2794 4442 satis
2811 4386 3030 4441 faciunt
3049 4385 3440 4457 perfidiae,nec
3452 4383 3617 4439 caacis
3633 4382 3723 4439 sol
3739 4388 3979 4439 exortus

2312 4481 2421 4544 est,
2458 4492 2561 4532 nec
2602 4476 2797 4531 surdis
2828 4492 2933 4531 vox
2980 4474 3179 4530 audita
3209 4478 3317 4541 est,
3352 4490 3455 4529 nec
3486 4473 3669 4544 dapes
3721 4473 3979 4529 mortuis

2314 4570 2669 4638 praeparatae.
2702 4564 2863 4631 Quod
2902 4568 3096 4619 autem
3128 4562 3254 4619 loca
3284 4561 3509 4619 naturis
3542 4560 3842 4635 assignari
3868 4576 3980 4616 non

2318 4659 2580 4728 possunt,
2612 4653 2719 4709 hoc
2742 4659 2828 4710 est
2849 4655 3000 4726 quod
3023 4652 3279 4708 conditio
3298 4652 3556 4708 humana
3580 4650 3979 4706 inenarrabile

2316 4750 2484 4801 vocat
2498 4749 2671 4815 atque
2686 4743 2999 4814 ineffabile,
3016 4742 3277 4798 Salvator
3288 4746 3483 4798 autem
3497 4740 3798 4796 cuitotum
3820 4740 3980 4795 facile

2320 4839 2429 4901 est,
2453 4833 2568 4888 duo
2591 4833 2713 4888 haec
2736 4834 3001 4888 dextrum
3028 4837 3195 4887 vocat
3217 4848 3282 4887 ac
3304 4831 3700 4899 laevum,intus
3723 4845 3795 4884 ac
3819 4830 3979 4896 foris,

2330 4926 2516 4981 Venite
2533 4940 2599 4978 ac
2620 4923 2865 4978 Recedite
2884 4922 3100 4993 (Matth.
3123 4922 3276 4993 xxv).
3298 4921 3383 4977 Tu
3408 4924 3603 4976 autem
3629 4935 3983 4974 conversum

2325 5012 2469 5068 facis
2499 5012 2569 5083 (ε)
2601 5018 2658 5067 et
2686 5013 2892 5084 pedem
2924 5012 3115 5083 ponis,
3150 5016 3215 5066 ut
3245 5016 3356 5077 est,
3399 5008 3594 5080 Orbis,
3624 5009 3767 5073 vita,
3805 5007 3986 5073 salus,

2326 5101 2546 5171 lumen,
2571 5100 2679 5170 lex,
2714 5102 2875 5167 ordo,
2910 5105 3164 5172 potestas
3188 5116 3201 5154 :
3227 5100 3276 5155 si
3299 5098 3554 5155 vocalem
3582 5096 3731 5151 dicis
3766 5103 3825 5152 et
3858 5113 3987 5151 mu-

2331 5196 2472 5259 tam,
2503 5190 2737 5261 longam
2785 5206 2955 5245 vocas
2988 5190 3243 5257 brevem,
3276 5204 3401 5260 quas
3435 5193 3657 5242 natura
3702 5183 3833 5241 haec
3877 5200 3985 5241 non

2397 5292 2413 5326 ί
2448 5290 2525 5338 Ita
2553 5288 2892 5338 Carnotensis
2918 5289 3012 5337 Ms.
3041 5288 3108 5336 At
3128 5287 3273 5337 editi.
3301 5285 3598 5347 praeteritis.

2395 5353 2417 5415 ξ
2443 5352 2784 5401 Carnotensis
2812 5350 2998 5411 codex,
3026 5349 3121 5399 sed
3146 5350 3247 5399 nisi
3264 5349 3435 5415 ﬁgura
3461 5348 3627 5412 facias
3647 5348 3987 5411 temperante:

2334 5414 2738 5480 αάιψίίίέρνεηξ-
2982 5476 2993 5480 ,
3068 5479 3071 5480 ,
3362 5474 3398 5480 __
3528 5474 3537 5480 .
3625 5472 3639 5480 .
3819 5470 3829 5480 .

2398 5479 2418 5514 ³
2449 5478 2531 5528 Sic
2561 5477 2657 5526 Ms.
2684 5476 3024 5526 Carnotensis
3053 5479 3117 5527 At
3144 5474 3271 5525 editi
3306 5489 3321 5525 :
3355 5474 3432 5523 Ita
3454 5474 3589 5523 enim
3618 5472 3769 5521 homo
3802 5472 3983 5533 iustus.

2338 5541 2479 5654 3oga)
2506 5542 2679 5603 Forte,
2711 5544 2783 5591 est
2812 5539 2885 5601 id,
2931 5540 3084 5605 juxta
3129 5538 3312 5599 Morel,
3342 5537 3603 5649 Elemq‘qt.
3636 5534 3840 5597 Critic.,
3872 5549 3985 5599 pag.

2402 5666 2477 5730 (b)
2510 5666 2685 5730 Forte,
2712 5679 2803 5730 ego
2822 5663 3205 5730 valu_i,_deleto,
3234 5678 3357 5730 non.

2402 5681 2477 5730 (ο)
2510 5681 2685 5725 Ι⁴Οι¹ῐθν
2712 5681 2803 5778 eEgo
2822 5681 2982 5723 valui,
3013 5681 3205 5723 (1818ιο,
3234 5681 3357 5714 ηοη.
3522 5724 3533 5735 .
3740 5723 3750 5733 .

2400 5729 2470 5794 (ε)
2501 5729 2682 5800 Mgrel,
2726 5796 2735 5800 _
2759 5730 2901 5788 lem.,
2925 5728 3120 5787 Critic.,
3142 5740 3262 5800 pag,
3294 5727 3683 5800 {67,cqnjectet
3710 5736 3787 5776 sto
3807 5721 3983 5788 legen-

2343 5789 2472 5846 dum
2503 5807 2517 5847 :
2551 5792 2621 5844 Tu
2648 5796 2817 5848 autem
2846 5806 2959 5845 cum
2988 5789 3187 5845 certain
3212 5790 3361 5858 facit.
3390 5789 3393 5790 ⁷
3456 5789 3529 5841 M;
