4094 6494
125 429 223 491 581

125 573 341 634 operum
371 557 616 623 creator;
678 551 817 626 quia
864 556 989 609 erat
1036 552 1255 609 bonum
1287 553 1438 625 quod
1474 553 1595 626 ipse
1626 570 1744 608 non

126 651 430 707 creaverat:
465 642 582 700 n'on
640 642 793 700 enim
858 643 928 698 de
957 641 1111 698 malo
1141 642 1329 698 alieno
1360 642 1587 698 lumina
1615 642 1743 713 qui-

127 741 226 795 bus
255 742 512 808 regnaret
541 733 814 789 efficeret.
848 731 1213 803 Relinquitur
1251 732 1467 804 itaque,
1501 737 1565 787 ut
1596 732 1645 788 si
1676 731 1747 787 de

129 845 180 884 re
200 827 386 897 aliqua
407 824 562 892 fecit,
588 823 659 879 de
680 822 780 878 illa
804 822 1006 878 fecerit
1026 838 1203 893 quam
1227 821 1350 894 ipse
1365 822 1490 891 jam
1514 821 1745 877 fecerat.

191 915 412 971 CAPUT
440 913 507 968 V.
540 944 609 954 —-
640 912 727 967 Ita
755 911 823 967 ﬁt
854 915 918 966 ut
960 911 1180 983 primas
1209 910 1461 983 origines
1494 912 1752 967 conden-

140 1006 327 1062 darum
350 1019 543 1059 rerum
567 1002 638 1057 de
661 1000 845 1056 nihilo
867 1000 1050 1057 Deum
1081 1001 1284 1056 fecisee
1302 1000 1616 1056 fateamur:
1639 1001 1752 1056 nisi

133 1095 253 1167 quia
270 1094 409 1148 forte
426 1090 739 1147 ineffabilia
757 1106 824 1145 ac
846 1090 1255 1145 sacratissima:
1287 1090 1611 1161 majestatis
1642 1089 1757 1161 pri-

131 1182 469 1256 mogenitum
489 1181 693 1237 Jesum
709 1178 1010 1237 Christum
1030 1196 1157 1235 esse
1173 1178 1392 1246 dixisti,
1412 1195 1526 1235 non
1546 1196 1754 1234 secun—

132 1274 253 1329 dum
278 1270 709 1343 susceptionem
734 1268 1013 1333 hominis,
1042 1268 1099 1324 in
1126 1285 1243 1340 qua
1264 1285 1367 1340 per
1387 1268 1755 1339 adoptionem

131 1365 361 1427 vocatos,
385 1360 541 1416 sicut
562 1357 884 1429 Apostolus
909 1359 1069 1425 dicit,
1094 1361 1151 1412 et
1169 1355 1616 1413 sicutcatholica
1630 1372 1757 1411 cre-

132 1451 206 1506 dit
234 1450 392 1515 ﬁdes,
426 1448 668 1504 fratres'
704 1447 917 1503 habere
946 1446 1224 1519 dignatus
1254 1451 1343 1502 est
1372 1445 1589 1519 quibus
1610 1447 1764 1501 esset

134 1538 541 1612 primogenitus
573 1538 752 1608 (Rom.
782 1553 907 1601 vui,
938 1535 1031 1606 29)
1056 1560 1071 1604 ;
1097 1535 1197 1591 sed
1221 1535 1416 1607 potius
1438 1535 1762 1590 secundum

134 1629 305 1700 ipsam
339 1626 665 1681 divinitatis
697 1623 1099 1681 excellentiam
1129 1624 1216 1679 vis
1248 1641 1381 1681 eum
1406 1622 1764 1697 primogeni-

136 1722 249 1772 tum
278 1715 543 1785 intelligi,
581 1720 645 1770 ut
675 1713 775 1769 illa
804 1712 1031 1769 lumina
1062 1714 1120 1768 in
1171 1713 1386 1784 quibus
1417 1719 1620 1785 regnat
1649 1713 1765 1767 fra-

136 1812 242 1861 tres
264 1806 387 1876 ejus
418 1804 539 1860 sint
566 1821 580 1872 ;
616 1820 730 1859 non
765 1802 898 1857 facti
932 1820 966 1858 a
994 1802 1160 1858 Patre
1184 1820 1284 1875 per
1302 1802 1518 1874 ipsum,
1542 1802 1645 1857 sed
1666 1817 1769 1874 ge-

139 1894 232 1950 niti
262 1912 293 1949 a
322 1895 491 1949 Patre
522 1897 655 1965 post
684 1892 880 1964 ipsum
906 1908 920 1960 ;
953 1896 1020 1947 ut
1042 1892 1160 1948 sint
1180 1892 1291 1962 ipsi
1316 1890 1651 1963 postgeniti,
1673 1890 1771 1947 ille

139 1981 568 2055 primogenitus,
601 1996 805 2037 omnes
849 1984 1047 2036 tamen
1089 1980 1160 2035 de
1192 1979 1426 2053 propria
1458 1980 1644 2035 Patris
1674 1996 1769 2035 ea-

139 2073 372 2143 demque
389 2070 739 2127 substantia.
762 2069 924 2137 Quod
948 2069 997 2124 si
1021 2068 1103 2124 ita
1125 2070 1336 2134 credis,
1360 2068 1616 2141 primum
1641 2084 1773 2124 con-

139 2161 362 2216 tradicis
391 2159 725 2232 Evangelio,
753 2160 853 2214 ubi
875 2160 1050 2215 etiam
1072 2158 1411 2231 unigenitus
1433 2157 1624 2213 dictus
1647 2161 1735 2213 est
1759 2173 1772 2212 :

138 2251 193 2305 Et
221 2251 473 2320 vidimus,
511 2249 724 2321 inquit,
756 2250 991 2321 gloriam
1019 2249 1141 2321 ejus
1163 2257 1423 2320 tanquam
1444 2248 1723 2316 unigeniti
1743 2263 1779 2300 a

138 2340 320 2396 Patre:
338 2339 575 2411 quando
590 2341 609 2373 ³
628 2338 786 2393 nullo
812 2338 986 2393 modo
1004 2354 1202 2393 verum
1222 2336 1531 2403 diceretur,
1556 2335 1603 2391 si
1629 2351 1781 2390 sem-

139 2430 348 2501 piterna
395 2444 629 2500 quoque
683 2427 869 2483 virtus
901 2428 1028 2497 ejus
1072 2443 1139 2481 ac
1168 2426 1465 2493 divinitas,
1499 2441 1616 2497 qua
1648 2441 1779 2480 con-

147 2515 537 2575 substantialis
586 2523 674 2573 est
723 2516 875 2572 Patri
919 2522 975 2571 et
1004 2520 1091 2571 est
1122 2519 1255 2571 ante
1285 2531 1519 2571 omnem
1552 2518 1778 2569 creatu-

148 2624 284 2675 ram,
314 2624 382 2664 ex
410 2606 614 2662 eadem
664 2604 1000 2660 substantia
1043 2604 1250 2660 fratres
1290 2603 1548 2660 haberet.
1580 2603 1784 2674 Itaque

151 2712 274 2751 cum
305 2700 360 2751 et
407 2695 776 2767 unigenitum
827 2697 883 2748 et
934 2693 1389 2765 primogenitum
1422 2709 1554 2747 eum
1590 2691 1786 2747 divina

148 2789 427 2841 testentur
448 2783 681 2857 eloquia
706 2800 719 2851 ;
748 2782 1137 2855 unigenitum,
1162 2782 1300 2854 quia
1320 2782 1447 2838 sine
1470 2781 1781 2849 fratribus;

153 2874 625 2947 primogenitum,
676 2871 809 2943 quia
857 2888 991 2928 cum
1036 2872 1353 2927 fratribus:
1383 2888 1496 2926 non
1528 2870 1787 2926 invenies

156 2965 437 3036 quomodo
469 2968 785 3033 utrumque
815 2962 887 3017 de
916 2960 1015 3016 illo
1045 2961 1367 3016 secundum
1398 2961 1664 3016 eamdem
1686 2977 1787 3015 na-

157 3055 337 3105 turam
356 3050 686 3105 divinitatis
703 3047 1016 3120 intelligas.
1038 3049 1207 3103 Fides
1220 3065 1349 3103 vero
1365 3048 1647 3103 catholica
1660 3064 1787 3121 quae

158 3138 300 3194 inter
326 3139 659 3195 Creatorem
708 3143 1153 3210 creaturamque
1200 3136 1526 3209 distinguit,
1569 3137 1790 3193 nullam

157 3228 368 3299 patitur
398 3228 458 3283 in
492 3227 585 3283 his
617 3227 847 3282 duobus
882 3227 1218 3281 nominibus
1249 3225 1609 3298 intelligendi
1634 3227 1795 3281 diffi-

156 3316 451 3383 cultatem,
487 3316 852 3388 unigenitum
886 3333 1019 3371 eum
1052 3315 1341 3388 accipiens
1379 3317 1700 3372 secundum
1732 3317 1789 3371 id

159 3407 303 3479 quod
334 3406 622 3478 scriptum
658 3410 765 3474 est,
797 3406 858 3461 In
881 3406 1158 3477 principio
1178 3413 1299 3460 erat
1324 3405 1566 3475 Verbum,
1589 3413 1640 3461 et
1668 3407 1792 3462 Ver-

160 3497 279 3551 bum
304 3504 423 3551 erat
451 3495 600 3567 apud
626 3497 817 3561 Deum,
849 3499 901 3549 et
931 3495 1069 3550 Deus
1099 3498 1219 3549 erat
1272 3493 1513 3550 Verbum
1542 3494 1716 3564 (Joan.
1751 3509 1791 3563 l,

161 3586 240 3651 14,
271 3586 361 3652 4);
423 3584 880 3657 primogenitum
938 3587 1133 3638 autem
1180 3583 1461 3638 universas
1493 3588 1793 3650 creaturae,

159 3675 475 3730 secundum
499 3673 555 3728 id
580 3673 731 3744 quod
754 3671 1067 3745 Apostolus
1088 3671 1184 3736 ait,
1216 3673 1277 3728 Ut
1295 3674 1364 3726 sit
1386 3674 1500 3743 ipse
1514 3674 1795 3743 primoge-

156 3766 301 3819 nitus
323 3766 384 3819 in
403 3762 599 3818 multis
618 3763 887 3833 fratribus
909 3760 1137 3834 (Coloss.
1164 3778 1201 3829 1,
1229 3761 1316 3833 18)
1343 3779 1355 3828 ;
1381 3778 1528 3831 quos
1548 3762 1597 3817 ei
1631 3766 1800 3817 Pater

160 3854 223 3907 ad
251 3853 565 3909 fraternam
585 3852 943 3918 societatem,
964 3867 1077 3907 non
1099 3850 1424 3922 mqualitate
1441 3850 1799 3917 substantiae,

160 3942 255 3997 sed
282 3943 596 4014 adoptione
619 3940 814 4014 gratiae
838 3939 1154 4013 generavit.
1176 3938 1535 4011 Legeitaque
1552 3939 1802 4010 Scriptu-

162 4048 251 4086 ras
273 4047 568 4103 nusquam
591 4030 849 4085 invenies
870 4030 941 4084 de
960 4029 1187 4084 Christo
1210 4028 1454 4098 dictum,
1478 4029 1628 4099 quod
1664 4029 1800 4084 ado-

162 4120 351 4192 ptione
374 4122 454 4175 sit
478 4120 654 4176 Filius
678 4118 798 4175 Dei.
824 4118 904 4173 De
928 4118 1095 4174 nobis
1115 4122 1309 4172 autem
1330 4118 1652 4188 saepissime
1669 4116 1806 4190 legi-

164 4214 256 4265 tur
280 4227 292 4265 :
314 4210 608 4282 Accepistis
636 4209 898 4280 spiritum
923 4207 1232 4278 adoptionis
1254 4207 1500 4277 ﬁliorum
1518 4222 1539 4269 ;
1561 4207 1805 4277 adoptio-

163 4317 281 4356 nem
295 4303 694 4369 exspectantes,
719 4297 1147 4369 redemptionem
1167 4297 1408 4367 corporis
1428 4304 1605 4351 nostri
1627 4296 1801 4366 (Rom.

163 4390 403 4456 v111,15,
465 4388 596 4461 23);
660 4389 723 4444 Ut
777 4388 1133 4457 adoptionem
1185 4386 1431 4455 ﬁliorum
1476 4386 1808 4456 recipiamus

164 4478 359 4549 (Gatat.
389 4495 465 4544 ιν,
501 4478 592 4549 4);
626 4476 1055 4534 Praedestinavit
1074 4491 1176 4529 nos
1197 4477 1259 4529 in
1287 4473 1633 4543 adoptionem
1666 4474 1809 4542 ﬁlio-

164 4585 284 4623 rum
314 4568 534 4641 (Ephes.
570 4585 609 4633 1,
640 4568 734 4635 5);
774 4566 909 4621 Gens
955 4568 1171 4629 sancta,
1210 4562 1446 4635 papulas
1478 4564 1537 4616 in
1566 4562 1810 4633 adoptio-

164 4660 315 4714 nem3
345 4658 392 4730 (Ι
426 4660 579 4713 Petr.
614 4674 676 4725 11,
707 4657 764 4727 9)
790 4674 803 4724 ;
842 4656 1056 4711 Vocavit
1084 4670 1174 4709 vos
1199 4669 1299 4724 per
1326 4653 1691 4724 Evangetium
1711 4668 1811 4708 no-

165 4751 339 4802 strum
362 4748 423 4802 in
444 4745 790 4817 adoptionem
812 4746 1001 4817 gloriae
1027 4744 1249 4799 Domini
1269 4743 1448 4797 nostri
1460 4744 1590 4797 Iesu
1610 4740 1816 4797 Christi

166 4837 235 4898 (ll
287 4836 467 4892 Thess.
500 4852 562 4907 ιι,
598 4836 684 4903 12,
720 4835 807 4907 13)
839 4851 853 4901 ;
884 4838 941 4889 et
974 4833 1023 4888 si
1054 4849 1170 4905 qua
1200 4830 1342 4887 talia
1371 4830 1697 4885 recordanti
1726 4830 1813 4887 vel

166 4922 382 4997 legenti
407 4925 788 4980 occurrerint.
815 4922 987 4978 Aliud
1012 4926 1101 4977 est
1122 4920 1280 4976 enim
1305 4936 1406 4992 per
1426 4918 1611 4975 Patris
1631 4918 1814 4976 excel-

168 5012 409 5070 lentiam
432 5030 563 5070 esse
582 5012 819 5069 unicum
836 5011 1047 5068 Filium
1063 5009 1190 5077 Dei,
1204 5008 1364 5064 aliud
1383 5024 1484 5079 per
1496 5009 1817 5065 misericor-

171 5104 297 5159 dem
320 5102 576 5177 gratiam
600 5101 859 5173 accipere
883 5104 1229 5175 potestatem
1251 5096 1406 5152 filios
1427 5095 1526 5152 Dei
1548 5096 1670 5152 fieri
1694 5113 1815 5154 cre-

231 5213 247 5247 ¹
287 5212 346 5261 In
380 5209 540 5260 editis
575 5209 778 5266 deerat,
806 5210 1014 5273 fratres.
1041 5208 1105 5273 Et
1136 5204 1297 5273 paulo
1310 5207 1448 5273 _post
1469 5208 1602 5273 loco,
1622 5205 1818 5273 fratres

170 5274 275 5335 eius
302 5276 429 5331 sint,
453 5273 744 5336 legebatur,
775 5266 972 5334 semper
1001 5271 1112 5336 ejus
1138 5266 1259 5336 sint.
1310 5266 1550 5336 Itemque
1581 5266 1717 5336 intra
1759 5268 1816 5316 in

171 5328 564 5386 editione'Lovv.
592 5336 665 5384 ita
697 5328 992 5384 ferebatur:
1019 5328 1274 5394 'Quoniam
1304 5328 1624 5394 nullomozto
1643 5343 1817 5378 verum

172 5399 446 5457 diceretur,
468 5398 781 5462 sempiteruar
805 5412 1001 5462 quoque
1030 5390 1191 5446 uirtus
1211 5393 1325 5462 eius
1346 5406 1405 5439 ac
1425 5390 1688 5462 divinitas.
1717 5406 1817 5455 qua

169 5458 623 5511 consubstantialis
655 5464 727 5509 est
761 5458 982 5508 Patri'et
1010 5471 1082 5508 est
1130 5459 1249 5505 ante
1277 5468 1476 5503 omnem
1506 5458 1816 5504 creaturam.

170 5527 271 5573 nisi
296 5540 361 5573 ex
390 5524 574 5572 eadem
622 5522 909 5571 substantia
955 5536 1152 5581 semper
1180 5516 1549 5581 haberetsflos
1580 5516 1817 5581 aliosque

170 5588 367 5651 passim
396 5587 545 5635 locos
574 5585 917 5635 emendsmus
947 5598 1013 5635 ex
1042 5580 1353 5634 Carnotensi
1388 5580 1483 5628 Ms-

230 5652 251 5686 1
276 5652 451 5695 Forte.
484 5648 635 5695 auod.

230 5652 251 5686 ⁸
274 5652 451 5706 Forte,
484 5652 635 5706 quod.

230 5663 251 5686 ι
274 5663 451 5706 Forte,
484 5663 635 5713 quoa.

230 5714 251 5748 ⁸
282 5714 368 5763 Sic
398 5711 560 5775 etiam
593 5711 719 5775 legit
751 5709 1079 5775 Ambrosius,
1108 5718 1356 5758 sermone
1384 5707 1430 5766 6,
1463 5702 1520 5753 in
1550 5703 1683 5755 Psal.
1710 5707 1816 5766 118,

170 5776 345 5828 Grece
374 5779 476 5836 est,
509 5774 617 5824 laos
646 5773 719 5824 eis
742 5773 1076 5839 peripdiesin.

1548 419 1780 481 LIBER
1825 420 2059 483 UNUS.

3384 431 3504 491 582

1855 553 2059 608 dentes
2082 552 2139 607 in
2163 570 2316 609 eum.
2342 555 2499 610 Dedit
2519 572 2618 623 εις,
2644 556 2850 629 inquit,
2880 566 3202 630 potestatem
3230 560 3373 629 ﬁlios
3403 561 3503 616 Dei

1857 642 1997 712 ﬁeri.
2028 642 2151 697 Non
2187 659 2318 713 ergo
2340 650 2505 699 erant
2530 649 2754 715 natura,
2780 664 2911 702 cum
2938 654 3285 720 potestatem
3312 654 3374 703 ut
3398 650 3500 705 fie-

1859 736 1989 787 rent
2006 736 2347 804 acceperunt
2371 734 2659 789 credendo
2685 734 2742 789 in
2758 734 2971 807 ipsum,
2990 738 3079 791 cui
3098 736 3267 792 unico
3286 754 3391 793 non
3403 754 3498 810 pe-

1857 822 2049 891 percit,
2082 821 2173 876 sed
2198 838 2297 893 pro
2326 822 2481 877 nobis
2512 824 2761 879 omnibus
2781 825 3015 880 tradidit
3033 844 3159 881 eum
3180 828 3350 895 (Rom.
3376 844 3497 897 V111,

1862 909 1990 979 32);
2024 915 2088 963 ut
2117 911 2269 981 apud
2305 927 2365 966 se
2396 911 2784 982 unigenitum,
2817 913 2888 967 ad
2914 930 3019 969 nos
3044 916 3498 988 primogenitum

1864 998 2096 1055 faceret.
2132 1004 2208 1053 Ex
2239 998 2337 1055 illo
2370 1000 2551 1070 igitur
2579 1000 2731 1071 quod
2784 1002 3116 1074 unigenitus
3150 1009 3257 1071 est,
3288 1023 3403 1061 non
3435 1023 3505 1062 ex

1867 1103 2059 1158 carne,
2094 1104 2206 1142 non
2241 1105 2309 1143 ex
2339 1089 2646 1159 sanguine,
2682 1106 2795 1144 non
2830 1107 2896 1145 ex
2928 1092 3227 1148 voluntate
3254 1094 3381 1160 viri,
3415 1111 3516 1150 ne-

1868 1193 1981 1247 que
2009 1193 2079 1232 ex
2107 1176 2399 1233 voluntate
2429 1179 2651 1244 carnis,
2683 1179 2781 1234 sed
2815 1196 2882 1235 ex
2924 1180 3038 1236 Deo
3090 1187 3261 1237 natus
3293 1190 3419 1239 est:
3452 1200 3521 1240 ex

1870 1264 1971 1321 illo
2003 1270 2196 1321 autem
2232 1267 2384 1338 quod
2416 1268 2839 1339 primogenitus
2869 1268 2926 1323 in
2963 1269 3218 1325 Ecclesia
3244 1271 3521 1327 fratribus

1872 1355 2057 1410 factus
2079 1361 2187 1423 est,
2214 1356 2439 1411 Verbum
2460 1373 2591 1412 caro
2615 1361 2821 1428 factum
2842 1367 2941 1425 est,
2967 1362 3021 1413 et
3044 1359 3315 1415 habitavit
3337 1363 3397 1415 in
3421 1377 3526 1416 no-

1874 1444 1955 1499 bis
1974 1443 2148 1515 (Joan.
2174 1461 2214 1511 1,
2243 1446 2326 1511 12,
2356 1445 2461 1514 14).
2488 1444 2604 1501 Nos
2628 1462 2859 1519 quoque
2882 1447 2940 1503 in
2968 1452 3255 1520 quantum
3284 1454 3524 1505 natura-

1874 1531 2005 1588 liter
2026 1532 2129 1587 tllii
2161 1533 2257 1587 ira:
2290 1534 2510 1589 fuimus
2542 1534 2753 1606 (Ephes.
2788 1553 2850 1605 II,
2883 1538 2959 1605 3),
2993 1537 3101 1592 hoc
3134 1543 3224 1593 est
3254 1539 3523 1594 vindicta

1878 1620 2005 1686 ﬁlii,
2068 1621 2298 1677 vinculo
2353 1623 2729 1679 mortalitatis
2782 1626 3068 1694 obstricti,
3120 1628 3389 1699 quamvis
3423 1627 3521 1684 illo

1877 1716 2104 1766 creante
2118 1716 2293 1782 atque
2307 1712 2667 1776 instituente,
2689 1714 2787 1785 qui
2809 1715 3005 1785 procul
3025 1716 3201 1771 dubio
3219 1735 3252 1771 a
3269 1718 3520 1773 summis

1880 1816 2068 1871 usque
2100 1801 2171 1854 ad
2204 1800 2342 1867 ima,
2368 1802 2565 1856 omnia
2587 1802 2643 1856 in
2669 1818 2947 1858 mensura
2967 1808 3023 1858 et
3044 1821 3284 1861 numero
3306 1811 3360 1861 et
3388 1822 3529 1877 pon-

1881 1888 2016 1943 dere
2043 1888 2304 1960 disponit
2333 1893 2389 1944 et
2420 1889 2631 1945 format
2664 1890 2819 1962 (Sap.
2850 1908 2929 1961 x1,
2952 1893 3065 1963 21),
3084 1899 3280 1949 tamen
3307 1910 3374 1949 ex
3396 1912 3527 1949 car-

1882 1994 1954 2033 ne
1985 1981 2040 2033 et
2064 1978 2349 2049 sanguine
2382 1983 2438 2033 et
2467 1996 2536 2033 ex
2567 1978 2863 2036 voluntate
2895 1981 3086 2037 carnis
3119 1983 3238 2037 nati
3277 2000 3484 2041 sumus
3512 1999 3525 2039 :

1882 2066 1940 2121 in
1976 2076 2257 2139 quantum
2292 2074 2485 2124 autem
2533 2069 2852 2141 accipimus
2894 2075 3238 2142 potestatem
3289 2071 3393 2127 ﬁlii
3427 2072 3527 2128 Dei

1885 2156 2031 2226 ﬁeri,
2063 2173 2167 2212 nec
2199 2174 2303 2212 nos
2331 2173 2399 2212 ex
2447 2174 2617 2213 carne
2663 2163 2720 2213 et
2748 2161 3051 2232 sanguine,
3093 2166 3194 2215 aut
3222 2177 3292 2216 ex
3320 2160 3527 2216 volun-

1887 2251 2003 2302 tate
2034 2246 2162 2312 viri,
2194 2251 2294 2301 aut
2325 2262 2392 2301 ex
2421 2246 2719 2303 voluntate
2748 2250 2960 2314 carnis,
2995 2250 3095 2305 sed
3139 2267 3206 2305 ex
3238 2250 3375 2320 Deo,
3410 2267 3526 2306 non

1888 2335 2120 2408 quidem
2153 2340 2488 2407 coaequante
2546 2342 2774 2404 natura,
2835 2339 2935 2393 sed
2996 2339 3310 2410 adoptante
3340 2339 3530 2412 gratia

1889 2441 2150 2480 ηαεοιωυ
2160 2443 2205 2479 Γ.

1961 2513 2195 2569 CAPUT
2217 2514 2308 2570 VI.
2332 2546 2402 2556 —
2418 2515 2635 2571 Deinde
2653 2515 2833 2585 sijam
2873 2516 3244 2572 concederem
3276 2534 3390 2573 non
3406 2534 3534 2575 esse

1892 2603 2128 2658 unicum
2153 2605 2307 2658 Patri
2331 2604 2531 2659 Jesum
2565 2604 2881 2670 Christum,
2917 2607 3237 2661 secundum
3270 2607 3534 2677 ejusdem

1893 2694 2234 2749 substantia:
2266 2694 2656 2761 divinitatem,
2687 2695 2785 2750 sed
2819 2695 3031 2750 habere
3071 2696 3281 2751 fratres
3314 2701 3443 2768 post
3472 2714 3535 2753 se

1894 2788 2061 2838 natos
2087 2782 2303 2853 quibus
2331 2788 2485 2838 esset
2516 2784 2963 2854 primogenitus,
2997 2786 3286 2855 quomodo
3320 2803 3412 2840 rex
3437 2804 3532 2841 eo-

1895 2889 2025 2928 rum
2056 2888 2185 2927 esse
2215 2872 2458 2943 posset?
2487 2873 2688 2936 Quaeso
2720 2878 2795 2943 te,
2846 2890 2917 2927 an
2962 2874 3206 2929 auderes
3247 2873 3437 2930 dicere
3466 2891 3535 2931 eo

1898 2962 2191 3016 fortiorem
2226 2966 2427 3016 natum
2460 2977 2610 3026 esse,
2633 2978 2748 3033 quo
2771 2960 3019 3032 priorem
3044 2962 3071 3016 ?
3104 2962 3353 3018 Puderet
3383 2967 3536 3019 certe

1896 3050 1977 3105 ita
1998 3051 2231 3105 sentire.
2255 3051 2377 3105 Non
2402 3055 2598 3106 autem
2620 3050 2702 3106 ita
2724 3050 2933 3106 sentis:
2955 3051 3095 3122 quid
3114 3051 3295 3123 igitur
3314 3051 3541 3107 sentis?

1899 3139 2037 3195 Leni
2070 3141 2333 3194 animum
2366 3144 2557 3203 tuum,
2590 3144 2649 3195 et
2679 3139 3023 3211 placabilem
3057 3144 3113 3195 te
3146 3140 3319 3195 redde
3350 3139 3541 3195 consi-

1899 3228 2166 3285 derandae
2199 3228 2323 3283 sine
2356 3228 2674 3299 pertinacia
2722 3228 2973 3283 veritati.
3030 3230 3143 3283 Hoc
3174 3229 3328 3285 enim
3365 3231 3541 3284 etiam

1900 3320 2006 3374 abs
2036 3323 2093 3372 te
2116 3319 2423 3388 requiram,
2450 3318 2743 3388 quomodo
2768 3317 3061 3388 intelligas
3084 3317 3540 3389 primogenitum

1898 3407 2099 3462 Jesum
2133 3407 2428 3462 Christum
2458 3406 2517 3460 in
2546 3405 2646 3459 illa
2675 3405 2873 3461 divina
2920 3411 3094 3476 atque
3126 3406 3345 3478 Optima
3374 3411 3539 3461 teter-

1902 3494 2655 3568 naquesubstantiamtrum
2669 3499 2929 3566 tempore
2943 3495 3169 3566 primus
3183 3497 3271 3549 est
3282 3495 3540 3565 genitus,

1903 3590 1965 3641 ut
1988 3584 2336 3657 posteriores
2358 3584 2559 3638 natos‘
2585 3584 2642 3637 in
2670 3582 2767 3637 illo
2795 3599 2970 3654 regno
2994 3582 3393 3653 intelligamus
3420 3584 3549 3655 qui-

1902 3675 2012 3729 bus
2035 3678 2124 3727 est
2148 3671 2570 3743 primogenitus
2598 3690 2611 3739 ;
2638 3687 2825 3744 neque
2858 3672 3153 3743 possimus
3183 3672 3373 3727 dicere
3404 3678 3546 3743 quot

1904 3761 2060 3819 horis
2080 3761 2167 3816 vel
2190 3762 2417 3831 diebus,
2451 3761 2870 3832 mensibusque
2896 3766 2998 3815 aut
3028 3762 3200 3816 annis
3233 3765 3421 3830 major
3451 3762 3549 3826 sit,

1907 3850 2007 3924 qui
2034 3856 2196 3907 ortus
2208 3856 2298 3906 est
2316 3849 2471 3922 prior
2488 3866 2500 3915 ;
2523 3849 2623 3904 sed
2645 3858 2835 3904 tamen
2852 3847 3045 3919 aliquo
3058 3848 3367 3904 intervallo
3382 3855 3552 3920 atque

1908 3941 2097 4013 spatio
2111 3938 2415 4011 temporali
2430 3938 2534 3993 has
2548 3937 2949 4009 generationes
2962 3938 3241 3993 discretas
3254 3953 3382 3993 esse
3396 3938 3552 4011 cogi-

1910 4035 2138 4087 temus:
2193 4045 2266 4083 an
2296 4044 2428 4083 vero
2458 4043 2573 4083 non
2606 4032 2888 4098 tempore,
2921 4027 3021 4082 sed
3056 4026 3184 4097 ipsa
3213 4026 3553 4082 excellentia

1911 4117 2273 4175 sublimioris
2305 4116 2507 4188 utique
2538 4115 2884 4186 majestatis,
2920 4132 3035 4186 qua
3085 4116 3261 4171 etiam
3293 4132 3395 4170 rex
3425 4132 3556 4172 esse

1912 4208 2191 4263 fratribus
2214 4204 2539 4260 luminibus
2562 4205 2795 4271 meruit,
2822 4203 3275 4276 primogenitum
3305 4204 3555 4275 accipia-

1915 4314 2069 4361 mus,
2100 4301 2382 4365 tanquam
2440 4294 2499 4348 in
2550 4293 2744 4364 aliquo
2800 4293 3061 4363 genitum
3106 4292 3462 4364 principatu.
3496 4291 3558 4347 Si

1915 4384 2285 4458 responderis
2307 4399 2440 4439 cum
2458 4386 2718 4453 tempore
2744 4381 3020 4436 fratribus
3046 4382 3294 4453 priorem
3319 4397 3449 4437 esse
3471 4386 3559 4436 at-

1917 4491 2029 4546 que
2080 4473 2381 4544 majorem:
2416 4477 2479 4526 ut
2500 4471 2625 4541 jam
2659 4486 2727 4524 ex
2756 4470 2865 4524 hoc
2893 4469 2946 4525 ei
2978 4485 3223 4542 regnum
3257 4468 3317 4524 in
3348 4469 3558 4525 fratres

1918 4562 2209 4620 delatum”
2239 4576 2368 4616 esse
2398 4558 2734 4626 contendas,
2769 4558 2923 4629 quod
2956 4574 3055 4613 eos
3088 4558 3377 4615 nascendo
3408 4574 3555 4629 pra-

1918 4652 2178 4718 cesserit,
2209 4654 2266 4706 et
2295 4648 2609 4720 aliquando
2641 4647 2766 4719 ipse
2796 4648 2970 4702 fuerit
3017 4663 3151 4702 cum
3184 4646 3267 4701 illi
3295 4646 3555 4703 nondum

1919 4744 2147 4807 essent;
2171 4738 2311 4811 quid
2335 4736 2500 4805 dicis,
2526 4737 2739 4791 frater?
2762 4737 2921 4791 Itane
2944 4735 3333 4808 principitabis
3354 4738 3564 4790 cortu-

1920 4846 2020 4885 um
2042 4829 2102 4883 in
2126 4828 2235 4882 hoc
2255 4824 2573 4898 impietatis
2590 4825 2926 4897 abruptum,
2942 4823 3382 4880 utexistimesin
3397 4821 3569 4899 illam.

1921 4919 2176 4974 divinam
2200 4931 2611 4985 summamque
2634 4919 2904 4970 naturam
2929 4912 3380 4969 mutabilitatem
3415 4914 3562 4965 tem-

1922 5004 2694 5082 poriscadere,etcredasibi
2715 5002 2936 5076 aliquid
2962 5004 3228 5067 existere,
3251 5001 3404 5072 quod
3428 5017 3498 5054 an
3510 5002 3565 5054 te

1924 5115 2034 5154 non
2071 5094 2285 5152 fuerit?
2317 5099 2401 5148 An
2435 5093 2571 5165 quia
2601 5094 2904 5166 oportebat
2933 5092 3067 5146 inde
3096 5091 3375 5146 adversus
3404 5093 3562 5143 tene-

1921 5188 2157 5243 brarum
2176 5187 2406 5257 gentem
2422 5182 2647 5238 lumina
2663 5179 3392 5253 progredi,progressiones
3406 5178 3568 5248 ipsas

1922 5275 2325 5349 generationes
2346 5289 2537 5339 vocas,
2562 5288 2709 5343 quas
2734 5269 3130 5342 temporaliter
3159 5268 3343 5322 factas
3366 5271 3566 5339 putas,

1923 5372 1988 5421 ut
2007 5362 2404 5436 temporaliter
2424 5360 2819 5433 pugnaretur?
2834 5365 2952 5413 Non
2976 5374 3111 5428 ergo
3135 5361 3361 5428 poterat
3382 5371 3567 5410 unum

1922 5455 2118 5511 lumen
2138 5455 2426 5514 sufficere,
2443 5450 2595 5522 quod
2613 5454 2795 5503 totum
2812 5447 2955 5501 illud
2979 5446 3243 5501 bellicum
3267 5445 3569 5517 negotium

1925 5545 2122 5601 divina
2151 5542 2362 5596 virtute
2409 5541 2726 5610 perageret.
2776 5542 2893 5590 Aut
2918 5537 2964 5591 si
3010 5535 3210 5591 multis
3241 5551 3390 5607 opus
3421 5537 3567 5600 erat,

1989 5646 2003 5679 ι
2039 5643 2095 5690 in
2126 5637 2437 5689 Carnotensi
2467 5636 2559 5684 Ms.
2589 5638 2642 5683 ut
2669 5636 2948 5698 posteriore
2986 5641 3210 5697 tempore
3244 5636 3407 5681 natos.

1986 5704 2436 5818 :Editisiregnum
2470 5693 2682 5761 insuper
2706 5698 2949 5747 delatum.
2981 5693 3319 5762 Castigantur
3346 5709 3407 5745 ex
3440 5693 3569 5746 Car-

1923 5782 1994 5819 no
2019 5781 2133 5818 ensi
2217 5779 2259 5815 s.
