4094 6474
524 346 644 406 583

530 481 715 536 hocne
745 480 803 535 in
838 477 1243 552 spiritualibus
1276 475 1646 531 sentiendum
1679 473 1822 539 esti,
1867 474 1931 526 ut
1960 484 2175 540 angus-

527 573 655 625 tum
688 570 1041 624 arbitremur
1072 568 1293 621 aditum
1321 566 1521 627 fuisse,
1548 580 1663 634 qua
1685 559 1859 617 simul
1884 557 2035 618 exine
2058 573 2173 611 non

528 661 788 729 possent,
813 662 875 711 ut
898 673 964 711 ex
988 672 1052 710 eo
1072 656 1224 721 quod
1254 671 1404 709 unus
1422 670 1451 707 e
1470 652 1746 707 fratribus
1766 649 1923 721 prior
1938 647 2169 714 exisset,

523 751 579 801 et
609 745 1033 817 primogenitus
1063 744 1175 799 dici
1213 748 1269 798 et
1301 759 1399 798 rex
1426 741 1548 797 ﬁeri
1570 739 1792 796 caeteris
1814 734 2172 793 mereretur?

526 834 669 891 Nolo
704 835 1039 889 minutatim
1074 832 1309 905 singula
1357 830 1649 904 persequi,
1703 845 1774 883 ne
1804 826 2035 899 ingenio
2067 830 2168 880 tuo

522 923 731 979 valenti
756 941 825 979 ex
846 922 1047 995 paucis
1068 927 1279 977 cuncta
1302 920 1656 991 conspicere,
1682 917 1857 972 nimis
1888 930 2169 971 onerosus

522 1013 655 1069 sim.
691 1012 857 1085 Erige
887 1012 1067 1084 igitur
1096 1011 1279 1067 aciem
1313 1010 1547 1077 mentis,
1584 1006 1826 1062 nebulas
1849 1002 2164 1061 contentio-

520 1103 611 1158 nis
635 1102 921 1174 absterge.
942 1101 1122 1157 Video
1154 1100 1409 1171 profecto
1442 1114 1630 1170 neque
1660 1094 1983 1152 secundum
2016 1092 2163 1159 loca,

521 1208 712 1263 neque
742 1191 1066 1247 secundum
1097 1194 1380 1260 tempora,
1415 1191 1633 1252 motus,
1667 1199 2030 1258 progressus,
2063 1198 2161 1238 ex-

520 1285 705 1349 ortus,
740 1297 1004 1347 occasus,
1058 1277 1278 1334 ullasve
1332 1275 1773 1332 conversiones’
1810 1272 1933 1328 ﬁeri
1968 1286 2161 1344 posse,

520 1370 632 1424 nisi
670 1369 728 1424 in
760 1373 1026 1424 creatura
1056 1365 1364 1422 mutabili:
1398 1381 1525 1437 quae
1554 1368 1751 1419 tamen
1784 1361 1899 1417 nisi
1921 1363 2075 1416 esset
2094 1376 2163 1415 ex

519 1459 740 1514 artiﬁce
772 1462 827 1513 et
858 1456 1157 1513 conditore
1187 1455 1327 1521 Deo,
1381 1471 1494 1510 non
1551 1452 1793 1508 dixisset
1820 1448 2158 1522 Apostolus,

518 1553 583 1604 Et
622 1548 927 1615 coluerunt,
983 1555 1037 1602 et
1086 1547 1392 1601 servierunt
1446 1552 1715 1599 creaturae
1761 1543 1947 1613 potius
1996 1555 2162 1611 quam

520 1638 787 1701 Creatori,
830 1638 927 1706 qui
954 1643 1029 1690 est
1079 1633 1384 1689 benedictus
1425 1633 1484 1687 in
1530 1630 1735 1686 swcula
1766 1630 1938 1701 (Rom.
1976 1646 2013 1697 1,
2043 1628 2156 1699 25).

588 1726 821 1781 CAPUT
879 1725 1002 1780 VII.
1036 1754 1103 1766 -
1134 1724 1194 1778 In
1246 1722 1351 1777 hac
1395 1721 1550 1776 enim
1587 1719 1875 1775 sententia
1910 1716 2159 1773 maxime

514 1815 630 1869 duo
663 1818 801 1869 sunt
831 1813 1181 1877 necessaria,
1230 1827 1357 1881 qua:
1398 1825 1623 1864 mecum
1671 1806 1952 1862 intuearis
1986 1811 2156 1878 peto:

514 1920 721 1968 unum,
749 1902 888 1973 quia
911 1901 959 1956 si
981 1905 1245 1955 creatura
1266 1898 1454 1953 aliena
1475 1901 1629 1952 esset
1650 1914 1683 1951 a
1713 1896 1847 1965 Deo,
1881 1912 1995 1951 non
2028 1896 2155 1967 ejus

515 1996 739 2047 creator
767 1992 915 2045 Deus
949 1990 1019 2044 ab
1052 1987 1326 2060 Apostolo
1358 1985 1682 2043 diceretur:
1716 1985 1985 2055 alterum,
2018 1984 2156 2055 quia

507 2080 556 2135 si
588 2080 765 2135 unius
788 2080 1172 2150 ejusdemque
1194 2076 1535 2132 substantia:
1559 2077 1788 2131 Creator
1808 2078 1863 2129 et
1889 2078 2154 2130 creatura

502 2174 679 2235 esset,
713 2186 829 2225 non
876 2167 1441 2238 reprehenderentur
1470 2164 1608 2236 quia
1640 2163 1965 2219 servierunt
1991 2179 2150 2218 crea-

501 2263 643 2314 turre
662 2258 855 2330 potius
876 2273 1051 2328 quam
1074 2255 1329 2310 Creatori
1350 2254 1654 2326 ;quoniam
1671 2253 2018 2324 cuicumque
2032 2269 2151 2308 ser-

498 2347 741 2418 vissent,
779 2347 849 2402 ab
907 2346 1110 2400 eadem
1172 2350 1383 2399 natura
1439 2348 1614 2414 atque
1671 2341 2001 2397 substantia
2032 2358 2145 2397 non

500 2436 901 2491 recessissent.
938 2433 1238 2499 Quomodo
1296 2432 1450 2487 enim
1510 2448 1680 2486 nemo
1713 2435 1902 2503 potest
1931 2430 2145 2486 servire

502 2525 645 2580 Filio
669 2524 769 2596 qui
793 2541 906 2579 non
930 2522 1143 2577 serviat
1164 2527 1221 2576 et
1242 2521 1418 2587 Patri,
1444 2522 1577 2591 quia
1601 2520 1905 2592 utriusque
1922 2527 2009 2575 est
2030 2536 2147 2575 una

499 2613 870 2670 substantia:
905 2613 989 2666 sic
1022 2628 1190 2666 nemo
1224 2615 1413 2681 potest
1461 2610 1674 2665 servire
1723 2615 1997 2664 creaturae
2031 2609 2143 2665 nisi

499 2703 756 2758 serviens
777 2700 1054 2769 Creatori,
1081 2700 1128 2755 si
1152 2705 1304 2755 esset
1327 2699 1630 2769 utriusque
1656 2716 1771 2753 una
1793 2699 2141 2765 substantia,

498 2793 661 2850 Unde
693 2793 741 2847 si
764 2793 890 2864 jam
951 2792 1234 2847 discernis
1291 2796 1345 2846 et
1392 2790 1571 2862 sapis,
1606 2788 1918 2859 plurimum
1951 2793 2139 2844 atten-

498 2882 663 2938 deres
696 2899 823 2938 esse
876 2883 1027 2936 inter
1082 2881 1411 2936 Creatorem
1473 2883 1529 2934 et
1567 2884 1931 2934 creaturam:
1968 2884 2141 2950 atque

495 2977 723 3043 Oportet
749 2970 1045 3042 intelligas
1082 2968 1295 3042 prolem
1320 2968 1606 3023 Creatoris
1630 2985 1746 3023 non
1768 2984 1895 3023 esse
1918 2974 2140 3024 creatu-

493 3077 661 3116 ram:
698 3076 831 3115 nam
866 3059 914 3115 si
943 3063 1119 3128 esset,
1153 3075 1266 3113 non
1300 3062 1453 3113 esset
1482 3056 1740 3128 inferior,
1774 3058 1871 3112 sed
1896 3056 2138 3128 aqualis

490 3148 876 3219 ejusdemque
910 3146 1252 3202 substantiae
1274 3146 1295 3179 ³
1321 3163 1334 3213 ;
1368 3162 1432 3200 ac
1474 3162 1575 3216 per
1605 3152 1711 3199 hoc
1742 3146 2010 3217 quisquis
2040 3162 2135 3203 co-

488 3236 633 3291 leret
662 3236 832 3307 eique
863 3235 1122 3305 serviret,
1182 3235 1359 3289 simul
1410 3234 1585 3289 etiam
1636 3233 1888 3289 Creatori
1920 3235 2047 3306 ejus
2079 3240 2134 3292 et

486 3326 646 3381 Patri
671 3324 896 3381 cultum
923 3326 1381 3395 servitutemque
1404 3323 1704 3395 praeberet.
1729 3325 1868 3377 Cum
1891 3340 2023 3379 vero
2042 3340 2129 3380 re-

484 3415 934 3488 prehenduntur
954 3413 1025 3470 ab
1047 3412 1345 3486 Apostolo,
1369 3419 1426 3467 et
1447 3411 1816 3467 detestabiles
1839 3412 2131 3469 habentur

482 3506 584 3577 qui
632 3507 938 3560 coluerunt
966 3509 1021 3560 et
1051 3503 1373 3559 servierunt
1414 3508 1691 3558 creaturae
1727 3501 1918 3566 potius
1949 3519 2123 3573 quam

479 3594 757 3660 Creatori,
781 3594 924 3649 satis
942 3592 1268 3649 ostenditur
1283 3591 1443 3647 illius
1460 3596 1516 3646 et
1532 3591 1710 3662 hujus
1727 3591 1983 3648 diversas
1997 3609 2125 3649 esse

481 3681 863 3737 substantias.
890 3681 1051 3737 Sicut
1079 3680 1236 3736 enim
1269 3697 1382 3735 non
1417 3682 1609 3751 potest
1638 3678 1837 3747 videri,
1871 3679 1981 3736 hoc
2011 3685 2121 3752 est,

477 3769 725 3842 intelligi
749 3769 949 3836 Filius,
977 3768 1085 3823 nisi
1113 3770 1169 3823 in
1193 3768 1319 3839 ipso
1346 3767 1706 3839 intelligatur
1720 3773 1776 3821 et
1792 3768 2121 3839 Pater;ipse

477 3857 631 3912 enim
665 3858 826 3927 dicit,
887 3858 1002 3929 Qui
1060 3873 1147 3911 me
1202 3857 1360 3925 vidit,
1424 3856 1558 3910 vidit
1612 3865 1662 3911 et
1691 3856 1911 3910 Patrem
1940 3857 2116 3926 (Joan.

474 3964 591 4014 x1v,
615 3946 710 4018 9):
736 3946 818 4003 sic
852 3963 967 4001 non
998 3950 1189 4018 potest
1215 3944 1324 4001 coli
1355 3944 1533 3999 Filius
1564 3944 1677 3998 nisi
1710 3944 1767 3998 in
1799 3960 1864 3999 eo
1895 3944 2120 4001 colatur

473 4039 530 4090 et
560 4040 750 4091 Pater.
785 4036 851 4090 Et
882 4035 1009 4090 ideo
1040 4034 1089 4089 si
1121 4038 1385 4089 creatura
1408 4032 1585 4088 Filius
1616 4038 1786 4099 esset,
1820 4050 1935 4088 non
1966 4033 2117 4091 cole-

475 4130 634 4180 retur
664 4125 789 4180 sine
820 4124 1108 4191 Creatore,
1142 4138 1331 4194 neque
1360 4122 1779 4176 damnarentur
1820 4121 1918 4193 qui
1952 4139 2115 4179 crea-

476 4218 670 4269 turam
703 4213 895 4286 potius
927 4229 1099 4283 quam
1132 4212 1458 4267 Creatorem
1483 4209 1807 4265 coluerunt.
1832 4210 2115 4282 Perspicis

476 4302 673 4373 itaque
692 4303 839 4373 jam,
867 4308 930 4357 ut
951 4302 1222 4369 arbitror,
1245 4316 1361 4355 non
1384 4298 1489 4353 tibi
1512 4314 1830 4370 congruere
1861 4305 1925 4354 ut
1953 4301 2112 4357 dicas

471 4391 926 4463 primogenitum
960 4389 1363 4446 secretissima
1395 4393 1570 4460 atque
1603 4388 1909 4444 ineﬂ'abilis
1943 4393 2114 4462 maje-

471 4480 659 4547 statis,
680 4484 736 4534 et
756 4480 1019 4535 omnium
1042 4479 1335 4535 luminum
1354 4493 1547 4550 regem
1570 4479 1766 4532 Jesum
1790 4478 2110 4548 Christum,

472 4569 588 4624 nisi
612 4569 967 4625 manichaeus
994 4585 1120 4625 esse
1140 4567 1450 4633 destiteris,
1472 4571 1537 4621 ut
1552 4570 1879 4621 creaturam
1898 4571 2108 4624 aCrea-

470 4661 594 4713 tore
623 4658 921 4713 discernes
946 4675 959 4724 ;
994 4663 1058 4712 ut
1085 4658 1257 4712 Jesus
1287 4656 1554 4711 Christus
1583 4660 1639 4711 et
1668 4655 2006 4728 unigenitus
2036 4658 2112 4713 sit

472 4748 794 4804 secundum
818 4748 873 4801 id
901 4748 1051 4818 quod
1079 4746 1321 4801 Verbum
1343 4744 1567 4813 Deiest,
1588 4749 1739 4800 Deus
1756 4746 1909 4817 apud
1924 4745 2109 4802 Deum

470 4837 570 4905 (Id.
598 4854 635 4908 1,
665 4840 713 4909 1)
738 4838 952 4909 pariter
974 4833 1469 4891 incommutabilis
1500 4839 1555 4888 et
1587 4834 1803 4905 pariter
1834 4840 2106 4907 aeternus,

469 4943 585 4981 non
618 4927 883 4998 rapinam
917 4925 1208 4980 arbitrans
1256 4939 1382 4979 esse
1431 4922 1665 4993 aequalis
1692 4922 1807 4978 Deo
1837 4925 2106 4998 (Philipp.

468 5031 529 5080 11,
561 5016 615 5086 6)
643 5032 655 5081 ;
688 5019 744 5070 et
772 5014 1196 5087 primogenitus
1227 5011 1421 5068 omnis
1452 5016 1747 5080 creaturae,
1781 5014 2106 5069 secundum

468 5104 524 5158 id
561 5105 713 5176 quod
745 5103 803 5158 in
838 5104 964 5175 ipso
997 5102 1233 5158 condita
1265 5105 1402 5156 sunt
1431 5099 1648 5171 omnia,
1681 5100 1739 5154 in
1769 5101 1928 5156 ccelis
1961 5106 2019 5157 et
2046 5102 2107 5158 in

467 5198 644 5249 terra.
683 5191 937 5248 visibilia
994 5198 1050 5247 et
1104 5188 1439 5245 invisibilia.
1494 5188 1776 5261 Agnoscis
1832 5190 2009 5261 enim,
2044 5196 2109 5248 ut

532 5380 547 5413 ¹
585 5378 657 5427 lta
686 5379 1023 5429 Carnotensis
1068 5378 1160 5428 Ms.
1217 5377 1284 5426 At
1335 5375 1477 5439 editi,
1509 5374 1601 5425 hoc
1629 5389 1760 5426 nunc
1785 5378 2107 5441 spiritualius

465 5442 783 5490 sentient/um
814 5448 903 5490 est.

530 5505 552 5538 ²
578 5504 740 5551 Vetus
770 5506 935 5552 codex
966 5501 1318 5558 Carnotensis,
1351 5500 1528 5549 illasve
1554 5501 1916 5552 conversiones.

533 5567 553 5600 ³
581 5564 719 5613 Editi
746 5580 838 5614 nec
858 5567 956 5613 sibi
985 5580 1087 5613 esse
1115 5566 1437 5627 inferiorem,
1468 5568 1557 5611 sed
1582 5566 1827 5627 aequalem
1853 5567 2108 5627 ejusdem-

462 5641 559 5740 Zae
586 5629 902 5677 substantiae.
932 5628 1119 5700 Yerior
1140 5626 1336 5678 veteris
1364 5626 1561 5677 codicis
1587 5626 1927 5681 carnotensis
1946 5630 2104 5682 lectio

502 5704 551 5740 lc
575 5704 668 5740 per
691 5704 790 5740 nos
818 5694 1082 5740 restituta.

502 5690 551 5740 ic
573 5704 668 5755 per
691 5704 790 5740 nos
818 5690 1082 5741 restituta.

1219 332 2085 405 CONTRA°SECUNDINUM
2138 330 2661 404 MANICHIEUM,
2709 332 2776 394 S.
2824 332 3254 397 AUGUSTINI

2274 466 2505 611 ginta,
2540 467 2715 523 verba
2769 469 3030 541 Apostoli
3089 470 3159 525 ad
3219 468 3591 527 Colossenses
3641 472 3937 545 (Coloss.r,

2351 558 2413 611 ,1
2486 597 2498 610 .

2392 558 2498 610 l6l.

2351 600 2365 624 ,
2392 556 2457 611 16
2486 597 2498 610 .

2346 556 2573 701 CAP)UT
2600 644 2749 701 VIII.
2786 678 2851 688 —
2885 648 3247 720 Quapropter
3304 666 3438 705 cum
3483 652 3589 708 abs
3619 658 3676 709 te
3708 671 3933 728 quaero,

2275 735 2429 790 unde
2450 734 2525 790 sit
2549 735 2700 791 facta
2723 736 2995 792 universa
3017 743 3304 804 creatura,
3329 742 3600 810 quamvis
3622 743 3683 798 in
3707 760 3821 800 suo
3842 760 3937 817 ge-

2274 840 2407 880 nere
2439 824 2608 889 bona,
2642 828 2908 880 Creatore
2962 832 3158 881 tamen
3204 827 3461 897 inferior,
3495 834 3673 903 atque
3701 833 3807 889 illo
3840 834 3935 889 in—

2272 912 2674 969 commutabili
2698 919 3076 984 permanente
3097 915 3226 988 ipsa
3250 918 3584 989 mutabilis;
3621 938 3739 977 non
3768 922 3932 979 inve-

2271 1002 2395 1058 nies
2421 1003 2518 1075 qui
2540 1004 2913 1076 respondeas,
2936 1003 3047 1060 nisi
3065 1004 3137 1061 de
3157 1004 3341 1062 nihilo
3363 1007 3575 1065 factam
3593 1027 3725 1067 esse
3744 1013 3929 1069 fatea-
4016 1058 4017 1061 η

2269 1091 2369 1148 ris.
2396 1094 2465 1147 Et
2482 1092 2609 1149 ideo
2627 1098 2815 1165 potest
2830 1110 3066 1167 vergere
3084 1095 3155 1151 ad
3175 1094 3448 1166 nihilum,
3469 1100 3708 1171 quando
3721 1107 3929 1174 peccat

2268 1179 2369 1236 illa
2396 1185 2681 1252 creatura,
2716 1187 2771 1239 et
2802 1183 2989 1256 portio
3019 1201 3143 1255 quae
3175 1189 3367 1258 potest
3414 1204 3672 1260 peccare,
3704 1207 3829 1247 non
3863 1196 3932 1248 ut

2266 1269 2411 1325 nihil
2443 1270 2539 1341 sit,
2572 1272 2674 1327 sed
2707 1276 2771 1327 ut
2802 1273 2999 1329 minus
3028 1274 3236 1346 vigeat,
3270 1275 3588 1351 minusque
3617 1278 3794 1336 ﬁrma
3825 1282 3924 1340 sit.

2264 1359 2409 1415 Nam
2444 1359 2643 1416 minus
2673 1360 2866 1433 vigere
2896 1367 2952 1417 et
2985 1363 3185 1419 minus
3216 1364 3425 1433 valere,
3459 1368 3508 1423 si
3530 1370 3777 1426 omnino
3800 1387 3927 1442 per-

2264 1449 2442 1504 ducas
2464 1449 2534 1504 ad
2557 1449 2854 1517 ultimum,
2876 1457 3136 1507 remanet
3152 1452 3319 1509 nihil.
3341 1454 3541 1527 Diligit
3556 1474 3694 1529 ergo
3716 1464 3925 1531 sponte

2262 1538 2596 1607 vanitatem,
2618 1555 2750 1593 cum
2767 1540 2994 1595 deserta
3014 1541 3304 1599 soliditate
3320 1544 3577 1602 veritatis
3595 1547 3925 1618 opinabilis

2262 1627 2550 1699 sequitur,
2570 1628 2626 1681 id
2645 1632 2755 1695 est,
2777 1630 3101 1686 mutabilia.
3126 1633 3269 1687 Cum
3298 1638 3493 1689 autem
3517 1635 3654 1692 inde
3679 1638 3923 1695 meritas

2261 1733 2463 1789 pmnas
2486 1715 2614 1783 luit,
2639 1717 2950 1788 subjicitur
2972 1737 3085 1775 non
3105 1727 3310 1793 sponte
3328 1723 3589 1791 vanitati,
3609 1726 3924 1785 sicutsub-

2254 1810 2408 1882 jecta
2437 1810 2525 1861 est
2556 1805 2613 1860 in
2665 1804 2900 1862 homine
2933 1815 3229 1879 peccante.
3260 1810 3407 1866 Hinc
3437 1811 3590 1867 enim
3622 1813 3704 1869 ait
3733 1815 3921 1887 Apos-

2260 1896 2434 1961 tolus,
2470 1895 2663 1951 Omnis
2684 1900 2945 1952 creatura
2963 1899 3202 1954 vanitati
3217 1899 3458 1972 subjecta
3476 1907 3576 1970 est,
3595 1918 3709 1959 non
3724 1912 3922 1975 sponte

2257 1985 2430 2057 (Rom.
2454 2001 2580 2052 vni,
2611 1986 2704 2057 20)
2731 2002 2743 2041 :
2779 1985 2914 2058 quia
2943 1991 3000 2042 et
3028 1987 3087 2043 in
3120 1987 3355 2045 homine
3385 1990 3578 2047 omnis
3606 1997 3715 2048 est.
3756 1994 3920 2051 Inest

2256 2074 2473 2147 quippe
2488 2074 2712 2130 homini
2729 2078 2785 2131 et
2802 2075 3092 2132 invisibile
3110 2077 3248 2149 quid
3269 2080 3591 2135 secundum
3610 2081 3913 2155 animum,

2253 2168 2310 2219 et
2331 2163 2560 2219 visibile
2582 2164 2904 2220 secundum
2932 2181 3172 2237 corpus:
3198 2167 3391 2223 omnis
3414 2172 3610 2225 autem
3634 2177 3920 2229 creatura

2251 2254 2465 2325 partim
2498 2258 2588 2309 est
2620 2253 2886 2323 visibilis,
2919 2256 3132 2326 partim
3178 2254 3529 2314 invisibilis:
3564 2275 3671 2314 nec
3703 2265 3915 2317 tamen

2251 2343 2442 2397 omnis
2474 2341 2532 2397 in
2565 2358 2791 2414 pecore,
2824 2343 2915 2397 cui
2949 2359 3116 2399 mens
3146 2343 3559 2403 intellectualis
3583 2364 3698 2403 non
3722 2349 3911 2406 inest.

2251 2432 2311 2486 In
2336 2448 2498 2502 spem
2522 2448 2662 2487 sane
2690 2432 3011 2502 subjectam
3044 2449 3172 2489 esse
3202 2433 3365 2503 dicit,
3399 2440 3631 2507 propter
3663 2439 3909 2494 miseri-

2247 2520 2505 2575 cordiam
2538 2520 2841 2576 liberantis
2872 2537 2974 2593 per
3005 2522 3409 2579 remissionem
3444 2529 3822 2596 peccatorum
3846 2532 3915 2584 et

2246 2610 2618 2680 adoptionem
2644 2610 2862 2682 gratiae.
2888 2611 2975 2666 Tu
2999 2627 3131 2666 vero
3153 2610 3200 2667 si
3222 2612 3383 2668 fateri
3402 2613 3659 2669 nolueris
3675 2632 3708 2670 a
3726 2615 3913 2673 Patre

2244 2715 2347 2771 per
2373 2699 2579 2754 Filium
2606 2699 2660 2753 in
2689 2698 2947 2754 bonitate
2971 2700 3227 2772 Spiritus
3251 2703 3457 2769 sancti,
3483 2720 3609 2773 qum
3630 2703 3910 2763 Trinitas

2243 2787 2758 2843 consubstrntialis
2773 2793 2830 2843 et
2842 2793 3054 2844 aeterna
3068 2789 3323 2845 etincom
3336 2791 3635 2846 mutabilis
3654 2808 3909 2866 semper

2245 2880 2461 2946 manet,
2481 2876 2551 2930 de
2570 2875 2751 2931 nihilo
2777 2877 2985 2932 factam
3004 2894 3133 2933 esse
3152 2884 3501 2946 creaturam,
3525 2881 3738 2937 bonam
3761 2883 3909 2954 qui-

2241 2966 2395 3035 dem,
2421 2965 2520 3021 sed
2544 2970 2736 3020 tamen
2757 2966 2834 3019 im
2847 2982 3041 3037 parem
3059 2969 3309 3023 Creatori
3329 2974 3500 3041 atque
3518 2971 3905 3042 mutabilem;

2240 3056 2463 3126 cogeris
2486 3054 2685 3127 utique
2703 3054 3005 3128 sacrilegia
3022 3057 3235 3122 dicere,
3251 3062 3315 3112 ut
3327 3057 3543 3130 aliquid
3568 3064 3717 3116 Deus
3735 3062 3815 3119 de
3832 3079 3903 3119 se

2237 3142 2365 3216 ipso
2388 3143 2655 3215 genuerit
2677 3144 2829 3215 quod
2852 3161 2965 3200 non
2990 3145 3069 3201 sit
3098 3145 3319 3217 aequale
3349 3148 3633 3221 gignenti,
3661 3154 3719 3204 et
3751 3167 3903 3223 pos-

2236 3232 2314 3286 sit
2329 3232 2539 3303 subjici
2559 3233 2823 3288 vanitati.
2844 3234 3019 3289 Autsi
3041 3234 3263 3307 tequale
3277 3236 3512 3303 dixeris,
3531 3238 3641 3294 erit
3658 3244 3903 3298 utrum-

2234 3337 2347 3393 que
2371 3320 2672 3377 mutabile.
2700 3325 2838 3389 Quae
2860 3323 3049 3393 major
3077 3324 3372 3396 impietas,
3405 3343 3580 3398 quam
3615 3328 3727 3383 ista
3759 3345 3894 3386 cre-

2230 3411 2365 3465 dere
2396 3426 2461 3465 ac
2493 3410 2684 3467 dicere
2714 3416 2770 3467 et
2800 3411 2973 3467 malle
3002 3429 3273 3484 perversa
3300 3414 3573 3487 Opinione
3602 3417 3790 3473 Deum
3828 3419 3895 3475 in

2228 3499 2507 3570 deterius,
2540 3516 2712 3569 quam
2747 3507 3006 3556 correcta
3028 3503 3254 3558 ratione
3277 3520 3337 3558 se
3358 3503 3553 3575 ipsum
3580 3506 3639 3560 in
3666 3507 3891 3565 melius

2225 3594 2587 3645 commutare
2609 3589 2636 3643 ?
2666 3589 2724 3644 Si
2758 3595 2953 3645 autem
2984 3590 3252 3647 timueris
3302 3593 3494 3649 dicere
3534 3597 3890 3655 mutabilem

2224 3677 2781 3749 Deum,quiarevera
2794 3695 3008 3752 magna
3020 3686 3178 3737 estet
3190 3682 3885 3757 apertissimaimpietas;

2224 3768 2440 3824 dixeris
2470 3767 2643 3823 etiam
2679 3773 3004 3824 creaturam
3038 3786 3164 3826 esse
3212 3771 3781 3841 incommutabilem,
3818 3782 3888 3833 ut

2222 3873 2347 3913 eam
2385 3872 2583 3928 parem
2634 3857 2811 3911 facias
2860 3857 3136 3925 Creatori,
3181 3864 3237 3915 et
3278 3860 3450 3916 unius
3483 3862 3879 3936 ejusdemque

2220 3946 2793 4002 substantiaezrursus
2810 3946 2915 4001 tibi
2931 3951 3031 4002 tua
3043 3947 3284 4019 epistola
3297 3951 3874 4021 respondebit.Unde

2218 4035 2373 4091 enim
2394 4040 2481 4090 est
2497 4033 2693 4089 anima
2712 4033 2831 4101 illa,
2852 4052 3027 4106 quam
3049 4037 3215 4109 ponis
3234 4039 3291 4092 in
3313 4040 3502 4096 medio
3520 4040 3869 4115 spirituum,

2216 4124 2310 4180 cui
2330 4141 2362 4179 a
2378 4126 2653 4196 principio
2676 4124 2823 4179 dicis
2845 4128 3107 4181 naturam
3126 4144 3289 4182 suam
3304 4129 3522 4185 dedisse
3536 4132 3870 4196 victoriam;

2215 4213 2385 4285 eique
2415 4212 2601 4285 legem
2634 4213 3146 4286 conditionemque
3177 4217 3475 4287 proponis,
3510 4216 3649 4288 quia
3668 4220 3725 4273 si
3752 4236 3872 4275 una

2212 4318 2338 4357 cum
2356 4303 2563 4374 spiritu
2581 4304 2850 4356 virtutum
2866 4301 3085 4376 fecerit,
3106 4303 3321 4359 habebit
3337 4321 3462 4362 cum
3479 4322 3538 4361 eo
3556 4309 3732 4363 vitam
3747 4324 3871 4379 per-

2207 4399 2451 4464 petuam,
2475 4390 2719 4462 illudque
2733 4391 3034 4462 possidebit
3062 4409 3297 4462 regnum
3328 4394 3399 4449 ad
3425 4395 3567 4467 quod
3592 4400 3873 4454 Dominus

2210 4486 2391 4537 noster
2418 4480 2655 4543 invitat;
2674 4481 2728 4536 si
2746 4497 2869 4536 vero
2891 4482 2958 4536 ab
2977 4483 3188 4553 spiritu
3208 4484 3468 4539 vitiorum
3490 4487 3732 4558 incipiat
3749 4497 3867 4546 tra-

2212 4569 2290 4639 hi,
2322 4586 2386 4625 ac
2414 4578 2532 4641 post
2560 4584 2876 4625 consensum
2890 4571 3283 4641 paenitudinem
3311 4581 3483 4641 gerat,
3519 4573 3745 4631 habebit
3766 4577 3869 4633 ha-

2210 4675 2336 4714 rum
2364 4658 2609 4715 sordium
2632 4658 2999 4728 indulgentia:
3023 4661 3252 4731 fontem.
3283 4661 3378 4717 llis
3399 4667 3553 4718 certe
3576 4664 3777 4720 verbis
3798 4682 3869 4721 ex

2209 4748 2457 4821 epistola
2477 4752 2578 4802 tua
2599 4747 2931 4819 recognitis,
2948 4749 3309 4806 simuletiam
3329 4751 3721 4822 recognoscis,
3742 4771 3872 4810 mu-

2209 4836 2445 4893 tabilem
2479 4840 2534 4891 te
2565 4836 2771 4892 animae
2805 4837 3179 4894 constituisse
3212 4843 3505 4895 naturam.
3528 4840 3867 4912 Aliquando

2210 4927 2364 4983 enim
2389 4926 2715 4981 consentire
2736 4926 2967 4997 spiritui
2986 4928 3278 4994 vitiorum,
3298 4945 3365 4983 ac
3384 4946 3586 4985 rursus
3604 4932 3865 5002 pcenitu-

2210 5015 2404 5069 dinem
2438 5030 2657 5086 gerere,
2690 5015 2785 5085 qui
2821 5020 2909 5070 est
2938 5015 3095 5071 aliud
3131 5033 3307 5087 quam
3342 5034 3495 5073 nunc
3527 5020 3584 5073 in
3620 5020 3863 5092 melius,

2208 5121 2365 5159 nunc
2392 5104 2451 5159 in
2475 5104 2730 5158 deterius
2753 5106 3152 5160 commutari?
3174 5107 3242 5161 Et
3267 5106 3374 5163 hoc
3406 5112 3460 5162 te
3493 5108 3868 5166 manifestis-

2208 5193 2360 5249 sima
2380 5193 2593 5249 veritas
2618 5193 2900 5264 compulit
2921 5194 3130 5251 dicere.
3160 5197 3292 5267 lpsa
3311 5196 3466 5251 enim
3503 5196 3703 5252 anima
3736 5203 3864 5268 tua,

2208 5283 2257 5340 si
2277 5281 2651 5339 dissimulare
2671 5281 2903 5348 velles',
2930 5290 3161 5356 urgeret
3181 5289 3238 5339 te
3268 5286 3569 5341 attendere
3601 5287 3865 5343 mutabi-

2207 5370 2434 5427 litatem
2465 5386 2657 5439 suam,
2690 5374 2747 5425 et
2775 5371 2946 5426 toties
2976 5388 3043 5426 ex
3074 5388 3187 5444 quo
3219 5379 3391 5429 natus
3421 5390 3505 5445 es,
3539 5391 3644 5446 per
3662 5376 3864 5432 varias

2205 5460 2558 5527 voluntates,
2590 5459 2886 5517 doctrinas
2928 5460 3268 5533 obliviones,
3320 5463 3866 5537 consensionesque

2272 5629 2489 5697 {_Sic_i_n
2522 5629 2689 5678 veteri
2712 5629 2920 5697 codice.
2951 5633 3019 5683 At
3044 5633 3099 5685 in
3127 5634 3357 5697 excusis,
3386 5632 3489 5684 nisi
3524 5634 3862 5689 dissimulare

2206 5691 2378 5744 velles.
2407 5690 2583 5742 Minus
2614 5696 2778 5745 recte.

3832 341 3944 404 584
4016 294 4017 315 ,

4012 4184 4017 4213 l
