4094 6456
117 429 245 489 593

115 561 326 616 omnis
350 561 642 633 profectus
669 561 739 616 ab
771 578 836 616 eo
860 562 1012 632 quod
1033 562 1228 617 minus
1251 561 1632 627 est,tenditut
1650 578 1776 615 ma-

112 651 204 720 gis
230 651 334 707 sit.
357 650 551 705 Honor
587 651 800 722 quippe
841 668 1133 716 summus,
1157 652 1389 722 qualem
1425 651 1608 723 pietas
1632 650 1776 705 rcli-

117 740 432 812 giosorum
481 739 736 805 exhibet,
792 741 993 811 utique
1046 745 1157 795 Deo
1199 741 1459 794 debetur.
1495 740 1599 804 Qui
1641 756 1775 810 ergo

115 834 284 883 amat
338 829 638 896 honorem,
674 829 854 883 Deum
888 829 1169 884 imitatur.
1203 831 1311 883 Sed
1360 829 1612 883 humiles
1652 828 1774 882 ani-

115 934 229 972 mm
265 918 327 972 in
362 917 459 972 illo
493 934 553 972 se
578 918 848 972 honorari
873 918 1101 985 volunt;
1133 919 1388 989 superbi,
1413 936 1526 988 pra:
1553 918 1770 972 illo.Ad

119 1011 310 1061 Deum
363 1012 558 1061 autem
610 1006 887 1070 humiles,
929 1006 1273 1062 excelsiores
1313 1008 1460 1060 fiunt
1495 1007 1770 1076 injustis;

115 1101 327 1150 contra
353 1095 537 1150 Deum
571 1112 700 1150 vero
733 1095 964 1159 excelsi,
1000 1097 1343 1151 humiliores
1372 1097 1519 1149 ﬁunt
1547 1096 1767 1164 justis:

116 1200 182 1238 ea
218 1183 478 1239 scillicet
501 1185 937 1256 dispensatione
967 1185 1338 1256 praemiorum
1366 1189 1539 1255 atque
1571 1199 1769 1254 poena-

111 1289 272 1340 rum,
311 1274 456 1345 quia
487 1273 571 1327 illi
600 1275 778 1328 Deum
813 1283 1150 1329 amaverunt
1200 1290 1378 1346 supra
1428 1290 1510 1338 se,
1544 1272 1623 1326 illi
1667 1289 1768 1343 pro

110 1363 227 1418 Deo
260 1367 610 1418 amaverunt
642 1379 723 1418 se.

180 1469 428 1525 CAPUT
469 1469 667 1524 XVIII.
691 1470 934 1536 —-Jam,
967 1475 1031 1524 ut
1064 1470 1332 1535 arbitror,
1368 1467 1534 1524 facile
1559 1466 1765 1522 esttibi

112 1557 448 1630 intelligere
462 1575 529 1614 ex
551 1558 739 1631 ipsius
756 1559 946 1613 verbis
964 1558 1220 1630 epistolae
1241 1557 1595 1628 tuas,quibus
1619 1556 1764 1611 dixi-

110 1650 208 1713 sti,
237 1650 519 1719 animam,
552 1666 675 1704 cum
720 1651 986 1704 consentit
1014 1650 1177 1718 malo,
1224 1649 1499 1703 voluntate
1521 1662 1760 1718 peccare,

111 1736 345 1792 nullum
381 1737 602 1792 malum
618 1754 745 1793 esse
760 1742 1028 1792 naturam
1047 1737 1279 1802 malam,
1295 1737 1380 1791 vel
1395 1735 1762 1790 dilectionem

112 1833 336 1882 naturas
359 1826 523 1881 mala:
548 1843 559 1882 :
581 1829 679 1882 sed
715 1844 847 1882 cum
888 1843 1091 1881 omnes
1116 1831 1334 1880 natura
1358 1826 1414 1878 in
1433 1841 1536 1880 suo
1551 1839 1760 1895 genere

111 1916 273 1971 bonae
307 1915 450 1981 sint,
478 1915 698 1970 malum
721 1933 847 1970 esse
868 1921 1164 1986 peccatum
1190 1915 1342 1986 quod
1377 1914 1439 1967 fit
1464 1913 1760 1967 voluntate

112 2005 342 2071 animas,
389 2021 519 2058 cum
570 2004 758 2075 diligit
791 2021 890 2075 pro
931 2004 1056 2074 ipso
1097 2004 1362 2058 Creatore
1393 2008 1755 2069 creaturam;

112 2091 230 2145 sive
248 2107 358 2145 suo
385 2096 555 2156 nutu,
581 2107 711 2144 cum
747 2091 822 2145 sit
844 2091 1024 2158 mala;
1047 2091 1165 2145 sive
1188 2090 1426 2145 alterius
1447 2106 1754 2160 persuasu,

113 2197 243 2236 cum
276 2181 573 2235 consentit
603 2180 775 2234 malo.
805 2181 872 2234 Et
904 2180 1289 2234 nihilominus
1320 2180 1403 2234 sic
1434 2196 1664 2250 quoque
1697 2179 1760 2232 ﬁt

113 2270 285 2337 mala,
350 2269 848 2341 consequentibus
882 2270 1209 2341 suppliciis,
1261 2287 1362 2341 pro
1396 2269 1618 2323 meritis
1640 2286 1758 2323 om-

115 2359 208 2413 nia
230 2359 647 2430 disponantur,
685 2377 715 2412 a
748 2364 1012 2414 Creatore
1044 2376 1274 2414 summe
1306 2359 1457 2413 bono
1506 2360 1565 2413 in
1598 2374 1757 2412 crea-

112 2453 242 2502 tura
268 2449 552 2513 bona;sed
579 2466 691 2504 non
724 2466 955 2505 summe
979 2449 1150 2517 bona,
1184 2449 1321 2520 quia
1351 2467 1463 2503 non
1496 2466 1625 2504 eam
1655 2464 1758 2519 ge-

116 2537 242 2592 nuit
271 2539 342 2592 de
372 2554 435 2592 se
471 2538 616 2609 ipso,
653 2539 752 2593 sed
786 2538 918 2593 fecit
939 2555 1007 2593 ex
1038 2537 1237 2592 nihilo.
1264 2539 1345 2592 Tu
1371 2545 1562 2592 autem
1591 2555 1757 2593 cons-

116 2627 326 2681 tituisti
354 2628 503 2682 duas
529 2632 1045 2699 naturas,quarum
1070 2645 1246 2682 unam
1269 2627 1354 2682 vis
1373 2628 1585 2683 bonam
1610 2645 1756 2699 esse,

123 2715 362 2771 alteram
389 2717 628 2784 malam;
645 2716 730 2771 vel
755 2716 948 2788 potius
972 2734 1146 2771 unam
1167 2717 1571 2782 boni,alteram
1590 2718 1754 2772 mali:

123 2823 253 2860 nam
280 2805 437 2861 mala
459 2810 670 2861 natura
687 2822 753 2860 ex
784 2807 935 2860 bona
964 2805 1136 2860 etiam
1163 2807 1453 2877 peccando
1487 2807 1570 2861 tit.
1597 2807 1758 2861 Fate-

123 2895 196 2949 ris
221 2901 418 2950 tamen
469 2911 596 2950 eam
648 2900 914 2949 naturam
962 2911 1138 2965 quam
1178 2895 1392 2949 bonam
1434 2911 1560 2950 esse
1591 2896 1756 2964 dicis,

121 2983 266 3039 malo
302 2984 723 3039 consentiendo
769 2983 918 3038 male
951 2983 1155 3049 facere,
1191 2983 1299 3037 hoc
1329 2987 1438 3048 est,
1466 2985 1761 3038 voluntate

121 3090 373 3144 peccare.
411 3076 478 3128 At
497 3090 602 3144 ego
635 3073 838 3128 ambas
862 3076 1043 3128 bonas
1065 3089 1193 3128 esse
1215 3091 1431 3139 assero,
1458 3075 1555 3128 sed
1581 3092 1757 3129 unam

121 3178 314 3216 earum
361 3161 514 3217 male
567 3163 750 3217 facere
788 3163 1108 3224 suadendo,
1155 3161 1328 3216 aliam
1380 3162 1528 3216 male
1575 3164 1760 3218 facere

124 3251 553 3306 consentiendo.
585 3251 746 3306 Sicut
790 3256 984 3306 autem
1017 3250 1255 3306 alterius
1295 3251 1599 3307 consensio
1644 3269 1759 3307 non

125 3343 206 3393 est
237 3349 466 3406 natura,
491 3339 573 3395 sic
607 3357 710 3396 nec
732 3340 910 3411 hujus
936 3339 1126 3395 suasio
1156 3358 1168 3395 :
1194 3343 1343 3395 sicut
1364 3345 1419 3395 et
1441 3342 1554 3395 ista
1579 3341 1625 3394 si
1645 3358 1757 3395 non

124 3430 466 3494 consentiat,
499 3429 651 3484 bona
695 3429 1073 3500 permanebit,
1115 3429 1504 3500 integritatem
1539 3435 1760 3485 natura)

129 3532 239 3571 sua:
271 3519 630 3587 custodiens;
664 3519 747 3575 sic
795 3519 895 3574 illa
943 3518 989 3573 si
1047 3535 1159 3574 non
1193 3521 1453 3585 suadeat,
1487 3521 1758 3573 emenda-

125 3609 210 3660 tor
233 3607 357 3664 erit.
393 3609 447 3663 Si
484 3625 614 3663 vero
636 3609 811 3664 etiam
836 3614 1136 3681 peccatum
1172 3609 1325 3680 quod
1367 3627 1478 3663 non
1531 3611 1758 3676 suadet,

128 3710 222 3748 nec
251 3696 376 3766 ipsa
408 3699 776 3764 committat;
813 3699 1028 3770 pariter
1069 3702 1239 3753 erunt
1279 3699 1536 3767 integrae,
1589 3705 1761 3769 atque

134 3782 185 3836 in
213 3801 315 3839 suo
347 3803 634 3858 genenere
666 3787 1014 3842 laudabiles.
1051 3792 1117 3841 Et
1148 3787 1194 3841 si
1220 3788 1374 3841 enim
1401 3788 1488 3842 bis
1521 3788 1617 3841 illa
1641 3804 1763 3859 pec-

131 3878 216 3926 cat
244 3891 366 3945 quaa
398 3880 455 3930 et
487 3877 798 3931 committit
832 3882 888 3931 et
918 3877 1144 3942 suadet,
1166 3875 1262 3930 illa
1293 3881 1483 3930 autem
1511 3877 1690 3931 semel
1713 3881 1763 3934 si

127 3962 522 4019 tantummodo
544 3966 613 4018 ad
647 3965 797 4020 male
828 3965 1156 4020 faciendum
1179 3966 1533 4033 consentiat;
1567 3972 1763 4024 tamen

131 4053 373 4118 peccatis
399 4055 548 4107 fiunt
579 4053 764 4118 malae,
800 4071 913 4109 non
959 4060 1166 4110 natura
1198 4060 1336 4110 sunt
1365 4057 1549 4112 malae.
1582 4060 1690 4112 Aut
1714 4059 1759 4113 si

135 4149 356 4210 propter
386 4142 721 4197 suasionem
751 4150 958 4198 natura
989 4143 1102 4198 ista
1134 4144 1286 4198 mala
1316 4151 1422 4210 est,
1458 4145 1541 4200 sic
1575 4155 1626 4200 et
1666 4146 1766 4201 illa

138 4233 358 4297 propter
379 4231 844 4287 consensionem.
866 4233 974 4287 Sed
1001 4233 1049 4287 si
1080 4233 1361 4303 pejustibi
1391 4234 1620 4289 videtur
1640 4252 1768 4290 esse

141 4317 374 4373 suadere
407 4337 582 4390 quam
615 4322 960 4387 consentire,
987 4322 1062 4376 sit
1082 4321 1194 4376 ista
1221 4321 1395 4389 mala,
1428 4322 1537 4377 ista
1568 4326 1764 4394 pejor:

142 4419 245 4458 non
274 4410 468 4463 tamen
502 4414 663 4464 tanta
709 4410 786 4465 sit
843 4410 1098 4481 acceptio
1130 4427 1534 4481 personarum,
1559 4418 1615 4466 et
1655 4430 1769 4468 non

141 4495 252 4547 tam
283 4495 485 4569 iniqua
515 4499 572 4553 in
599 4499 920 4569 judicando
938 4499 1297 4570 gratiﬁcatio,
1333 4505 1396 4554 ut
1425 4517 1556 4555 cum
1588 4503 1770 4557 ambae

142 4591 386 4652 peccent,
411 4588 681 4658 quamvis
703 4606 818 4643 una
836 4589 1089 4660 gravius,
1110 4588 1290 4644 altera
1311 4588 1515 4659 levius,
1541 4607 1658 4646 una
1680 4591 1769 4645 di-

146 4676 298 4727 catur
343 4682 553 4732 natura
583 4677 742 4745 mali,
776 4677 956 4734 altera
987 4679 1121 4733 boni
1151 4694 1163 4734 :
1199 4695 1263 4733 ac
1295 4695 1408 4733 non
1442 4679 1635 4750 potius
1673 4685 1776 4735 aut

149 4763 318 4817 ambae
351 4765 535 4832 bona,
561 4768 661 4822 sed
686 4766 785 4822 illa
817 4767 1021 4822 melior
1058 4784 1179 4837 qua:
1205 4773 1400 4839 peccat
1434 4769 1652 4836 minus,
1677 4773 1778 4824 aut

152 4849 320 4906 ambas
345 4854 532 4922 malae,
559 4856 658 4910 sed
683 4855 783 4911 illa
805 4856 966 4927 pejor
987 4873 1112 4927 qua:
1144 4861 1344 4927 peccat
1373 4855 1650 4928 amplius.

219 4954 438 5015 CAPUT
459 4960 604 5018 XIX.
635 4991 700 5004 --
739 4963 810 5017 At
843 4961 997 5018 enim
1028 4962 1182 5017 unde
1205 4967 1295 5017 est
1316 4962 1535 5018 malum
1562 4964 1779 5021 factum

159 5046 296 5111 Quod
320 5055 620 5118 peccatum
642 5056 902 5118 vocatur,
921 5050 969 5106 si
987 5050 1146 5106 nulla
1167 5051 1402 5106 estmali
1419 5053 1664 5108 natura?
1686 5054 1782 5110 Dic

161 5132 292 5189 mihi
312 5140 466 5195 unde
488 5139 677 5196 sitilla
694 5139 999 5196 consensio
1016 5139 1166 5194 mala
1187 5141 1243 5194 in
1265 5156 1332 5195 ea
1353 5149 1580 5212 natura,
1605 5159 1782 5213 quam

161 5218 358 5280 bonam
373 5243 500 5283 esse
512 5229 782 5284 concedis
803 5233 860 5284 et
881 5229 1470 5300 praedicasQuidquid
1505 5231 1657 5285 enim
1685 5249 1786 5302 pa-

163 5307 313 5379 titur,
337 5319 739 5373 utconsentiat
769 5319 943 5389 malo,
969 5335 1080 5373 non
1107 5319 1308 5388 utique
1331 5324 1640 5391 pateretur,
1676 5322 1786 5377 nisi

167 5401 275 5467 pati
298 5413 508 5472 posset.
536 5409 738 5472 Quaero
783 5409 974 5479 itaque
1018 5410 1172 5463 unde
1213 5408 1422 5464 habeat
1453 5410 1642 5481 ipsum
1673 5411 1788 5481 pati

169 5502 344 5557 posse.
371 5494 572 5553 Melior
591 5497 745 5553 enim
785 5501 956 5565 esset,
988 5497 1035 5552 si
1061 5515 1175 5552 non
1218 5498 1475 5554 haberet.
1513 5499 1635 5556 Non
1658 5518 1791 5573 ergo

173 5583 368 5637 natura
383 5587 600 5642 summi
623 5587 782 5654 boni,
806 5603 922 5658 qua
945 5592 1142 5658 posset
1166 5603 1293 5642 esse
1315 5587 1533 5658 aliquid
1559 5589 1790 5646 melius.

175 5663 378 5726 Deinde
398 5675 445 5728 si
469 5675 642 5731 habet
680 5677 735 5731 in
774 5681 1057 5748 potestate
1082 5675 1166 5730 vel
1199 5676 1524 5731 consentire
1562 5678 1646 5733 vel
1682 5697 1792 5734 non

174 5763 502 5839 consentire,
537 5783 651 5823 non
683 5781 818 5840 ergo
856 5765 1009 5822 victa
1041 5766 1349 5823 consentit.
1382 5765 1583 5831 Quaero
1621 5768 1799 5840 igitur

1594 431 1827 491 LIBER
1873 431 2106 494 UNUS.

3424 429 3540 488 594

1887 564 2041 618 unde
2065 562 2274 617 habeat
2299 563 2469 617 istam
2492 563 2930 618 consensionem
2959 560 3197 629 malam,
3220 559 3380 615 nulla
3401 576 3535 615 con-

1882 652 2062 706 traria
2093 657 2328 721 cogente
2351 657 2577 706 natura.
2613 653 2669 707 Si
2707 657 2904 706 autem
2938 651 3162 722 cogitur
3184 649 3532 718 consentire,

1880 739 1962 795 ita
1982 747 2046 795 ut
2065 747 2165 795 aut
2189 759 2299 795 non
2327 741 2400 796 sit
2422 742 2477 795 in
2503 741 2628 811 ejus
2652 746 2932 811 potestate
2955 741 3123 796 aliter
3151 741 3336 795 facere
3358 757 3370 806 ;
3415 755 3529 793 non

1881 847 2039 902 ergo,
2075 835 2136 884 ut
2168 831 2424 896 dicebas,
2458 829 2753 885 voluntate
2780 839 2995 901 peccat,
3030 832 3260 900 quando
3293 845 3408 882 non
3441 844 3534 883 vo-

1879 918 2103 974 luntate
2133 921 2439 975 consentit.
2484 922 2589 975 Sed
2623 937 2727 991 ego
2779 919 2968 974 adhuc
3010 936 3224 990 quaero,
3260 919 3415 972 unde
3467 917 3524 971 in

1878 1007 1978 1062 illa
2001 1009 2076 1063 sit
2108 1026 2275 1078 posse
2308 1010 2515 1081 decipi,
2553 1009 2598 1064 si
2634 1010 2941 1079 decipitur.
2996 1013 3320 1077 Antequam
3366 1007 3522 1061 enim

1876 1099 2258 1169 deciperetur,
2278 1099 2389 1153 nisi
2424 1103 2577 1153 esset
2603 1099 2658 1152 in
2686 1115 2752 1152 ea
2776 1107 2834 1152 ut
2859 1097 2966 1153 hoc
2991 1097 3107 1168 pati
3133 1100 3346 1167 posset,
3372 1113 3520 1150 nun-

1873 1204 2049 1258 quam
2078 1189 2280 1259 utique
2299 1189 2972 1259 pateretur.Quanquam
3001 1186 3156 1240 nullo
3189 1185 3361 1240 modo
3407 1185 3519 1240 nisi

1871 1276 2168 1331 voluntate
2195 1279 2516 1332 consentit:
2553 1278 2608 1332 Si
2648 1283 2841 1331 autem
2892 1276 3138 1347 cogitur,
3187 1276 3385 1329 cedere
3411 1289 3518 1344 po-

1873 1363 1988 1419 tius
2021 1382 2194 1436 quam
2230 1367 2556 1423 consentire
2587 1368 2832 1421 dicenda
2861 1371 2967 1422 est.
2995 1365 3106 1422 Sed
3139 1362 3518 1435 quoquolibet

1870 1454 2104 1508 nomine
2137 1454 2285 1510 istud
2314 1455 2593 1527 appelles,
2621 1472 2814 1527 quaero
2846 1455 2948 1509 abs
2970 1459 3025 1509 te
3047 1457 3218 1509 acuto
3238 1456 3294 1507 et
3315 1452 3514 1508 solerti

1873 1540 2019 1608 viro,
2051 1547 2107 1596 et
2135 1549 2234 1599 tuo
2267 1545 2526 1600 Romano
2550 1550 2615 1599 ut
2646 1544 2915 1616 gloriaris
2949 1542 3203 1615 ingenio,
3227 1541 3382 1596 unde
3411 1542 3512 1595 ha-

1866 1628 2003 1685 beat
2029 1631 2142 1686 ista
2171 1633 2306 1687 boni
2358 1639 2568 1688 natura
2599 1634 2714 1704 pati
2748 1649 2917 1705 posse
2953 1631 3106 1703 quod
3158 1630 3396 1702 patitur,
3451 1633 3513 1684 ut

1866 1723 2192 1777 consentiat
2246 1722 2417 1777 malo.
2470 1723 2631 1778 Sicut
2661 1724 2815 1778 enim
2857 1722 2916 1776 in
2967 1721 3142 1793 ligno,
3193 1724 3507 1789 antequam

1864 1808 2188 1880 frangatur,
2212 1811 2366 1866 inest
2404 1811 2705 1883 fragilitas,
2739 1829 2862 1882 quas
2897 1810 3003 1864 nisi
3039 1811 3274 1876 inesset,
3318 1808 3504 1879 frangi

1864 1901 2101 1956 omnino
2121 1920 2233 1957 non
2256 1909 2481 1974 posset;
2508 1920 2610 1957 nec
2628 1903 2756 1957 ideo
2784 1921 2897 1957 non
2917 1908 3005 1958 est
3033 1901 3232 1972 fragile
3251 1900 3502 1970 lignum,

1862 1990 1909 2044 si
1946 1993 2144 2048 nullus
2177 1994 2390 2049 tractor
2415 1997 2688 2050 accedat:
2723 1994 2805 2049 sic
2829 2010 3022 2065 quaero
3045 1994 3102 2047 in
3127 1992 3239 2045 ista
3269 1997 3498 2057 natura,

1863 2085 2016 2138 unde
2049 2086 2124 2138 sit
2156 2088 2420 2155 quaedam
2459 2087 2545 2143 vel
2599 2087 2883 2158 fragilitas
2912 2085 2999 2141 vel
3028 2083 3378 2147 ﬂexibilitas,
3404 2097 3503 2136 an-

1861 2172 2096 2240 tequam
2147 2175 2218 2229 ad
2255 2174 2468 2229 malam
2501 2174 2944 2230 consensionem
2977 2172 3064 2227 vel
3095 2171 3147 2225 vi
3181 2173 3504 2242 trangatur,

1861 2263 1948 2317 vel
1986 2266 2261 2320 suasione
2291 2267 2576 2321 ﬂectatur.
2611 2271 2686 2320 At
2712 2266 2760 2320 si
2783 2263 2917 2318 mali
2942 2261 3372 2330 vicinitatejam
3399 2260 3507 2314 fra-

1862 2354 2062 2426 gilitas
2097 2360 2240 2425 erat,
2274 2356 2425 2411 sicut
2456 2356 2646 2411 solent
2677 2371 2919 2426 corpora
2936 2354 3136 2408 vicinae
3160 2351 3387 2422 paludis
3411 2366 3508 2405 ex-

1869 2443 2163 2499 halatione
2197 2447 2524 2517 corrumpi;
2548 2448 2674 2515 jam
2707 2461 2842 2514 ergo
2873 2441 3269 2514 corruptibilis
3291 2445 3435 2505 erat,
3459 2438 3509 2493 si

1865 2534 2053 2604 potuit
2083 2551 2208 2588 eam
2242 2534 2559 2589 vicinitatis
2604 2535 2764 2590 illius
2805 2532 3069 2604 contagio
3111 2529 3510 2603 pestilentiosa

1868 2641 2258 2696 corrumpere.
2283 2629 2484 2692 Quaero
2517 2628 2692 2698 igitur
2722 2627 2877 2681 unde
2907 2626 3006 2680 illa
3037 2620 3471 2694 corruptibilas.

1934 2717 2158 2783 Quaeso,
2184 2721 2416 2773 attende
2444 2719 2576 2790 quid
2604 2718 2829 2789 loquar,
2857 2723 2914 2773 et
2930 2718 3067 2773 cede
3082 2715 3399 2788 perspicuae
3416 2729 3510 2768 ve-

1863 2805 2019 2861 ritati
2046 2824 2058 2862 :
2081 2825 2193 2862 non
2217 2809 2372 2863 enim
2397 2825 2591 2880 quem
2615 2809 2769 2863 unde
2790 2807 3106 2878 corruptio;
3126 2803 3507 2876 respondebis

1863 2898 2489 2970 enim,Acorruptore;
2513 2901 2904 2970 eumdemque
2941 2901 3336 2968 corruptorem
3375 2911 3506 2949 nes-

1864 2988 1952 3043 cio
1975 3004 2148 3058 quem
2183 2988 2501 3059 principem
2522 2989 2712 3058 gentis
2734 2988 3104 3043 tenebrarum
3127 3002 3254 3041 esse
3271 2988 3505 3038 conten-

1865 3079 1975 3144 dis,
2006 3078 2259 3132 utetiam
2299 3077 2577 3132 fabulosis
2599 3077 2956 3149 tegminibus
2992 3076 3320 3130 involutum
3362 3072 3507 3128 evol-

1865 3184 1994 3222 vere
2026 3183 2090 3220 ac
2125 3179 2314 3221 tenere
2342 3165 2435 3220 vix
2463 3166 2681 3236 possit:
2708 3167 2806 3220 sed
2840 3182 3034 3236 quzsro
3053 3161 3506 3234 undecorrupti-

1865 3255 2082 3324 bilitas,
2115 3255 2291 3310 etiam
2333 3260 2647 3326 antequam
2690 3260 2994 3326 corruptor
3016 3254 3346 3308 accederet:
3379 3268 3508 3323 quas

1865 3345 1978 3400 nisi
2014 3351 2186 3410 esset,
2213 3350 2313 3399 aut
2344 3343 2541 3399 nullus
2563 3344 2962 3409 existeret,aut
2985 3342 3130 3397 nihil
3155 3346 3385 3397 noceret
3409 3357 3510 3395 cu-

1860 3433 2108 3504 juslibet
2137 3434 2492 3503 corruptoris
2517 3434 2792 3488 accessio.
2813 3433 2956 3486 Cum
2980 3448 3116 3504 ergo
3136 3435 3196 3486 tu
3222 3429 3510 3485 inveneris

1869 3524 2023 3578 unde
2057 3524 2113 3576 in
2149 3524 2300 3577 bona
2323 3527 2532 3576 natura
2557 3523 2664 3576 ista
2695 3521 3170 3592 corruptibilitas,
3197 3524 3508 3587 antequam

1867 3629 1935 3667 ex
1964 3611 2164 3666 hostili
2189 3612 2538 3665 adversitate
2555 3617 2912 3665 mutaretur:
2939 3626 3053 3664 non
3076 3608 3228 3663 enim
3250 3623 3365 3662 non
3386 3622 3510 3659 mu-

1868 3705 2030 3755 tatur
2053 3706 2261 3754 natura
2287 3701 2346 3754 in
2371 3700 2644 3766 deterius,
2685 3717 2812 3771 quae
2843 3702 2993 3753 ﬁtex
3015 3698 3275 3768 sapiente
3309 3693 3508 3760 stulta,

1867 3795 1924 3845 et
1945 3807 2070 3861 qum
2094 3789 2455 3844 obliviscitur
2473 3790 2584 3856 sui;
2605 3795 2664 3843 tu
2689 3789 2840 3843 enim
2857 3787 3150 3843 istaverba
3164 3781 3509 3856 apposuisti,

1870 3879 2090 3946 dicens,
2119 3879 2177 3933 Si
2205 3895 2330 3934 cum
2350 3895 2409 3932 se
2436 3881 2612 3948 ipsam
2639 3887 2963 3949 cognoverit,
2985 3883 3289 3934 consentiat
3319 3883 3471 3936 malo
3496 3899 3510 3939 ε

1871 3974 2136 4024 mutatur
2166 3985 2300 4038 ergo
2324 3968 2380 4022 in
2409 3967 2665 4022 deterius
2683 3985 2814 4023 cum
2837 3969 3217 4036 obliviscitur,
3251 3972 3335 4026 sic
3363 3977 3427 4026 ut
3452 3990 3514 4028 se

1868 4058 2091 4131 ipsam‘
2119 4075 2322 4112 rursus
2343 4062 2857 4112 commemoratam
2873 4063 3210 4130 cognoscat;
3228 4060 3388 4115 ηυΙιο
3412 4079 3514 4115 au-

1871 4156 1989 4207 tem
2023 4154 2190 4221 pacto
2225 4149 2437 4203 mutari
2471 4150 2776 4220 potuisset,
2819 4149 2929 4204 nisi
2965 4155 3278 4221 antequam
3319 4158 3514 4206 muta-

1875 4246 2034 4296 retur
2063 4243 2218 4294 esset
2248 4238 2548 4292 mutabilis
2574 4256 2586 4292 :
2612 4254 2744 4291 cum
2766 4255 2902 4309 ergo
2937 4242 2999 4293 tu
3042 4239 3333 4294 inveneris
3366 4241 3519 4295 unde

1877 4330 1988 4384 ista
2019 4327 2381 4382 mutabilitas
2424 4328 2480 4380 in
2523 4327 2852 4382 substantia
2897 4330 3114 4382 summi
3155 4329 3313 4399 boni,
3357 4334 3519 4385 ante-

1878 4435 2054 4490 quam
2079 4421 2233 4472 esset
2258 4415 2376 4470 ulla
2407 4416 2541 4471 boni
2573 4421 2630 4470 et
2660 4415 2798 4470 mali
2827 4417 2978 4471 facta
2995 4417 3330 4472 commixtio
3356 4437 3368 4486 ;
3390 4435 3521 4490 pro-

1880 4508 2028 4563 fecto
2093 4505 2324 4562 desines
2381 4523 2413 4560 a
2472 4522 2564 4560 me
2620 4522 2876 4576 querere
2935 4506 3088 4561 unde
3143 4507 3222 4561 sit
3263 4507 3523 4562 malum.

1884 4598 2232 4667 Quanquam
2270 4593 2327 4647 in
2379 4598 2591 4648 natura
2646 4593 2861 4648 summi
2910 4595 3068 4662 boni,
3115 4595 3164 4650 si
3202 4612 3328 4651 eam
3375 4600 3528 4651 recte

1886 4685 2122 4757 cogites,
2175 4681 2396 4738 nullam
2449 4699 2691 4753 prorsus
2759 4683 3210 4739 mutabilitatem
3253 4684 3528 4756 temporis

1885 4772 2152 4837 inveniri,
2218 4789 2319 4826 nec
2379 4789 2412 4826 a
2457 4788 2517 4826 se
2562 4773 2853 4843 ipsa,nec
2915 4773 3153 4828 alterius
3214 4773 3529 4843 cujuslibet

1887 4862 2092 4936 possit,
2144 4862 2296 4915 sicut
2341 4860 2398 4913 in
2450 4877 2516 4914 ea
2555 4867 2765 4915 natura
2812 4877 2986 4930 quam
3034 4861 3386 4917 Manichaaus
3419 4864 3527 4916 lin-

1888 4953 1988 5022 git,
2055 4954 2113 5005 et
2158 4965 2388 5005 summe
2443 4949 2657 5004 bonam
2717 4965 2844 5004 esse
2874 4949 3209 5016 arbitratur,
3241 4949 3328 5004 vel
3353 4951 3528 5005 etiam

1892 5041 2003 5096 sibi
2035 5038 2404 5095 credentibus
2427 5038 2753 5109 persuadet.
2788 5041 2988 5103 Qua're
3026 5042 3194 5107 atque
3226 5039 3532 5110 responde,

1896 5133 1943 5186 si
1975 5135 2163 5201 potes,
2199 5128 2354 5182 unde
2409 5128 2521 5183 ista
2553 5128 2939 5194 mutabilitas,
2974 5144 3102 5199 quae
3136 5144 3248 5182 non
3284 5129 3538 5200 inventa,

1898 5220 1997 5276 sed
2059 5217 2290 5289 prodita
2349 5221 2454 5285 est,
2510 5234 2643 5272 cum
2699 5232 2862 5271 mora
2907 5216 3207 5271 accederet
3263 5215 3543 5288 (a)?Mu-

1898 5309 2009 5364 tari
2043 5309 2199 5363 enim
2235 5323 2339 5361 nec
2383 5307 2454 5361 ab
2503 5306 2668 5362 hoste
2700 5309 2920 5376 posset,
2969 5305 3017 5359 si
3059 5305 3273 5358 mutari
3308 5307 3546 5363 omnino

1903 5415 2016 5454 non
2062 5402 2280 5468 posset.
2329 5397 2470 5452 Cum
2505 5399 2697 5450 autem
2747 5394 2953 5465 potuit,
2985 5409 3096 5448 non
3142 5409 3203 5448 se
3249 5392 3428 5449 fuisse
3459 5395 3546 5448 in-

1905 5489 2390 5549 cummutabilem
2423 5487 2861 5542 demonstravit.
2884 5486 3008 5540 Haec
3029 5503 3163 5557 ergo
3188 5487 3550 5544 mutabilitas

1972 5592 1986 5624 ί
2018 5589 2190 5637 Editio
2225 5590 2337 5637 Am.
2362 5588 2537 5649 etMs.
2575 5585 2993 5649 Carnotensis,si
3029 5590 3082 5632 ut
3108 5599 3160 5634 se
3179 5585 3362 5649 ipsam.
3395 5587 3551 5636 Forte

1905 5652 2213 5716 legendum,
2244 5665 2352 5698 cum
2382 5648 2819 5716 obliviscitursuz',
2855 5656 2902 5716 υς
2937 5650 3119 5716 ipsum.

1971 5711 2042 5775 ia)
2067 5715 2238 5770 Furte,
2269 5728 2377 5776 quae
2406 5726 2506 5759 non
2555 5711 2770 5776 invecta,
2801 5711 2890 5760 sed
2913 5709 3123 5774 prodita
3153 5714 3225 5760 est
3254 5725 3364 5761 cum
3396 5709 3552 5762 hostis

1914 5772 2076 5828 idest
2106 5772 2402 5839 corruptor)
2435 5772 2709 5823 accederet.
