4094 6460
496 384 616 446 595

502 531 634 572 cum
667 526 794 571 esse
826 512 883 567 in
920 511 1250 567 substantia
1299 510 1521 567 summi
1567 510 1724 578 boni,
1770 510 1879 566 hoc
1925 514 2037 577 est,
2088 508 2147 563 in

501 603 832 661 substantia
861 602 959 658 Dei
993 601 1267 668 creditur,
1303 601 1351 657 si
1384 600 1784 656 contentiosus
1806 617 1919 655 non
1950 615 2033 666 es,
2066 598 2147 653 vi-

502 693 604 748 des
636 694 854 763 quanta
878 689 1212 761 insipientia
1243 688 1703 761 blasphematur.
1729 691 1875 745 Cum
1914 705 2045 743 vero
2079 688 2151 741 de

502 790 769 837 creatura
798 778 912 835 tale
942 778 1164 850 aliquid
1188 779 1421 848 dicitur,
1446 795 1623 850 quam
1647 778 1799 833 Deus
1831 794 1932 832 nec
1949 776 2151 848 genuit

504 892 610 931 nec
640 873 882 947 protulit
914 874 983 929 de
1013 873 1344 929 substantia
1373 889 1501 940 sua,
1536 874 1635 928 sed
1660 870 1794 928 fecit
1823 888 1890 927 ex
1921 870 2102 925 nihilo
2133 886 2148 937 ;

508 980 623 1020 non
647 964 718 1020 de
741 978 973 1019 summo
1001 964 1151 1017 bono
1175 962 1384 1033 agitur,
1411 961 1512 1017 sed
1535 965 1727 1016 tamen
1752 961 1823 1016 de
1844 958 1947 1015 tali
1972 960 2145 1024 bono,

507 1053 658 1123 quod
691 1052 803 1108 nisi
844 1068 877 1106 a
905 1067 1160 1123 summo,
1185 1050 1286 1122 qui
1312 1055 1464 1107 Deus
1495 1054 1602 1120 est,
1620 1065 1735 1105 non
1766 1053 1967 1121 posset
1989 1047 2154 1103 insti-

506 1141 615 1197 tui.
634 1140 789 1197 Deus
804 1140 1019 1212 quippe
1036 1157 1166 1196 sum
1176 1156 1266 1195 me
1281 1156 1384 1195 nec
1400 1137 1962 1194 incommutabiliter
1978 1137 2152 1203 bona,

506 1231 609 1289 sed
642 1234 835 1286 tamen
863 1230 1016 1285 bona
1055 1229 1294 1297 fecit,ab
1318 1227 1556 1300 Angelis
1576 1226 1853 1284 caelorum
1878 1242 2064 1299 usque
2083 1227 2154 1282 ad

508 1324 798 1376 extremas
828 1318 1046 1374 bestias
1076 1318 1402 1389 herbasque
1431 1322 1741 1385 terrarum,
1776 1334 1878 1389 pro
1919 1333 2026 1372 sua
2056 1333 2156 1371 cu-

505 1410 727 1481 jusque
756 1408 1040 1479 dignitate
1072 1412 1289 1462 naturas
1320 1406 1518 1462 omnia
1548 1405 1691 1462 locis
1707 1405 1982 1478 congruis
2004 1405 2159 1461 ordi-
2200 1482 2207 1493 ’

512 1497 945 1553 nata.Verumin
960 1496 1016 1550 in
1033 1495 1123 1551 his
1137 1495 1436 1552 rationalis
1453 1500 1879 1567 creatura,cum
1895 1492 2159 1564 creatori,

512 1586 621 1642 hoc
651 1590 759 1657 est,
780 1586 981 1641 factori
1008 1590 1062 1641 et
1082 1585 1396 1641 institutori
1423 1602 1528 1641 suo
1550 1586 1660 1641 Deo
1682 1584 2010 1641 dilectionis
2032 1584 2161 1638 obe-

513 1675 731 1731 dientia
756 1675 1028 1740 cobaaret,
1061 1678 1333 1730 naturam
1356 1690 1523 1730 suam
1548 1674 1607 1729 in
1629 1673 1787 1729 illius
1816 1673 2159 1739 aeternitate,

513 1764 1064 1830 veritate,charitate
1081 1763 1332 1819 custodit
1351 1780 1364 1818 :
1381 1779 1513 1818 cum
1528 1778 1660 1818 vero
1679 1779 1811 1817 eum
1827 1761 2161 1819 contumaci

516 1852 913 1908 inobedientia
933 1852 1167 1919 deserit,
1210 1869 1312 1924 per
1344 1868 1517 1907 suum
1554 1851 1802 1907 liberum
1852 1852 2161 1906 arbitrium

520 1945 775 2013 peccatis
807 1957 868 1996 se
899 1941 1158 2011 involvit,
1193 1958 1295 2012 per
1323 1941 1484 1997 illius
1531 1945 1728 1996 autem
1751 1941 1981 2011 justum
2007 1939 2166 2011 judi-

520 2030 676 2086 cium
709 2029 997 2103 supplicio
1030 2031 1240 2086 misera
1269 2030 1560 2099 afficitur;
1606 2035 1665 2086 et
1712 2030 1820 2086 hoc
1858 2034 1947 2086 est
1976 2034 2162 2086 totum

526 2118 771 2185 malum,
806 2119 1014 2186 partim
1039 2120 1191 2191 quod
1208 2119 1422 2190 injuste
1441 2119 1592 2187 facit,
1614 2118 1822 2191 partim
1842 2118 2164 2190 quodjuste

526 2208 764 2280 patitur.
797 2208 915 2263 Hoc
946 2212 1008 2262 tu
1040 2224 1074 2263 a
1098 2225 1187 2264 me
1210 2226 1324 2264 non
1347 2224 1574 2280 quaeras
1600 2210 1752 2263 unde
1780 2208 1874 2273 sit,
1900 2224 2033 2263 cum
2058 2206 2165 2262 tibi

521 2297 643 2368 jam
676 2297 800 2369 ipse
816 2296 1207 2368 responderis,
1226 2297 1325 2368 qui
1358 2296 1576 2364 dixisti,
1598 2297 1749 2368 quod
1770 2313 1967 2352 cumse
1985 2298 2165 2368 ipsam

517 2388 827 2455 cognoverit
868 2388 1076 2452 anima,
1108 2388 1157 2441 si
1184 2386 1334 2441 malo
1365 2388 1715 2455 consenserit,
1746 2386 2021 2441 voluntate
2063 2402 2162 2440 sua

515 2483 723 2549 peccat.
756 2481 896 2536 Ecce
928 2481 1081 2536 unde
1112 2484 1200 2536 est
1222 2480 1462 2546 malum,
1498 2498 1531 2535 a
1554 2480 1788 2552 propria
1817 2480 2040 2537 scilicet
2059 2496 2158 2534 vo-

516 2568 761 2626 luntate.
794 2570 919 2625 Non
953 2574 1146 2625 autem
1179 2570 1293 2625 ista
1324 2574 1551 2635 natura,
1585 2571 1686 2625 sed
1719 2568 1892 2640 culpa
1925 2573 2047 2637 est;
2097 2585 2161 2623 ac

515 2676 619 2732 per
647 2659 757 2715 hoc
791 2659 967 2714 etiam
1021 2658 1313 2715 contraria
1345 2663 1588 2724 naturae,
1623 2659 1713 2714 cui
1750 2659 1951 2730 utique
1993 2664 2162 2714 nocet

516 2749 799 2821 privando
830 2763 957 2804 eam
988 2748 1161 2814 bono,
1197 2765 1309 2820 quo
1341 2748 1512 2804 beata
1542 2765 1669 2804 esse
1700 2753 1915 2820 posset,
1950 2748 1995 2803 si
2028 2765 2162 2820 pec-

515 2855 647 2895 care
665 2837 969 2893 noluisset.
1006 2837 1164 2893 Hanc
1201 2843 1260 2892 tu
1296 2837 1514 2909 peccati
1544 2837 1903 2893 voluntatem
1942 2838 2158 2893 moveri

517 2944 631 2983 non
663 2932 835 2992 putas
863 2926 923 2981 in
956 2926 1173 2993 anima,
1209 2925 1320 2982 nisi
1352 2943 1420 2982 ex
1451 2926 1563 2982 alio
1599 2926 1752 2982 malo
1784 2928 1937 2998 quod
1972 2927 2160 2982 credis

516 3032 646 3072 esse
677 3020 968 3085 naturam,
1004 3032 1181 3086 quam
1214 3032 1330 3071 non
1355 3017 1550 3070 fecerit
1571 3020 2005 3087 Deus,camque
2037 3016 2159 3069 ani-

519 3123 677 3161 mam
710 3111 980 3160 naturam
1015 3108 1111 3160 Dei
1145 3122 1274 3161 esse
1305 3106 1608 3161 contendis
1634 3122 1646 3162 :
1672 3123 1737 3161 ac
1768 3122 1869 3177 per
1913 3105 2020 3160 hoc
2050 3106 2162 3161 ista

518 3200 658 3255 mali
690 3199 883 3255 nescio
910 3215 1036 3270 qua:
1060 3204 1289 3270 natura,
1305 3199 1353 3254 si
1376 3199 1527 3254 hanc
1548 3199 1607 3254 in
1626 3200 1823 3255 anima
1846 3200 2061 3271 peccati
2084 3200 2161 3271 (a)

517 3293 817 3348 suadendo
847 3292 999 3359 facit,
1034 3292 1090 3347 in
1124 3297 1424 3364 peccatum
1454 3292 1639 3348 victus
1674 3293 1946 3364 dejicitur
1984 3293 2159 3351 Deus.

585 3382 816 3439 CAPUT
845 3382 965 3441 XX.
1000 3415 1065 3425 —
1094 3384 1235 3438 Ecce
1262 3388 1484 3455 quanta
1505 3382 1822 3456 impietate,
1857 3400 2035 3454 quam
2063 3401 2163 3440 ne-

513 3473 675 3529 fariis
703 3473 1127 3546 horrendisque
1160 3474 1539 3546 blasphemiis
1570 3481 1624 3530 te
1656 3492 1769 3529 non
1811 3474 1897 3529 vis
1930 3491 2160 3545 exuere,

512 3564 778 3636 ponendo
812 3564 869 3619 in
905 3568 1113 3619 natura
1131 3582 1307 3635 quam
1331 3581 1444 3619 non
1471 3564 1603 3620 fecit
1629 3564 1783 3619 Deus
1800 3565 2003 3630 vitam,
2028 3581 2159 3620 sen-

514 3668 669 3717 sum,
702 3667 1055 3722 sermonem,
1080 3653 1636 3725 modum,speciem,
1657 3653 1945 3720 ordinem,
1966 3658 2019 3707 et
2048 3652 2163 3709 alia

510 3738 964 3795 innumerabilia
1013 3742 1183 3808 bona;
1203 3745 1260 3795 et
1282 3740 1548 3810 ponendo
1573 3739 1633 3795 in
1660 3740 1790 3812 ipsa
1813 3740 1909 3795 Dei
1950 3746 2162 3796 natura

510 3833 647 3884 ante
663 3828 841 3885 ullam
857 3830 1328 3885 commixtionem
1342 3829 1696 3900 mali,ipsam
1711 3830 2158 3887 mutabilitatem

512 3938 630 3993 qua
659 3923 786 3995 capi
813 3928 1116 3994 poterat,et
1134 3925 1224 3978 cui
1249 3924 1454 3978 timere
1477 3922 1811 3995 cogebatur,
1830 3924 2017 3979 videns
2038 3941 2159 3980 ma-

509 4028 677 4080 gnam
707 4012 877 4067 labem
910 4028 974 4067 ac
996 4012 1301 4067 vastitatem
1319 4011 1578 4067 adversus
1592 4029 1696 4067 sua
1725 4022 1919 4068 sancta
1947 4016 2156 4085 impen-

509 4101 635 4157 dere
674 4103 899 4168 sa’cula,
929 4104 1045 4158 nisi
1092 4103 1305 4174 aliquid
1352 4105 1620 4159 eximium
1647 4121 1712 4159 ac
1730 4106 2072 4176 praclarum
2102 4115 2158 4162 et

508 4193 711 4247 virtute
752 4200 942 4263 potens
988 4208 1195 4246 numen
1243 4200 1532 4264 apponeret
1561 4194 1667 4264 (Ex
1699 4193 1999 4251 Manichaai
2027 4196 2153 4266 Epi-

504 4282 666 4348 stola,
688 4298 853 4353 quam
876 4284 1135 4338 vocabant
1156 4282 1564 4354 Fundamenti).
1591 4283 1659 4338 Et
1688 4284 1892 4354 utquid
1929 4283 2037 4339 hoc
2064 4289 2154 4338 to-

504 4378 655 4441 tum,
688 4376 801 4430 nisi
831 4380 896 4430 ut
940 4376 1192 4431 illaDei
1234 4381 1441 4431 natura
1484 4380 1658 4449 atque
1707 4378 2039 4433 substantia
2070 4376 2153 4433 sic

506 4463 872 4535 implicatum
904 4471 1098 4522 teneat
1137 4467 1367 4523 hostem
1417 4469 1770 4539 subjectum,
1806 4474 1869 4523 ut
1910 4485 2153 4538 peccans

506 4556 760 4627 perferat
787 4562 843 4612 et
872 4557 1141 4628 ligatum,
1177 4575 1280 4614 nec
1312 4565 1496 4615 totum
1528 4561 1733 4615 evadat
1764 4561 2152 4631 purgatajam

505 4645 723 4700 victum
751 4651 809 4701 et
839 4652 906 4702 ut
934 4648 1211 4704 damnata
1233 4654 1423 4705 servet
1445 4650 1785 4707 inclusum?
1810 4651 2152 4708 Praeclaram

503 4752 639 4792 vero
669 4738 1134 4795 excusationem‘
1162 4740 1379 4796 bellicae
1412 4743 1775 4798 necessitatis
1808 4743 1865 4797 in
1891 4743 2004 4798 Deo
2025 4762 2149 4800 ves-

503 4827 595 4880 tro
624 4823 950 4892 invenistis,
983 4832 1184 4883 contra
1212 4827 1355 4883 illud
1390 4830 1540 4899 quod
1580 4829 1742 4885 vobis
1783 4831 2147 4902 proponitur,

505 4918 571 4970 ut
600 4917 1000 4987 respondeatis
1033 4918 1132 4988 qui
1166 4917 1386 4973 factura
1415 4923 1539 4973 erat
1569 4924 1681 4974 Deo
1710 4935 1853 4991 gens
1882 4920 2148 4975 tenebra-

505 5025 661 5077 rum,
693 5010 742 5066 si
775 5028 909 5066 cum
941 5027 1009 5067 ea
1036 5028 1299 5084 pugnare
1330 5010 1831 5084 noluissetzquam
1854 5014 1902 5068 si
1936 5014 2146 5071 dixeri-

500 5097 579 5153 tis
608 5097 831 5171 aliquid
858 5099 1039 5157 fuisse
1070 5101 1421 5166 nocituram,
1454 5100 1778 5156 fatebimini
1801 5105 2145 5175 corruptibi-

498 5188 615 5244 lem
645 5193 703 5244 et
733 5190 1064 5246 violabilem
1109 5191 1332 5259 Deum;
1366 5191 1416 5246 si
1467 5195 1664 5247 autem
1700 5192 1960 5249 dixeritis
1993 5196 2143 5265 quod

499 5277 549 5333 ei
583 5295 788 5335 nocere
835 5297 950 5336 non
985 5286 1202 5353 posset,
1239 5286 1532 5354 quaeretur
1560 5299 1594 5338 a
1624 5283 1808 5353 vobis,
1864 5284 1978 5340 Cur
2008 5303 2144 5359 ergo

497 5373 816 5444 pugnavit?
845 5379 959 5430 Cur
985 5375 1377 5433 substantiam
1428 5394 1596 5433 suam
1652 5381 2144 5450 corrumpendam

496 5465 671 5532 aqtue
716 5462 1043 5519 violandam
1106 5470 1164 5520 et
1205 5466 1276 5521 ad
1318 5471 1551 5538 peccata
1594 5466 1793 5522 omnia
1822 5470 2141 5540 cogendam

493 5547 764 5605 hostibus
786 5553 1065 5609 tradidit?
1096 5555 1307 5611 Contra
1328 5557 1502 5613 istam
1526 5573 1661 5630 ergo
1681 5557 2139 5629 complexionem

491 5654 801 5710 nunquam
831 5642 986 5697 exire
1017 5644 1318 5715 potuistis.

556 5779 575 5849 ξ
606 5778 694 5849 με
715 5779 1056 5849 carnotensis
1085 5784 1181 5849 Ms.
1216 5784 1358 5837 Editi
1387 5800 1534 5849 vero,
1564 5786 1924 5840 exclusionem.

557 5842 625 5903 (a)
654 5842 827 5907 Forte,
852 5847 1049 5910 peccati
1076 5846 1408 5901 voluntatem.

1190 379 1502 442 CONTRA
1550 377 2055 442 SECUNDINUM
2104 379 2155 438 M

2263 375 2632 452 IICHEUM,
2682 378 2743 436 s.
2792 376 3221 439 AUGUSTINI

2328 509 2603 580 Magnum
2636 507 2857 580 aliquid
2900 507 3065 565 vobis
3095 512 3153 565 et
3189 512 3380 565 tutum
3414 510 3711 567 invenisse
3746 511 3928 568 vide-

2260 598 2426 665 mini,
2462 602 2525 653 ut
2554 598 2955 670 respondeatis
2986 599 3276 657 dicentes:
3301 601 3927 676 Magnaestiniquitas

2259 693 2523 759 appetere
2553 687 2761 755 aliena,
2794 687 2887 742 cui
2921 688 3073 744 Deus
3104 689 3401 761 iniquitati
3436 693 3791 763 praebuisset
3823 710 3931 749 ειε-
4034 764 4035 767 η

2261 793 2529 843 sensum,
2558 777 2607 831 si
2658 792 2782 831 eam
2815 782 3045 849 gentem
3081 795 3204 849 qua:
3240 780 3345 835 hoc
3378 797 3523 837 ausa
3572 782 3787 849 fuerat,
3821 799 3925 839 ex—

2263 882 2522 937 pugnare
2538 864 2842 922 noluisset.
2855 867 3072 923 Habere
3086 867 3197 923 ista
3209 870 3931 942 responsioqualemcum-

2265 971 2375 1027 que
2398 955 2641 1026 justitian
2672 955 2947 1027 colorem,
2980 957 3030 1012 si
3061 956 3269 1013 saltem
3302 959 3360 1013 in
3380 960 3507 1031 ipso
3524 960 3680 1016 bello
3703 967 3929 1018 natura

2265 1043 2366 1100 Dei
2398 1044 2569 1099 vestri
2600 1060 2662 1100 se
2688 1044 2974 1117 integram
3007 1045 3500 1120 impollutamque
3521 1055 3842 1121 servasset,
3866 1055 3931 1107 et

2265 1132 2875 1205 pormixtabostilibus
2899 1135 3176 1192 membris
3194 1136 3340 1192 nihil
3362 1136 3696 1210 iniquitatis
3720 1141 3807 1196 vel
3823 1157 3929 1197 co-

2266 1228 2395 1280 acta
2422 1223 2505 1280 vel
2538 1225 2780 1281 seducta
2816 1225 3233 1283 fecissetzcum
3266 1244 3399 1285 vero
3431 1230 3609 1285 tantis
3642 1231 3928 1287 facinori-

2267 1312 2378 1368 bus
2410 1316 2467 1368 et
2498 1313 2733 1385 ﬂagitiis
2765 1331 2894 1371 eam
2944 1318 3234 1388 captivam
3284 1319 3613 1376 consentire
3664 1320 3883 1377 dicatis
3912 1340 3927 1389 ;

2268 1418 2403 1458 cum
2435 1402 2686 1475 denique
2717 1404 2788 1459 ab
2829 1404 2931 1461 illa
2982 1406 3281 1478 impietate
3330 1412 3449 1463 tam
3494 1410 3768 1479 immani,
3806 1428 3931 1483 qua

2267 1491 2441 1547 etiam
2498 1491 2709 1547 lumini
2740 1499 2963 1565 sancto,
2995 1496 3163 1566 cujus
3192 1498 3377 1568 portio
3408 1504 3514 1567 est,
3548 1500 3775 1555 exstitit
3806 1500 3930 1555 ini-

2270 1580 2441 1648 mica,
2476 1598 2581 1637 nec
2622 1587 2804 1638 totam
2836 1585 3189 1655 perhibeatis
3234 1603 3405 1658 posse
3449 1589 3711 1660 purgari,
3764 1590 3927 1645 unde

2269 1668 2354 1724 illi
2386 1670 2589 1726 merito
2624 1672 2944 1729 retribuere
2974 1674 3210 1730 creditis
3243 1674 3515 1732 horrendi
3552 1677 3712 1733 illius
3764 1679 3928 1752 globi

2268 1764 2482 1814 aeterna
2501 1760 2819 1832 supplicia;
2853 1768 3072 1834 quanto
3098 1764 3284 1819 satius
3306 1770 3429 1820 erat
3456 1766 3767 1822 inimicum
3795 1769 3934 1824 hos-

2271 1850 2389 1902 tem
2416 1847 2473 1901 in
2507 1865 2613 1903 sua
2644 1849 2951 1921 iniquitate
2982 1852 3311 1924 relinquere
3334 1856 3530 1911 inania
3554 1856 3929 1925 molientem,

2271 1952 2449 2007 quam
2483 1939 2709 1994 tradere
2738 1940 2786 1995 ei
2824 1944 3047 2011 partem
3077 1942 3193 2011 Dei,
3230 1944 3399 2015 cujus
3441 1945 3591 2001 vires
3633 1946 3929 2016 hauriret,

2271 2026 2441 2095 cujus
2472 2027 2736 2083 decorem
2768 2037 3110 2102 corruptum
3142 2049 3261 2087 suae
3304 2033 3599 2105 iniquitati
3645 2036 3932 2108 sociaret,

2270 2114 2399 2183 quis
2432 2130 2547 2168 non
2578 2114 2805 2171 videat?
2838 2117 2977 2182 Quis
3009 2122 3173 2174 tanta
3215 2121 3606 2178 obstinatione
3649 2130 3933 2187 caecetur,

2271 2205 2337 2254 ut
2369 2218 2482 2255 non
2515 2203 2748 2272 sentiat,
2780 2220 2895 2260 non
2957 2208 3237 2275 attendat,
3271 2213 3489 2279 quanto
3532 2210 3758 2267 minore
3806 2212 3933 2266 ini-
4034 2198 4035 2207 ‘

2271 2289 2489 2362 quitate
2520 2308 2664 2364 gens
2695 2296 3068 2351 tenebrarum
3101 2295 3321 2353 frustra
3353 2303 3620 2354 naturam
3643 2300 3934 2357 invadere

2269 2386 2577 2436 conaretur
2606 2380 2879 2449 alienam,
2912 2400 3088 2455 quam
3121 2386 3274 2441 Deus
3304 2387 3692 2444 invadendam
3743 2395 3805 2445 et
3845 2392 3928 2446 ad

2268 2467 2638 2539 iniquitatem
2662 2473 3067 2543 cogendam,et
3086 2475 3158 2530 ad
3173 2492 3403 2547 poenam
3427 2493 3494 2532 ex
3519 2476 3718 2550 aliqua
3732 2480 3926 2536 etiam

2267 2564 2430 2628 parte
2444 2559 2822 2617 damnandam
2839 2563 3091 2619 traderet
3105 2565 3552 2622 suam?lloccine
3565 2569 3810 2625 tandem
3826 2577 3927 2626 est

2267 2645 2563 2719 iniquitati
2588 2655 2913 2706 consentire
2930 2652 3209 2723 noluisse,
3241 2660 3299 2709 et
3327 2659 3445 2709 tam
3478 2655 3775 2727 ingentem
3800 2659 3919 2714 ini-

2268 2737 2547 2808 quitatem
2582 2739 2706 2794 sine
2729 2740 2889 2795 nulla
2911 2743 3256 2797 necessitate
3282 2742 3514 2800 fecisse?
3540 2747 3626 2799 An
3645 2751 3772 2802 erat
3815 2764 3926 2803 ne-

2267 2826 2532 2892 cessitas,
2552 2830 2705 2899 quod
2731 2829 2923 2901 ipsum
2940 2831 3323 2887 Manicbaaum
3339 2833 3527 2889 dicere
3550 2851 3662 2889 non
3679 2836 3929 2907 puduit,

2266 2919 2321 2970 et
2354 2933 2451 2971 vos
2484 2919 2691 2988 pudet?
2717 2918 2815 2973 Ille
2846 2922 3060 2992 quippe
3089 2921 3190 2989 ait,
3222 2921 3425 2977 vidisse
3453 2924 3623 2978 Deum
3653 2942 3931 2995 magnam

2268 3005 2449 3062 labem
2480 3025 2543 3063 ac
2569 3012 2879 3065 vastitatem
2925 3011 3189 3067 adversus
3230 3029 3331 3067 sua
3372 3019 3564 3070 sancta
3604 3018 3932 3088 impendere

2265 3101 2489 3169 arcula,
2519 3104 2634 3157 nisi
2662 3104 2885 3173 aliquod
2914 3106 3182 3159 eximium
3207 3114 3257 3161 et
3289 3107 3487 3161 virtute
3503 3116 3693 3178 potens
3713 3127 3929 3167 numen

2267 3198 2576 3263 opponeret.
2631 3198 2745 3249 Vos
2800 3200 3000 3252 autem
3046 3198 3281 3253 acutius
3311 3198 3580 3255 videlicet
3610 3201 3932 3259 ratiocina-

2270 3280 2435 3349 mini,
2471 3299 2646 3355 quam
2681 3284 2753 3339 si1
2791 3289 2971 3340 Deum
3004 3286 3273 3342 dixeritis
3312 3304 3378 3342 ea
3420 3289 3765 3347 necessitate
3809 3310 3928 3364 pu-

2267 3388 2501 3444 gnasse,
2530 3392 2600 3431 ne
2634 3382 2866 3433 noceret
2905 3378 2953 3433 ei
2988 3395 3133 3451 gens
3165 3382 3559 3451 tenebrarum,
3591 3383 3933 3441 violabilem

2267 3466 2323 3516 et
2355 3465 2793 3535 corruptibilem
2827 3466 3087 3525 dicentes
3108 3473 3310 3541 Deum,
3344 3471 3435 3526 cui
3460 3488 3666 3528 nocere
3696 3472 3931 3545 aliquid

2268 3560 2485 3623 posset,
2510 3555 2558 3609 si
2584 3573 2843 3627 pugnare
2863 3557 3163 3616 noluisset.
3185 3561 3412 3633 Abigite
3426 3578 3561 3634 ergo
3574 3567 3631 3617 et
3647 3564 3927 3635 expellite

2266 3659 2299 3697 a
2330 3646 2603 3701 cordibus
2647 3647 2854 3703 vestris
2896 3653 2952 3703 et
3005 3667 3038 3705 a
3085 3651 3195 3706 ﬁde
3253 3656 3468 3720 vestra,
3500 3654 3674 3709 etiam
3717 3654 3915 3726 ipsam

2265 3750 2554 3807 pugnam;
2613 3741 2915 3810 totamque
2972 3740 3133 3796 illam
3175 3743 3453 3812 fabulam,
3496 3744 3814 3816 impiarum
3864 3753 3922 3805 et

2264 3824 2879 3886 immundissimarum
2898 3832 3397 3905 blasphemiarum
3420 3836 3657 3893 horrore
3680 3842 3919 3894 contex-

2263 3921 2406 3990 tam,
2444 3922 2682 3977 tandem
2736 3923 3051 3997 aliquando
3101 3928 3471 3985 anathemate
3514 3934 3690 4001 atque
3747 3931 3919 3988 dam-

2263 4015 2414 4066 nate.
2452 4012 2595 4070 Nam
2629 4015 2800 4085 quale
2830 4021 2939 4085 est,
2973 4017 3212 4075 obsecro
3245 4024 3320 4086 te,
3354 4021 3617 4091 quod,ut
3635 4027 3769 4077 ante
3792 4022 3915 4079 dic-

2262 4103 2387 4156 tum
2420 4107 2527 4168 est,
2560 4104 2889 4162 violabilem
2910 4107 3070 4164 illam
3094 4116 3363 4165 naturam
3392 4117 3447 4166 et
3464 4112 3912 4184 corruptibilem

2260 4195 2440 4246 Deum
2472 4194 2662 4251 dicere
2695 4214 2809 4253 non
2836 4198 3095 4268 timetis;
3129 4206 3191 4254 ut
3241 4204 3451 4256 natura
3493 4202 3592 4256 Dei
3623 4204 3823 4272 vestri,
3860 4205 3910 4261 si

2258 4284 2657 4341 tortitudinem
2700 4304 2816 4358 qua
2850 4305 2962 4344 non
3001 4296 3305 4361 caperetur
3348 4308 3462 4347 non
3512 4294 3703 4364 potuit
3741 4312 3909 4351 exer-

2260 4390 2406 4443 cere,
2430 4394 2543 4431 non
2579 4379 2832 4449 potuerit
2854 4380 3363 4453 saltemjustitiam
3381 4384 3608 4455 captiva
3632 4400 3870 4442 servare
3896 4407 3909 4443 :

2258 4466 2406 4535 quod
2439 4467 2641 4524 Daniel
2675 4470 2881 4541 potuit,
2924 4472 3022 4543 qui
3066 4472 3261 4528 leones
3299 4490 3479 4530 ausus
3515 4479 3605 4530 est
3634 4476 3907 4545 irridere,

2257 4558 2356 4628 qui
2388 4575 2589 4615 eorum
2615 4579 2648 4616 a
2676 4562 2890 4632 quibus
2949 4565 3212 4637 captivus
3270 4566 3483 4622 ductus
3515 4567 3758 4637 fuerat”,
3797 4570 3912 4624 ini-

2256 4652 2464 4719 quitati
2496 4653 2673 4707 etiam
2708 4653 2942 4725 pitetate
2972 4672 3081 4712 sua
3110 4656 3269 4712 nullo
3309 4658 3654 4730 compulsus
3686 4665 3910 4717 terrore

2255 4744 2569 4807 consensit,
2614 4760 2718 4798 nec
2766 4746 2823 4799 in
2866 4748 3197 4802 conditione
3244 4748 3561 4821 corporalis
3600 4750 3907 4808 servitutis

2253 4831 2588 4902 aequitatem
2611 4850 2676 4889 ac
2698 4834 3022 4891 libertatem
3044 4837 3223 4892 animi
3243 4837 3515 4910 patientis
3538 4844 3595 4893 et
3616 4840 3907 4910 sapientis

2250 4922 2620 4994 amisit(Dan.
2645 4942 2720 4991 vr,
2736 4936 2784 4983 et
2802 4930 2938 4999 xxv).
2959 4929 3178 4985 Natura
3206 4947 3339 4985 vero
3358 4930 3456 4985 Dei
3478 4930 3705 5003 captiva
3725 4933 3906 4991 ducta

2251 5017 2358 5078 est,
2395 5012 2600 5085 iniqua
2630 5015 2780 5072 facta
2800 5024 2921 5086 est;
2958 5035 3072 5073 non
3108 5024 3298 5089 potest
3328 5024 3447 5075 tota
3472 5024 3709 5094 purgari
3742 5028 3908 5097 cogi-

2249 5104 2346 5156 tur
2375 5102 2433 5157 in
2468 5104 2583 5160 fine
2611 5105 2899 5162 damnari.
2960 5111 3120 5176 Quod
3157 5110 3377 5166 malum
3408 5110 3520 5166 sibi
3551 5112 3820 5170 futurum
3853 5116 3905 5171 si

2248 5194 2467 5250 sciebat
2491 5213 2560 5252 ex
2581 5199 2919 5267 aaternitate,
2943 5200 3026 5255 illi
3052 5201 3210 5256 nulla
3240 5202 3515 5258 divinitas
3541 5204 3612 5259 de
3634 5220 3697 5261 se
3724 5206 3902 5263 debe-

2248 5286 2420 5342 batur
2444 5306 2455 5344 :
2482 5289 2530 5344 si
2558 5294 2752 5346 autem
2784 5292 2871 5348 vel
2895 5292 3065 5348 terris
3086 5294 3172 5348 vel
3196 5295 3529 5367 regionibus
3550 5295 3792 5353 sibimet
3812 5300 3899 5353 vi-

2246 5377 2486 5435 cinitate
2506 5381 2799 5454 contiguis
2830 5383 2992 5455 regni
3014 5382 3188 5440 lucis3
3202 5391 3257 5441 et
3271 5387 3462 5459 gentis
3491 5388 3897 5459 tenebrarum,

2307 5480 2327 5549 ξ
2360 5478 2477 5549 Am.
2512 5479 2675 5549 codex
2707 5484 2759 5549 et
2787 5482 3340 5549 Carnotensis,rquasi.

2308 5541 2327 5574 ²
2357 5542 2440 5589 Sic
2473 5548 2623 5613 vetus
2653 5545 2820 5613 codex
2848 5541 3205 5597 CarnotenSis'.
3235 5549 3475 5613 Atediti,
3494 5550 3593 5613 qui
3622 5550 3755 5613 leges
3786 5564 3896 5602 om-

2240 5617 2329 5675 nes
2361 5618 2515 5678 ausus
2543 5608 2617 5678 est
2660 5606 2882 5678 irridere
2924 5622 3113 5667 eorum,
3156 5625 3187 5659 a
3228 5610 3412 5675 quibus
3464 5606 3644 5662 ductus
3668 5606 3894 5675 ﬂerat:

2536 5672 2859 5802 egiZiZieft‘iu
2892 5733 3095 5802 civitate
3136 5736 3392 5802 contiguis
3423 5736 3575 5802 regni
3606 5736 3748 5800 ιοοὶεο
3781 5744 3885 5792 θεο-

2235 5790 2420 5864 Errata
2446 5792 2533 5843 hic
2562 5793 2748 5853 multa,
2780 5807 2900 5859 quas
2920 5809 3022 5860 ope
3044 5790 3383 5851 Carnote'nsis
3403 5790 3599 5851 codicis
3616 5790 3882 5868 castigare

2238 5867 2419 5906 omnia
2452 5868 2561 5909 non
2590 5856 2755 5909 licuit.

3805 358 4035 441 596i
