4094 6468
125 389 272 449 601
999 389 1234 450 INDEX
1278 388 1857 452 OPUSCULORUM
1905 390 2254 451 ALlORUM
2298 393 2750 456 AUGUSTINI.

125 526 345 596 tange
375 524 531 594 quod
556 523 729 590 fallo;
765 522 1110 593 nisi,Tange
1141 523 1347 578 falsam
1372 539 1624 590 carnem,
1646 527 1817 594 tange

129 612 452 667 falsorum
481 613 702 666 fallacia
716 612 1018 667 vulnerum
1043 612 1376 677 luca,etnoli
1402 629 1528 668 esse
1550 613 1815 666 incredu-

125 700 245 755 lus
288 703 441 756 meis
482 702 862 756 mendacibus
895 701 1192 767 membris,
1230 707 1291 755 ut
1332 702 1617 756 credendo
1651 701 1811 756 falsis

133 794 365 862 possis
395 809 521 847 esse
554 790 758 845 lidelis.
793 791 959 845 Tales
1004 791 1204 844 ﬁdeles
1235 791 1407 844 habet
1437 790 1809 857 Manichreus,

134 883 366 935 omnis
395 881 668 934 doctrinae
700 880 1118 935 daemoniorum
1145 880 1738 950 mendaciloquorum.

3450 395 3568 455 602

1929 526 1984 578 et
2005 539 2071 577 ex
2104 527 2262 592 parte
2295 524 2775 596 inexplicabiliter
2802 527 3104 599 inquinata
3132 530 3304 600 atque
3335 528 3407 582 ab
3438 528 3566 599 ipsa

1925 613 2165 668 veritate
2184 614 2237 667 in
2262 615 2372 668 ﬁne
2394 616 2727 671 damnanda
2743 617 3231 682 describitur,non
3253 618 3402 672 sicut
3419 624 3565 673 ster-

1924 719 2074 768 cora,
2093 705 2188 757 sed
2209 705 2359 758 sicut
2379 706 3064 776 venenadebesabjicere,
3088 714 3145 762 et
3161 709 3227 762 ad
3251 707 3563 762 Ecclesiam

1923 793 2287 858 catholicam,
2317 811 2440 864 quae
2464 793 2612 848 sicut
2633 801 2791 849 tanto
2816 801 2946 850 ante
2971 797 3333 866 prophetata,
3355 798 3432 850 ita
3455 814 3561 851 suo

1923 886 2180 951 tempore
2206 883 2446 937 revelata
2468 888 2576 950 est,
2601 885 2764 938 finita
2787 885 3152 939 contentione
3175 887 3420 940 transire
3445 885 3472 939 Ἰ

1995 971 2153 1033 Quod
2190 971 2316 1025 ideo
2349 973 2448 1026 tibi
2475 972 2700 1043 loquor,
2731 973 2866 1043 quia
2889 990 3054 1027 mens
3086 978 3188 1027 tua
3220 991 3323 1028 nec
3357 979 3564 1029 natura

1924 1058 2060 1112 mali
2088 1066 2195 1126 est,
2221 1077 2345 1130 quae
2367 1062 2602 1116 omnino
2628 1061 2785 1115 nulla
2806 1069 2922 1127 est;
2944 1079 3046 1117 nec
3065 1069 3276 1116 natura
3296 1063 3565 1124 Dei.alio-

1923 1148 2063 1216 quin
2095 1147 2558 1204 incommutabili
2579 1149 3078 1221 frustraloquerer
3107 1167 3118 1204 :
3156 1152 3255 1204 sed
3286 1153 3562 1221 quoniam

1923 1241 2146 1290 mutata
2172 1243 2260 1292 est
2308 1239 2624 1293 deserendo
2674 1239 2876 1310 Deum,
2902 1245 2959 1294 et
2988 1239 3116 1310 ipsa
3164 1239 3407 1294 mutatio
3439 1240 3564 1308 ejus

1923 1327 2144 1379 malum
2179 1333 2304 1392 est;
2352 1333 2611 1382 mutetur
2648 1345 2925 1382 conversa
2964 1330 3036 1382 ad
3088 1328 3562 1383 incommutabile

1921 1413 2162 1481 bonum,
2186 1414 2245 1469 in
2277 1417 2564 1486 adjutorio
2591 1416 2776 1488 ipsius
2797 1418 3290 1473 incommutabilis
3314 1418 3484 1484 boni;
3508 1433 3568 1488 et

1921 1505 2051 1560 talis
2064 1507 2189 1575 ejus
2209 1507 2452 1561 mutatio
2472 1508 2581 1561 erit
2597 1525 2629 1562 a
2659 1507 2810 1562 malo
2828 1508 3278 1562 liberatio.Hanc
3296 1509 3563 1563 admoni-

1922 1595 2140 1649 tionem
2173 1596 2220 1648 si
2244 1595 2492 1665 spernis,
2511 1597 2656 1650 duas
2675 1597 2864 1651 adhuc
2893 1598 3131 1651 credens
3151 1613 3276 1652 esse
3300 1601 3562 1663 naturas,

220 969 472 1025 CAPUT
505 969 691 1024 XXVI.
727 1000 792 1008 —
827 970 978 1039 Fuge
1020 968 1151 1034 ista,
1185 971 1445 1032 obsecro,
1481 985 1594 1022 non
1627 974 1683 1023 te
1715 969 1814 1024 de-

131 1059 346 1129 cipiat
370 1059 590 1130 species
605 1059 1217 1128 paucitatis.quoniam
1234 1058 1357 1128 ipse
1375 1057 1653 1112 Dominus
1671 1057 1816 1112 dixit

132 1154 478 1220 angustam
504 1148 652 1202 viam
683 1164 809 1202 esse
837 1163 1152 1217 paucorum
1176 1147 1503 1217 (Matth.vn,
1526 1147 1633 1216 14).
1661 1147 1815 1201 Inter

131 1253 386 1308 paucos
417 1236 501 1291 vis
532 1253 679 1300 esse,
706 1237 805 1292 sed
832 1236 1136 1308 pessimos.
1164 1237 1307 1291 Nam
1329 1252 1526 1290 verum
1550 1240 1638 1290 est
1658 1235 1813 1306 quod

136 1325 338 1396 pauci
370 1331 509 1381 sunt
539 1326 695 1380 omni
730 1327 902 1381 modo
933 1325 1292 1389 innocentes,
1317 1325 1418 1378 sed
1449 1324 1505 1378 in
1538 1324 1684 1394 ipsis
1715 1341 1812 1379 no-

129 1430 249 1469 cen
263 1415 434 1470 tibus
465 1416 766 1486 pauciores
783 1421 921 1469 sunt
939 1415 1242 1470 homicidae
1264 1430 1435 1484 quam
1470 1414 1642 1481 fures,
1665 1429 1812 1484 pau-

130 1503 350 1559 ciores
392 1509 531 1560 sunt
576 1504 954 1559 incestatores
1003 1521 1177 1574 quam
1229 1503 1524 1558 adulteri:
1558 1504 1811 1574 denique

130 1593 336 1648 etiam
374 1594 512 1664 ipsae
533 1594 904 1661 antiquorum
929 1593 1012 1648 vel
1041 1593 1247 1647 fabulae
1278 1592 1364 1648 vel
1387 1593 1642 1647 historiae
1670 1609 1809 1662 pau-

135 1682 350 1738 ciores
383 1683 598 1737 habent
625 1683 856 1736 Medeas
879 1688 934 1736 et
967 1682 1254 1747 Phaedras,
1281 1699 1454 1753 quam
1488 1682 1810 1736 facinorum

135 1771 415 1827 aliorum
432 1771 897 1842 flagitiorumque
911 1771 1181 1827 mulieres
1200 1789 1211 1836 ;
1230 1773 1532 1843 pauciores
1549 1772 1734 1827 Ochos
1756 1775 1814 1827 et

139 1862 291 1917 Busi
306 1861 486 1930 rides,
504 1877 677 1932 quam
703 1860 1067 1932 impietatum
1088 1860 1333 1915 aliarum
1353 1867 1409 1916 et
1426 1862 1707 1917 scelerum
1725 1861 1808 1914 vi-

135 1967 265 2005 ros.
297 1949 448 2004 Vide
480 1966 635 2020 ergo,
659 1967 730 2004 ne
760 1951 901 2004 forte
919 1951 1070 2020 apud
1103 1966 1202 2004 vos
1236 1951 1451 2004 nimius
1475 1950 1678 2005 horror
1699 1952 1812 2005 im-

136 2039 399 2111 pietatis
431 2040 602 2094 faciat
633 2038 907 2094 meritum
941 2039 1268 2110 paucitatis.
1300 2039 1463 2094 Talia
1485 2040 1698 2110 quippe
1730 2041 1806 2094 ibi

139 2127 460 2197 leguntur,
493 2128 788 2196 dicuntur,
821 2133 1158 2192 creduntur,
1181 2132 1244 2181 ut
1273 2128 1329 2181 in
1365 2127 1528 2182 illum
1553 2145 1808 2183 errorem

137 2215 353 2286 magis
385 2214 615 2286 aliquos
648 2232 823 2287 quam
847 2232 1059 2286 paucos
1092 2217 1330 2282 irruere,
1359 2217 1444 2272 vel
1487 2217 1604 2271 illic
1627 2233 1812 2272 rema-

139 2321 312 2374 nere,
379 2305 713 2360 mirandum
770 2306 865 2360 sit.
917 2307 1258 2360 Sanctorum
1293 2311 1488 2361 autem
1521 2308 1807 2378 paucitas,

136 2411 408 2465 quorum
444 2399 692 2465 angusta
739 2396 831 2449 via
861 2400 968 2458 est,
1000 2395 1056 2449 in
1109 2397 1544 2466 comparatione
1574 2397 1811 2468 ponitur

141 2482 557 2538 multitudinis
581 2489 944 2554 peccatorum
980 2500 993 2538 :
1027 2501 1154 2554 quae
1185 2487 1420 2557 quidem
1454 2487 1719 2557 paucitas
1749 2486 1809 2540 in

143 2572 344 2627 multo
390 2573 611 2642 majore
645 2588 885 2628 numero
921 2573 1214 2645 palearum
1248 2574 1425 2641 latet;
1460 2576 1559 2630 sed
1593 2576 1649 2630 in
1682 2575 1810 2646 ipsa

144 2678 290 2716 area
315 2661 614 2717 catholicae
641 2661 904 2716 Ecclesiae
924 2668 1012 2718 est
1033 2680 1187 2718 nunc
1205 2665 1611 2736 congreganda
1631 2670 1684 2719 et
1705 2665 1807 2718 tri-

144 2751 438 2816 turanda,
473 2751 531 2804 in
567 2753 678 2806 fine
709 2756 905 2806 autem
938 2753 1272 2807 ventilanda
1301 2759 1474 2824 atque
1505 2754 1809 2825 purganda

144 2840 255 2910 (Id.
285 2857 373 2910 III,
405 2841 491 2909 12)
519 2855 530 2894 :
556 2841 626 2894 ad
650 2857 825 2911 quam
849 2846 904 2896 te
933 2846 1158 2914 oportet
1179 2844 1461 2910 conferas,
1490 2844 1536 2898 si
1565 2843 1810 2898 fideliter

143 2928 348 2984 fidelis
381 2945 510 2984 esse
542 2929 855 2998 desideras,
891 2947 961 2984 ne
993 2931 1222 2986 fidendo
1255 2931 1438 2997 falsis,
1472 2932 1621 2987 sicut
1659 2932 1806 2987 scri-

142 3023 321 3090 ptum
357 3022 466 3081 est,
501 3023 702 3073 ventos
720 3035 922 3088 pascas
945 3021 1095 3090 (Osee
1122 3037 1222 3088 xu,
1250 3023 1321 3091 1),
1345 3021 1399 3075 id
1423 3025 1532 3087 est,
1552 3022 1805 3076 immun-

147 3107 242 3161 dis
275 3106 591 3178 spiritibus
622 3123 753 3162 esca
782 3109 905 3162 fias.
939 3110 994 3162 Si
1029 3110 1181 3164 enim
1218 3110 1432 3164 Paulus
1481 3110 1804 3182 apostolus,

147 3211 333 3268 quem
371 3212 820 3263 commemoras,
846 3214 958 3252 non
992 3197 1321 3270 sapientum
1355 3199 1578 3254 Veteris
1607 3199 1805 3254 Testa-

149 3285 336 3340 menti
354 3285 991 3357 scripturastotamque
1007 3286 1806 3358 illamprOpheticamdispen-

149 3375 448 3428 sationem
482 3375 767 3428 dictorum
819 3381 992 3446 atque
1025 3376 1332 3440 factorum,
1365 3377 1463 3431 sed
1514 3376 1803 3432 carnalem

147 3464 417 3518 Judaicze
452 3463 786 3535 propaginis
817 3464 1239 3525 excellentiam.
1267 3471 1323 3520 et
1353 3481 1454 3536 pro
1486 3465 1805 3538 Synagogis

146 3559 409 3624 paternae
423 3555 615 3624 gentis
627 3553 959 3609 errantibus
973 3560 1027 3608 et
1038 3555 1328 3608 Christum
1354 3571 1467 3609 non
1487 3571 1806 3627 agnoscen-

148 3643 332 3706 tibus,
368 3642 560 3698 zelum
579 3644 962 3715 persequendi
986 3643 1368 3708 Christianos,
1393 3661 1506 3714 quo
1531 3653 1804 3715 tanquam

143 3731 431 3786 laudabili
452 3733 894 3798 accendebatur,
916 3732 1276 3803 etjustitiam
1297 3749 1422 3803 quia
1438 3750 1506 3787 ex
1531 3734 1678 3806 Lege
1697 3741 1804 3802 est,

144 3838 258 3892 qua
278 3821 494 3891 Judaei,
513 3838 625 3875 non
654 3821 730 3876 ibi
756 3821 1050 3877 intellecta
1067 3823 1157 3876 Dei
1179 3823 1385 3893 gratia,
1423 3825 1672 3894 superbe
1691 3824 1808 3896 glo-

147 3911 401 3981 riantur,
436 3912 654 3965 damna
683 3913 742 3966 et
774 3917 1028 3966 stercora
1059 3911 1375 3982 deputavit,
1411 3917 1475 3966 ut
1505 3912 1802 3968 Christum

145 3997 520 4055 lucrifaceret
538 3999 805 4070 (Philipp.
833 4001 975 4064 m,8,
997 4001 1052 4070 9)
1079 4017 1090 4054 :
1118 4005 1337 4070 quanto
1363 4000 1549 4072 magis
1570 4007 1632 4056 tu
1657 4001 1802 4056 scri-

145 4092 350 4158 pturas
393 4087 528 4143 illas
572 4088 957 4143 nefandarum
1000 4088 1496 4160 blasphemiarum
1533 4090 1803 4161 plenissi-

147 4192 294 4247 mas,
329 4177 435 4232 ubi
473 4180 683 4232 natura
712 4177 1000 4244 veritatis,
1024 4183 1234 4233 natura
1263 4179 1478 4233 summi
1515 4180 1669 4245 boni,
1703 4196 1806 4235 na-

145 4269 277 4320 tura
291 4267 392 4321 Dei
421 4266 598 4321 toties
620 4265 1119 4331 mutabilis,toties
1141 4266 1490 4333 victa,toties
1508 4273 1799 4340 corrupta,

1921 1698 2098 1736 unam
2126 1684 2466 1738 mutabilem
2487 1686 2772 1756 boni,quaa
2792 1684 2939 1739 malo
2963 1686 3247 1756 permixta
3267 1685 3455 1755 potuit
3471 1684 3560 1739 in-

1915 1771 2154 1841 justitiaa
2187 1775 2533 1837 consentire,
2557 1773 2798 1828 alteram
2829 1773 3365 1827 incommutabilem
3398 1772 3559 1840 mali,

1920 1876 2043 1929 quae
2063 1879 2166 1916 nec
2185 1863 2336 1917 bono
2358 1864 2535 1917 mixta
2557 1862 2742 1934 potuit
2759 1863 3560 1933 consentirejustitia,proxi-

1921 1966 2055 2005 nam
2087 1950 2244 2006 illam
2299 1953 2626 2022 pudendam
2659 1951 2916 2006 fabulam
2947 1953 3134 2022 garris
3179 1950 3560 2006 exsecrabiles

1919 2043 2230 2109 turpesque
2262 2039 2658 2111 blasphemias
2683 2039 2740 2094 in
2777 2040 3154 2094 fornicatione
3172 2039 3557 2111 prurientium

1920 2129 2152 2182 aurium
2184 2129 2594 2196 seminantem,
2614 2135 2677 2184 ut
2707 2130 2782 2184 sis
2812 2130 2868 2183 in
2901 2146 3102 2184 eorum
3135 2145 3327 2200 grege,
3348 2129 3416 2184 de
3439 2129 3562 2200 qui-

1919 2217 2029 2271 bus
2062 2218 2400 2288 praedictum
2432 2223 2538 2281 est,
2569 2219 2723 2289 quod
2741 2221 2849 2273 erit
2876 2217 3334 2289 tempus,quando
3364 2234 3564 2271 sanam

1915 2306 2222 2361 doctrinam
2242 2323 2348 2361 non
2368 2308 2830 2372 sustinebunt,sed
2846 2308 2914 2362 ad
2934 2324 3039 2362 sua
3058 2307 3330 2361 desideria
3350 2323 3560 2362 coacer-

1916 2397 2122 2452 vabunt
2149 2398 2256 2452 sibi
2283 2401 2572 2466 magistros
2597 2399 2913 2467 prurientes
2938 2397 3185 2460 auribus,
3208 2405 3259 2450 el
3285 2412 3319 2450 α
3339 2397 3564 2451 veritate

1919 2487 2143 2558 quidem
2173 2486 2424 2540 auditum
2453 2503 2617 2540 suum
2664 2489 2982 2550 avertentes,
3014 2485 3083 2540 ad
3128 2485 3350 2555 fabulas
3380 2488 3562 2540 autem

1917 2578 2334 2646 convertentur(
2347 2575 2392 2630 ll
2426 2576 2556 2629 Tim.
2582 2591 2655 2640 ιν,
2685 2575 2738 2644 3,
2763 2575 2836 2645 4).
2869 2575 2927 2629 Si
2949 2579 3142 2630 autem
3174 2573 3323 2628 hanc
3354 2574 3560 2628 admo-

1919 2664 2196 2720 nitionem
2216 2664 2530 2734 prudenter
2546 2664 2782 2734 accipis,
2803 2679 3118 2718 conversus
3139 2663 3212 2716 ad
3236 2662 3560 2717 incommu-

1916 2753 2152 2808 tabilem
2205 2759 2406 2821 Deum,
2441 2754 2762 2808 mutatione
2813 2751 3091 2807 laudabili
3126 2753 3228 2806 fies
3275 2751 3334 2805 in
3377 2751 3455 2806 eis
3488 2752 3560 2807 de

1918 2843 2131 2914 quibus
2179 2842 2321 2896 dicit
2351 2841 2661 2912 Apostolus
2695 2858 2708 2896 :
2742 2843 2944 2896 Fuistis
2973 2840 3270 2911 aliquando
3303 2840 3558 2907 tenebrx,

1913 2948 2061 2985 nunc
2090 2935 2270 2986 autem
2301 2932 2403 2985 lux
2430 2933 2490 2986 in
2544 2932 2774 2986 Domino
2807 2929 3021 3001 (Ephes.
3054 2947 3109 2993 v,
3139 2931 3214 2999 8).
3269 2929 3429 2994 Quod
3458 2946 3562 2985 nec

1921 3021 2013 3074 Dei
2048 3031 2266 3074 naturas
2297 3021 2409 3074 dici
2447 3025 2660 3092 posset,
2687 3021 2826 3091 quia
2857 3036 3161 3090 nunquam
3185 3019 3293 3073 fuit
3321 3017 3473 3074 mala
3504 3023 3562 3074 et

1915 3109 2092 3180 digna
2108 3110 2217 3164 isto
2230 3109 2465 3163 nomine
2481 3110 2882 3177 tenebrarum;
2905 3124 3009 3164 nec
3026 3112 3246 3162 natura:
3268 3107 3560 3178 mali,quaa

1914 3199 1963 3252 si
1996 3204 2168 3268 esset,
2202 3215 2504 3269 nunquam
2525 3205 2720 3269 posset
2746 3198 3104 3262 mutari,nec
3133 3196 3234 3251 lux
3263 3196 3387 3251 ﬁeri
3417 3213 3428 3252 :
3455 3197 3556 3251 sed

1915 3293 2069 3343 recte
2099 3305 2164 3342 ac
2181 3287 2458 3342 veraciter
2487 3287 2594 3342 hoc
2623 3288 2847 3342 dictum
2873 3291 2962 3342 est
2981 3286 3290 3353 einaturae,
3314 3302 3443 3357 quae
3464 3285 3558 3340 in-

1915 3376 2349 3432 commutabilis
2378 3394 2491 3432 non
2541 3381 2653 3442 est,
2684 3377 2782 3432 sed
2815 3377 3042 3431 deserto
3091 3374 3556 3430 incommutabili

1915 3466 2158 3530 lumine,
2183 3483 2216 3520 a
2239 3483 2353 3536 quo
2377 3467 2529 3521 facta
2548 3471 2657 3534 est,
2684 3467 3097 3521 obtenebratur
3119 3466 3175 3519 in
3199 3482 3290 3530 se;
3321 3465 3391 3519 ad
3411 3463 3555 3517 illud

1915 3560 2110 3610 autem
2141 3571 2419 3610 conversa
2463 3557 2526 3610 lit
2556 3554 2674 3623 lux,
2710 3573 2822 3610 non
2852 3555 2910 3608 in
2943 3571 3026 3618 se,
3059 3555 3158 3608 sed
3189 3554 3248 3608 in
3293 3553 3556 3607 Domino.

1915 3642 2037 3697 Non
2070 3645 2224 3697 enim
2259 3661 2291 3696 a
2313 3660 2375 3698 se
2406 3645 2551 3713 ipsa,
2571 3642 2848 3714 quoniam
2873 3660 2987 3698 non
3010 3649 3098 3697 est
3117 3642 3313 3696 lumen
3333 3657 3557 3706 verum,

1917 3733 2016 3787 sed
2046 3732 2379 3786 illuminata
2400 3731 2573 3795 lucet.
2598 3731 2789 3786 abillo
2812 3732 2881 3786 de
2903 3749 3013 3801 quo
3036 3731 3255 3785 dictum
3279 3735 3366 3784 est
3390 3746 3402 3784 :
3428 3732 3562 3784 Erat

1917 3823 2100 3877 lumen
2125 3839 2329 3888 verum,
2345 3823 2482 3893 quod
2505 3823 2788 3877 illuminat
2808 3837 3022 3877 omnem
3045 3821 3318 3875 hominem
3334 3821 3559 3874 venien-

1915 3922 2026 3965 tem
2057 3914 2116 3965 in
2145 3912 2290 3966 hunc
2317 3912 2582 3964 mundum
2604 3913 2781 3981 (Joan.
2816 3927 2854 3978 1,
2886 3912 2963 3981 9).
2989 3910 3104 3965 Hoc
3129 3911 3317 3975 crede,
3344 3910 3450 3963 hoc
3476 3909 3559 3962 in-

1915 4000 2345 4055 commutabilis
2366 4000 2522 4069 boni,
2540 4001 2692 4072 quod
2710 4016 2822 4054 non
2845 4006 3005 4071 potes
3027 4015 3154 4054 esse
3175 4015 3276 4070 per
3295 4003 3380 4053 te:
3402 3999 3555 4069 quod

1915 4105 2019 4144 nec
2048 4089 2332 4157 amittere,
2348 4090 2398 4144 si
2423 4088 2978 4144 incommutabiliter
2999 4089 3106 4143 hoc
3127 4105 3315 4152 esses;
3340 4104 3443 4142 nec
3467 4103 3558 4141 re-

1914 4179 2102 4250 cipere
2136 4195 2356 4249 posses,
2391 4179 2439 4233 si
2472 4178 3026 4233 incommutabiliter
3055 4178 3164 4233 hoc
3194 4194 3307 4232 non
3339 4193 3520 4232 esses.

3471 4409 3558 4417 .—

751 4689 1647 4777 OPUSCULOBUM
1713 4690 2238 4778 ALIOHUM
2298 4688 2967 4802 AUGUSTlNl,

853 4855 1069 4905 QUIBUS
1108 4857 1214 4896 γει.
1251 4857 1322 4896 EX
1361 4856 1643 4897 PROFESSO
1681 4857 1787 4897 νει
1823 4857 2025 4897 OBITER
2060 4857 2192 4896 AGIT
2228 4855 2447 4896 CONTRA
2487 4857 2847 4897 MANICHEOS.

831 5049 877 5085 IN
907 5050 922 5085 ι
951 5050 1106 5087 ⁸1⁸010.

154 5116 220 5164 De
253 5117 440 5166 Libero
473 5117 701 5167 Arbitrio
729 5115 846 5166 libri
877 5131 946 5166 ιιι.

156 5177 222 5226 De
249 5181 444 5229 Genesi
479 5185 664 5229 contra
693 5179 1011 5229 Manichmos
1040 5179 1156 5228 libri
1187 5193 1238 5228 ιι.

153 5241 220 5289 De
263 5243 500 5292 Moribus
538 5243 782 5292 Ecclesia:
830 5243 1129 5303 Catholica,
1169 5248 1221 5292 et
1262 5241 1327 5291 de
1359 5241 1593 5292 Moribus
1633 5242 1795 5293 Mani-

211 5304 484 5355 chaeorum
516 5306 635 5354 libri
667 5320 718 5354 ιι.

155 5363 221 5432 pe
240 5381 378 5432 _vera
407 5369 680 5432 Religione
713 5367 846 5417 liber
874 5381 908 5432 ι.

154 5427 312 5479 Multa
341 5427 768 5482 contra'eosdem
804 5432 858 5479 in
885 5430 1033 5480 libris
1060 5429 1484 5480 Confessionum.

829 5561 875 5596 ιιι
905 5561 938 5596 ll
967 5560 1116 5598 TOIO.

157 5621 385 5686 Epistula
413 5641 566 5678 ιιιιι
604 5631 659 5678 et
685 5641 917 5677 ccxxxvr.

2586 5069 2634 5105 ll
2662 5069 2708 5107 ιν
2736 5068 2890 5105 ‘I'OIO.

1907 5135 2185 5186 Enarratio
2212 5134 2268 5184 in
2299 5135 2435 5185 Psal.
2467 5148 2572 5187 cn.

2576 5267 2623 5302 ΙΝ
2652 5267 2685 5301 ν
2712 5266 2867 5302 1⁵01οο

1907 5352 2092 5402 Sermo
2121 5365 2158 5412 ι,
2187 5366 2238 5412 ιι,
2269 5365 2352 5412 ιιι,
2379 5366 2423 5415 ι,
2453 5365 2579 5410 cum
2613 5365 2802 5400 cum:
2834 5355 2886 5400 et
2914 5363 3158 5401 ccxxxvu.

2586 5480 2636 5516 ιι(
2664 5480 2712 5516 τι
2738 5479 2870 5518 1⁸010

1907 5566 2061 5616 leer
2089 5565 2154 5614 de
2189 5565 2371 5629 Agens
2400 5564 2697 5615 Christiano
2728 5570 2780 5615 et
2809 5565 2942 5616 liber
2971 5565 3036 5616 de
3072 5566 3424 5617 Continentis.

161 5723 413 5778 Primores
442 5729 563 5780 vide
593 5730 648 5779 in
677 5729 840 5794 hujus
859 5742 946 5780 vni
975 5729 1105 5780 tomi
1134 5728 1658 5797 Appendicelibrum
1676 5729 1752 5797 Ade
1787 5729 1912 5797 Fide
1944 5734 2128 5780 contra
2158 5729 2498 5787 Manichaeos,
2527 5733 2579 5780 et
2625 5729 3102 5783 Commonitorium
3133 5737 3198 5785 de
3227 5731 3546 5797 recipiendis

1412 5791 1718 5845 Manicheis
1747 5793 1840 5858 qui
1866 5797 2271 5846 convertuntur.
