4094 6496
470 409 3893 455 ΞΞΞΞΞΞΞΞΞΞΞΞΞΞΞΞΞΞΞΞΞΞΞΞΞΞΞΞΞΞΞΞΞΞΞΞΞΞΞΞΞΞΞΞΞΞΞΞΞΞΞΞΞΞΞΞΞΞΞΞΞΞΞΞΞΞΞΞΞΞΞΞΞΞΞΞΞΞΞΞΞΞΞΞΞΞΞΞΞΞΞΞΞΞΕΞΞΞΞΞΞ

1716 525 1793 584 ΙΝ
1842 525 2041 586 OPUS
2088 524 2621 598 SUBSEQUENS,

564 640 707 701 Vide
737 640 837 701 lib.
872 641 935 713 2,
966 658 1097 721 cap.
1128 641 1228 715 58,
1268 641 1822 713 Retractationum,
1857 650 1992 701 tam.
2033 639 2228 722 17,4col,
2263 641 2402 722 654.
2438 638 2652 714 verbis,
2672 641 2916 701 Interea
2948 638 3033 721 (a)
3062 639 3243 717 liber,
3270 659 3449 722 usque
3477 639 3563 702 ad
3591 640 3806 715 verba,

1748 724 1993 782 Fratres
2024 720 2429 781 dilectissimi.
2516 722 2599 781 M.

532 835 605 895 (a)
638 836 877 899 Proxime
908 838 1031 899 ante
1061 836 1339 899 recensitis
1368 835 1518 884 libris
1547 834 1613 884 de
1642 834 1832 885 Anima
1861 839 1913 885 et
1940 835 2056 898 ejus
2080 835 2305 899 origine,
2337 835 2511 899 deque
2535 834 2858 899 Adulterinis
2885 834 3175 899 Conjugiis,
3198 836 3288 897 qui
3317 835 3435 886 libri
3466 836 3532 885 ad
3562 849 3781 885 annum
3804 837 3905 887 “9

468 899 762 961 pertinent,
792 898 1054 959 signiﬁcat
1078 897 1187 960 jam
1213 899 1541 961 Augustinus
1573 913 1603 947 a
1627 912 1681 947 se
1712 897 2037 960 conscriptos

2104 912 2160 946 er
2191 897 2332 946 idem
2383 897 2490 946 fere
2525 901 2733 961 tempus
2780 897 2943 947 fuisse
2974 897 3360 961 subsequentes
3408 903 3597 948 contra
3626 899 3903 949 Adversa-

469 960 605 1009 rium
639 961 786 1022 Legis
812 965 865 1009 et
897 961 1274 1023 Prophetarum
1304 960 1482 1009 libros.
1516 960 1684 1022 Hujus
1712 962 1885 1023 cperis
1916 974 2033 1010 cum
2065 960 2222 1009 laude
2252 961 2494 1023 meminit
2522 960 2863 1010 Cassiodorus
2893 962 2947 1009 iu
2991 961 3078 1010 lib.
3111 960 3176 1009 de
3207 962 3544 1011 Institutione
3576 962 3898 1011 divinarum

474 1023 809 1082 Litterarum,
843 1036 956 1086 cap.
985 1022 1031 1073 1.
1064 1023 1246 1087 Capita
1272 1024 1392 1072 libri
1430 1024 1725 1074 Adversarii
1752 1022 1979 1086 singula,
2010 1038 2131 1087 quas
2159 1023 2454 1073 refellenda
2482 1022 2568 1073 hic
2596 1023 2833 1083 fuerunt,
2862 1029 3207 1074 recensentur
3235 1029 3359 1074 ante
3388 1024 3552 1075 finem
3593 1025 3723 1075 libri
3756 1027 3806 1083 2,
3840 1026 3900 1075 in

472 1098 591 1149 cap.
624 1089 700 1135 10.

1193 1335 1313 1439 S.
1402 1336 2111 1440 Δυηειιι
2213 1333 3150 1442 Δυαυετικι

1706 1536 1998 1597 ΗΙΡΡΟΝ
2012 1537 2107 1596 EN
2116 1535 2230 1597 SIS
2282 1534 2637 1597 EPISCOPI

1625 1688 1987 1754 CONTRA
2066 1688 2729 1754 ADVERSARIUM

837 1868 1426 2025 LEGIS
1556 1870 1809 2021 ET
1924 1870 3517 2026 PROPHETARUM

1839 2134 2094 2209 LIBRI
2167 2133 2358 2209 DUO
2396 2133 2499 2207 (α).

1612 2371 2058 2465 LIBER
2159 2370 2752 2466 PRIMUS.

1160 2540 1222 2590 In
1251 2554 1359 2605 quo
1386 2541 1588 2593 Veteris
1618 2541 1941 2592 Testamenti
1968 2540 2085 2591 loca
2112 2540 2437 2592 calumniose
2465 2539 2791 2603 reprehensa
2817 2539 3177 2590 vindicantur.

544 2679 771 2737 CAPUT
798 2682 1209 2739 PRIMUM—1
1226 2727 1238 2741 .
1264 2684 2119 2757 Libro,quemmisistis,fratres

476 2766 1067 2840 dilectissimi,nescio
1084 2772 1254 2845 cujus
1272 2774 1966 2844 baeretici,invento,sicut
1982 2772 2121 2829 scri-

476 2856 699 2928 psistis,
725 2858 784 2913 in
807 2857 997 2929 platea
1028 2861 1343 2929 maritima,
1371 2878 1502 2917 cum
1536 2862 1755 2918 venalis
1788 2862 1966 2918 codex
1996 2862 2120 2932 ipse

475 2946 745 3013 terretur,
761 2952 818 3002 et
833 2950 1316 3006 concurrentibus
1334 2951 1519 3006 turbis
1541 2952 1865 3023 periculosa
1881 2949 2120 3006 curiosi-

478 3039 598 3090 tate
612 3040 670 3090 et
688 3036 1065 3094 delectatione
1084 3041 1457 3110 legeretur,ut
1478 3047 1695 3113 quanto
1716 3056 1942 3114 possem
1966 3056 2120 3093 com-

477 3124 687 3195 pendio
720 3127 1145 3197 responderem,
1171 3129 1335 3201 prius
1368 3129 1603 3201 quaesivi
1635 3131 1941 3201 cujusnam
1965 3130 2121 3183 esset

481 3213 713 3267 erroris.
737 3212 859 3268 Non
892 3214 1045 3270 enim
1070 3216 1175 3271 soli
1208 3217 1509 3273 Manichei
1542 3218 1751 3291 Legem
1775 3217 2119 3290 Prophetas-

479 3317 593 3373 que
610 3302 1031 3372 condemnant;
1052 3306 1150 3362 sed
1172 3314 1227 3361 et
1243 3307 1646 3373 Marcionistze,
1666 3312 1723 3363 et
1741 3306 1835 3363 alii
1858 3305 2120 3362 nonnulli

479 3406 729 3463 quorum
766 3397 936 3448 sectas
959 3411 1071 3449 non
1098 3395 1178 3451 ita
1201 3396 1572 3452 innatuerunt
1594 3396 1824 3469 populis
1850 3396 2121 3452 christia-

476 3480 588 3536 nis.
615 3482 727 3537 Iste
740 3474 1130 3555 autem,cuj‘us
1145 3502 1354 3541 nomen
1370 3486 1428 3541 in
1447 3488 1646 3543 eodem
1665 3487 1810 3542 libro
1825 3504 1938 3542 non
1958 3503 2120 3542 com-

477 3569 949 3643 peri,detestatur
967 3573 1150 3629 Deum
1176 3575 1378 3630 mundi
1396 3576 1796 3632 fabricatorem
1818 3592 1830 3631 :
1848 3592 1980 3631 cum
2000 3576 2122 3631 Ma-

479 3657 711 3728 nichaei,
745 3662 1011 3732 quamvis
1059 3662 1276 3719 librum
1327 3664 1614 3721 Geneseos
1646 3683 1759 3721 non
1811 3665 2121 3737 accipiant,

477 3754 649 3818 atque
680 3748 1108 3822 blasphement,
1133 3753 1311 3808 Deum
1336 3758 1533 3809 tamen
1556 3755 1773 3810 bonum
1809 3755 2125 3810 fabricasse

478 3838 787 3903 mundum,
810 3840 916 3895 etsi
949 3856 1016 3895 ex
1043 3840 1231 3897 aliena
1260 3848 1471 3898 natura
1501 3849 1674 3915 atque
1697 3844 1963 3907 materia,
1987 3861 2123 3900 con-

478 3927 774 3982 fiteantur.
807 3929 913 3984 Sed
946 3946 1284 4002 quanquam
1319 3948 1433 3987 non
1468 3932 1611 3987 mihi
1643 3933 1997 4004 apparuerit,
2031 3950 2125 3988 cu-

475 4016 576 4087 jus
606 4021 770 4072 sectae
804 4017 877 4073 sit
903 4018 1015 4075 iste
1061 4018 1464 4092 blasphemus,
1498 4022 1857 4077 defendenda
1888 4027 1977 4077 est
2024 4023 2125 4077 ad-

479 4121 683 4161 versus
702 4107 828 4177 ejus
845 4107 1106 4179 linguam
1130 4110 1433 4181 Scriptura
1452 4110 1665 4177 divina,
1683 4128 1859 4183 quam
1884 4111 2126 4167 maledi-

484 4194 569 4251 cis
591 4195 1088 4269 disputationibus
1120 4199 1462 4255 insectatur.
1488 4204 1555 4255 Et
1583 4201 1858 4272 quoniam
1892 4217 2127 4272 quoquo

485 4286 658 4341 modo
689 4286 1073 4343 christianum
1105 4305 1168 4344 se
1195 4289 1372 4344 videri
1398 4289 1578 4362 cupit,
1604 4290 1755 4345 unde
1775 4294 1830 4344 et
1859 4306 1923 4345 ex
1948 4295 2127 4344 Evan-

485 4373 635 4445 gelio
668 4380 723 4430 et
751 4393 820 4431 ex
848 4377 1122 4448 Apostolo
1144 4378 1307 4451 ponit
1328 4377 1525 4450 aliqua
1563 4379 1927 4446 testimonia;
1950 4378 2126 4434 etiam

484 4461 800 4534 Scripturis
844 4466 914 4520 ad
964 4466 1188 4522 Novum
1225 4471 1659 4523 Testamentum
1704 4467 2129 4540 pertinentibus

486 4551 834 4608 refellendus
867 4562 954 4609 est
988 4572 1002 4610 :
1033 4561 1099 4611 ut
1118 4557 1461 4611 ostendatur
1486 4556 1543 4611 in
1572 4556 2021 4628 reprehensione
2042 4572 2132 4611 ve-

482 4641 674 4694 terum
705 4641 1235 4701 inconsiderantius
1266 4662 1442 4717 quam
1474 4646 1767 4702 versutius
1798 4644 2074 4701 insanire.

555 4727 790 4786 CAPUT
822 4732 891 4786 ΙΙ.
932 4763 992 4773 -
1022 4733 1077 4787 2.
1118 4735 1195 4788 Ac
1229 4735 1507 4806 primum,
1539 4736 1690 4807 quod
1744 4734 1878 4806 pius
1910 4738 2135 4807 poterat

479 4816 775 4889 religioso,
801 4822 1009 4892 quaerit
1031 4822 1140 4877 iste
1168 4822 1385 4893 impius
1406 4840 1502 4878 ore
1521 4824 1821 4895 sacrilego,
1839 4824 2131 4895 quomodo

485 4905 885 4978 accipiendum
913 4910 990 4965 sit
1015 4911 1163 4981 quod
1188 4912 1475 4983 scriptum
1498 4917 1605 4979 est,
1634 4915 1695 4968 In
1712 4913 1986 4983 principio
2005 4914 2135 4983 fecit

482 4995 628 5052 Deus
656 5000 849 5053 caelum
869 5008 919 5056 et
948 5002 1152 5055 terram
1175 4999 1325 5070 (Gen.
1349 5018 1389 5066 I,
1410 5001 1460 5071 1)
1495 5017 1507 5054 :
1542 5017 1878 5072 quanquam
1902 5017 2018 5055 non
2036 5001 2133 5056 ad-

488 5084 720 5153 diderit,
754 5092 981 5155 terram,
1007 5089 1077 5144 de
1108 5105 1222 5160 qua
1250 5092 1381 5161 post
1412 5088 1689 5159 loquitur.
1726 5088 1940 5153 Quaerit
1954 5105 2127 5161 ergo:

2230 2684 2344 2752 Quo
2366 2683 2643 2754 principio
2665 2686 2690 2736 ?
2708 2682 2893 2755 ejusne
2915 2698 3021 2754 quo
3045 2681 3189 2738 idem
3206 2686 3351 2738 Deus
3369 2696 3490 2738 esse
3511 2681 3694 2754 saepit,
3720 2699 3796 2737 an
3820 2699 3903 2739 ea:

2227 2789 2287 2829 eo
2303 2788 2406 2844 quo
2425 2772 2587 2827 illum
2601 2787 2713 2829 esse
2727 2788 2958 2827 vacuum
2974 2769 3313 2826 taeduit?Cui
3330 2771 3900 2843 respondetur,quia

2228 2878 2334 2918 nec
2362 2864 2508 2917 Deus
2540 2877 2668 2917 esse
2689 2860 2992 2933 caspit,nec
3014 2875 3147 2916 eum
3169 2859 3492 2916 vacationis
3515 2877 3633 2916 suae
3654 2860 3897 2931 taeduit,

2228 2951 2327 3023 qui
2349 2965 2535 3022 neque
2557 2948 2870 3021 aliquando
2894 2966 3006 3005 non
3031 2949 3160 3015 fuit,
3186 2965 3290 3004 nec
3322 2950 3603 3005 cessando
3628 2950 3898 3023 torpuit,

2229 3055 2335 3095 nec
2349 3039 2639 3111 operando
2652 3038 2938 3095 laboravit
2962 3056 2976 3094 :
2999 3055 3104 3094 nec
3118 3037 3242 3095 sine
3255 3037 3399 3094 ctelo
3422 3039 3578 3094 sedis
3602 3038 3897 3111 indiguit,

2229 3145 2334 3185 nec
2356 3129 2506 3184 facto
2530 3127 2671 3185 ccelo
2689 3128 2887 3184 sedem
2899 3132 3176 3198 tanquam
3202 3126 3383 3183 finitis
3403 3127 3701 3183 erroribus
3720 3144 3896 3199 pere—

2228 3218 2430 3289 grinus
2443 3217 2902 3273 invenit.Potens
2923 3222 3011 3272 est
3027 3216 3181 3272 enim
3196 3217 3537 3273 beatissime
3559 3234 3805 3273 manere
3826 3218 3891 3274 in

2229 3306 2543 3378 semetipso
2562 3324 2576 3373 ;
2594 3305 2812 3378 templo
2830 3312 3025 3361 autem
3049 3323 3156 3362 suo
3179 3306 3332 3378 quod
3351 3310 3490 3360 sunt
3510 3323 3716 3362 omnes
3737 3323 3893 3362 san-

2231 3395 2329 3465 cti,
2354 3400 2411 3451 et
2425 3394 2627 3468 Angeli
2652 3400 2709 3451 et
2732 3395 3054 3466 homines‘,
3074 3394 3156 3451 sic
3178 3395 3432 3468 imperiti
3456 3395 3892 3453 habitationem

2232 3501 2425 3553 suam,
2459 3490 2522 3539 ut
2549 3484 2634 3539 illi
2666 3500 2735 3540 ex
2766 3485 2892 3556 ipso
2910 3485 3161 3540 habeant
3188 3484 3303 3541 tale
3326 3484 3545 3541 bonum
3580 3502 3694 3556 quo
3724 3485 3893 3541 beati

2232 3590 2360 3629 esse
2382 3574 2627 3646 possint,
2652 3590 2766 3629 non
2798 3591 2866 3629 ex
2886 3572 2969 3629 eis
3002 3572 3097 3629 ille
3126 3572 3303 3629 talem
3334 3574 3575 3629 domum
3608 3574 3733 3629 sine
3766 3591 3896 3646 qua

2233 3664 2437 3720 beatus
2467 3679 2593 3719 esse
2626 3680 2739 3718 non
2772 3662 2977 3734 possit.
3016 3664 3124 3718 Aut
3153 3679 3289 3735 ergo
3320 3661 3403 3718 sic
3433 3661 3893 3735 intelligendum

2233 3758 2321 3809 est
2351 3754 2503 3825 quod
2540 3752 2825 3825 scriptum
2856 3755 2966 3819 est,
2991 3753 3054 3808 In
3078 3753 3352 3824 principio
3371 3753 3499 3824 fecit
3528 3753 3667 3808 Deus
3688 3752 3895 3808 caelum

2233 3850 2283 3898 et
2312 3851 2540 3908 terram,
2574 3846 2635 3897 ut
2665 3840 3016 3914 principium
3048 3841 3124 3897 sit
3149 3857 3218 3896 ex
3238 3856 3355 3913 quo
3386 3857 3515 3896 esse
3546 3847 3889 3912 coeperunt;

2235 3948 2350 3987 non
2381 3930 2535 3986 enim
2570 3930 2685 3986 Deo
2715 3935 2995 3985 coaeterns
3043 3946 3273 4002 semper
3304 3930 3559 4001 fuerunt,
3592 3930 3693 3986 sed
3732 3930 3892 3986 facta

2234 4019 2468 4075 initium
2487 4036 2555 4075 ex
2577 4036 2691 4091 quo
2713 4035 2839 4075 esse
2861 4019 3577 4091 inciperentacceperunt:
3604 4023 3707 4074 aut
3727 4025 3889 4075 certe

2236 4108 2373 4181 quia
2404 4109 2461 4163 in
2495 4109 2779 4181 principio
2801 4107 2913 4164 sibi
2943 4112 3225 4165 coaeterno
3256 4108 3390 4162 fecit
3409 4113 3559 4164 Deus
3589 4107 3803 4164 calum
3828 4114 3890 4165 et

2233 4204 2472 4269 terram,
2506 4199 2615 4254 hoc
2646 4203 2756 4265 est,
2788 4198 2849 4254 in
2899 4197 3198 4270 unigenito
3229 4196 3390 4253 Filio.
3428 4198 3559 4268 Ipse
3605 4202 3698 4254 est
3726 4198 3892 4255 enim

2237 4288 2552 4359 Sapientia,
2581 4289 2651 4344 de
2673 4304 2789 4359 qua
2813 4286 2952 4342 dicit
2970 4285 3282 4359 Apostolus
3308 4303 3321 4342 :
3347 4287 3624 4343 Christum
3645 4289 3744 4344 Dei
3768 4289 3894 4344 Vir-

2238 4386 2405 4434 tutem
2433 4382 2483 4433 et
2515 4378 2609 4433 Dei
2638 4376 2977 4448 Sapientiam
3000 4376 3045 4447 (I
3072 4375 3191 4433 Cor.
3214 4393 3255 4447 ι,
3279 4376 3391 4447 24).
3427 4377 3496 4431 Et
3524 4376 3637 4431 Deo
3671 4377 3774 4448 qui
3807 4378 3894 4433 fe-

2238 4467 2317 4523 cit
2336 4466 2546 4523 coelum
2569 4474 2623 4521 et
2641 4465 3104 4533 terram,dicitur
3121 4464 3181 4520 in
3201 4464 3431 4521 Psalmo
3451 4483 3464 4522 :
3485 4464 3683 4522 Omnia
3706 4468 3769 4522 in
3790 4466 3894 4523 Sa-

2234 4558 2446 4629 pientia
2474 4556 2661 4626 [scisti
2690 4554 2861 4627 (Psal.
2894 4570 3017 4623 cm,
3047 4554 3160 4625 24).
3191 4558 3306 4609 Aut
3335 4554 3385 4609 si
3417 4555 3487 4609 de
3514 4553 3750 4611 Psalmo
3781 4556 3895 4612 iste

2239 4661 2354 4700 non
2376 4643 2501 4699 vult
2518 4643 2779 4715 accipere
2795 4642 3573 4714 testimonium,Apostolum
3599 4643 3804 4699 audiat
3820 4646 3895 4700 de

2240 4732 2468 4788 Christo
2488 4731 2823 4803 loquentem
2848 4747 2861 4785 :
2896 4733 3037 4800 Quia
3058 4734 3115 4787 in
3140 4732 3258 4804 ipso
3288 4732 3506 4787 condita
3524 4742 3658 4788 sunt
3678 4736 3889 4803 omnia,

2240 4824 2301 4878 in
2321 4823 2451 4878 caelo
2472 4824 2522 4877 et
2542 4823 2600 4876 in
2623 4828 2788 4886 terra,
2806 4822 3050 4877 visibilia
3071 4830 3121 4877 et
3135 4821 3437 4877 invisibilia
3460 4823 3683 4894 (Coloss.
3711 4841 3749 4893 ι,
3777 4825 3888 4895 16).

2312 4912 2365 4965 3.
2399 4911 2551 4966 Deus
2582 4909 2763 4983 igitur
2801 4926 2907 4965 nec
2935 4910 3109 4983 caepit
3154 4927 3304 4975 esse,
3339 4926 3444 4966 nec
3474 4912 3705 4967 desinet
3736 4928 3751 4968 :
3787 4913 3891 4968 sed

2242 5014 2418 5071 opera
2447 4999 2575 5069 ejus
2605 5000 2871 5069 quaedam
2901 4998 3241 5071 incipientia
3272 5004 3424 5056 certo
3456 5001 3571 5055 fine
3593 5017 3724 5056 esse
3743 5001 3893 5057 desi-

2243 5088 2585 5156 stunt,sicut
2599 5087 3308 5161 temporajettemporalia;
3324 5089 3592 5161 quaedam
3610 5089 3896 5163 incipien-

1668 5213 1985 5252 ΛῡΜΟΝΙΤΙΟ
2024 5213 2114 5252 PP.
2156 5212 2686 5252 BBNEDIC'I‘INOBUM.

548 5281 695 5349 Opus
724 5282 868 5333 istud
898 5288 1086 5349 contra
1102 5284 1483 5349 Adversarium
1519 5285 1668 5349 Legis
1689 5290 1740 5335 et
1769 5285 2149 5348 Prophetarum
2172 5286 2582 5345 recognovimus
2606 5285 2671 5334 ad
2703 5284 2992 5335 Gallicanos
3014 5287 3137 5335 Mss.
3163 5284 3432 5349 undecim,
3455 5286 3893 5349 Germanensem,

483 5342 877 5413 gorbeiensem,
898 5347 1305 5413 Bemigianum,
1354 5342 1707 5413 Michaelium,
1759 5342 2206 5413 Fiscamnensem,
2237 5342 2630 5413 Pratellensem,
2679 5349 3100 5413 gisterciensem,
3132 5342 3484 5409 Casalensem,
3512 5342 3889 5413 Sorbonicum,

485 5406 864 5473 Dolbertinum,
898 5406 1138 5473 Regium,
1165 5414 1215 5459 et
1243 5410 1306 5458 ad
1340 5424 1510 5461 unum
1539 5406 1851 5461 Vaticanum
1876 5425 1890 5473 ;
1923 5413 1990 5461 ad
2040 5406 2301 5462 editiOnes
2329 5412 2490 5461 etiam
2535 5406 2653 5462 Am.
2682 5411 2769 5461 Er.
2800 5416 2852 5462 et
2880 5413 3005 5462 Lov.
3033 5406 3095 5463 et
3115 5413 3180 5461 ad
3210 5406 3480 5462 variantes
3516 5412 3774 5464 lectiones
3802 5406 3890 5464 co:-

485 5467 665 5519 dicum
697 5467 1024 5535 Belgicorui'n
1052 5473 1195 5536 apud
1226 5474 1349 5523 Lov.

575 5568 1062 5650 Comparavimus
1086 5582 1376 5653 praterea
1403 5592 1500 5634 eas
1529 5592 1723 5635 omnes
1753 5572 2027 5635 editiones
2057 5573 2226 5634 initio
2256 5576 2424 5633 Retr.
2459 5581 2519 5634 et
2542 5573 2837 5645 Confess.,
2873 5582 2915 5647 t,
2953 5574 3011 5653 1,
3070 5584 3441 5637 memoratas.
3476 5575 3559 5636 M.

548 5683 620 5748 (a)
652 5682 843 5748 Scripti
870 5684 1077 5738 circiter
1107 5687 1313 5739 initium
1345 5689 1473 5739 anni
1504 5691 1614 5741 420.

2302 5691 2319 5757 ξ
2351 5688 2471 5741 Sola
2499 5688 2611 5741 fere
2656 5688 2817 5741 editio
2862 5690 2988 5741 Lov.
3022 5704 3035 5740 :
3069 5689 3253 5741 Omnes
3296 5689 3482 5757 Angeli
3507 5691 3690 5752 sancti,
3721 5693 3771 5744 et
3798 5690 3883 5743 ho-

2234 5750 2414 5803 mines.
