4094 6488
125 452 261 510 605

127 582 223 639 tia
267 584 713 656 permanebunt,
739 584 822 639 sic
863 588 928 639 ut
951 585 1077 655 ipsa
1110 591 1444 642 sanctorum
1478 586 1789 644 hominum

133 690 327 745 quam
354 673 683 745 percepturi
710 673 997 745 sunt,vita
1018 676 1422 739 eeterna.Quod
1448 676 1556 732 iste
1572 694 1684 732 non
1707 677 1790 733 vi-

134 762 252 831 dit,
280 766 379 835 qui
404 763 627 834 putavit
653 779 781 817 esse
801 762 1115 817 dicendum
1143 781 1209 819 ac
1232 765 1789 837 deﬁniendum,nul-

133 851 272 906 lum
297 870 423 907 esse
445 851 570 907 sine
601 852 711 906 ﬁne
733 852 1087 923 principium
1110 870 1121 907 :
1144 870 1248 908 nec
1276 854 1469 924 ipsum
1495 855 1681 925 potuit
1707 859 1790 909 at-

133 943 386 997 tendere
402 942 1153 1011 numerum,cujusinitium
1170 948 1258 997 est
1274 943 1344 997 ab
1365 948 1564 1007 uno,et
1586 945 1791 999 ﬁnisin

135 1030 548 1086 nullo.Nullus
563 1031 775 1101 quippe
791 1046 1072 1085 numerus
1088 1031 1411 1101 quamlibet
1426 1032 1793 1103 magnus,vel

134 1119 383 1189 dicitur,
408 1117 492 1175 vel
520 1120 567 1175 si
594 1119 703 1173 dici
723 1120 847 1189 jam
872 1136 987 1173 non
1014 1124 1227 1191 potest,
1246 1121 1655 1191 cogitatur,cui
1678 1138 1793 1176 non

132 1208 283 1263 addi
308 1208 491 1281 possit
510 1212 573 1263 ut
592 1209 778 1280 major
798 1208 965 1263 sit.Et
983 1212 1121 1279 puto
1144 1209 1298 1279 quod
1321 1208 1449 1278 iste,
1471 1209 1798 1281 quamlibet

131 1297 412 1354 haeresim
434 1297 541 1353 sub
566 1297 802 1353 nomine
815 1296 1029 1352 Christi
1053 1301 1245 1352 teneat
1259 1301 1462 1353 contra
1477 1298 1793 1369 Christum,

130 1388 321 1444 vitam
349 1387 457 1443 sibi
479 1386 766 1459 promittit
786 1386 844 1440 in
868 1385 1118 1457 Christo,
1139 1387 1340 1458 utique
1361 1387 1609 1457 beatam,
1627 1388 1797 1459 cujus

131 1482 287 1532 tunc
310 1477 658 1550 poteritesse
676 1475 1192 1548 principium,cum
1214 1476 1341 1530 vitae
1365 1475 1546 1547 hujus
1569 1476 1797 1533 miserae

134 1576 286 1631 ﬁnis
310 1574 498 1629 fuerit.
523 1574 892 1646 Respondeat
912 1573 1128 1645 itaque,
1154 1572 1322 1628 beata
1344 1571 1443 1628 illa
1473 1573 1798 1646 vita,quam

137 1682 263 1720 non
292 1669 465 1737 negat
494 1663 829 1720 habituram
851 1662 938 1718 vel
961 1662 1173 1718 habere
1197 1662 1573 1735 principium,
1599 1668 1796 1719 utrum

137 1754 444 1821 habitura,
480 1770 552 1809 an
585 1770 699 1809 non
732 1752 1003 1807 habitura
1035 1752 1111 1807 sit
1140 1751 1315 1807 finem
1337 1752 1364 1807 ?
1394 1753 1448 1806 Si
1468 1752 1676 1808 dixerit
1696 1753 1798 1809 ha-

138 1846 431 1909 bituram,
464 1843 753 1914 quomodo
788 1858 849 1897 se
879 1842 1117 1897 audebit
1148 1842 1337 1897 dicere
1369 1841 1800 1898 christianum?

138 1935 203 1990 Si
239 1934 450 1989 dixerit
481 1949 595 1988 non
628 1932 982 1996 habituram,
1017 1931 1116 1985 ubi
1149 1934 1236 1986 est
1269 1931 1423 2001 quod
1483 1948 1662 1987 ausus
1713 1935 1801 1986 est

139 2024 361 2092 dicere,
398 2022 626 2078 nullum
659 2037 785 2077 esse
817 2022 941 2076 sine
973 2020 1087 2075 fine
1120 2019 1515 2092 principium?

216 2111 457 2168 CAPUT
495 2111 589 2167 III.
624 2142 693 2152 --ο
715 2109 768 2167 4.
800 2110 1014 2174 Quaerit
1044 2110 1258 2165 etiam:
1304 2111 1367 2167 Si
1412 2110 1654 2166 mundus
1700 2112 1804 2166 iste

143 2202 353 2258 bonum
375 2200 590 2273 aliquid
609 2210 708 2262 est.
731 2216 830 2255 cur
844 2215 953 2256 non
975 2200 1109 2255 olim
1126 2215 1194 2254 ex
1214 2201 1269 2254 in
1280 2201 1380 2255 itz’o
1399 2200 1467 2255 ab
1488 2216 1549 2256 eo
1593 2202 1803 2270 factum

142 2291 402 2363 «Lquod
420 2290 617 2345 melius
631 2288 953 2362 fuit?Quasi
977 2305 1037 2343 se
1052 2288 1177 2360 ipso
1191 2288 1411 2361 aliquid
1430 2288 1639 2345 melius
1656 2294 1804 2347 Deus

148 2380 357 2437 fecerit
378 2379 663 2434 mundum
688 2396 701 2447 ;
736 2382 835 2433 aut
866 2378 992 2433 ideo
1024 2393 1137 2432 non
1162 2377 1429 2433 debuerit
1452 2378 1561 2434 hoc
1581 2378 1802 2434 bonum

150 2470 304 2537 ﬁeri,
330 2469 467 2541 quia
487 2484 601 2523 non
629 2471 719 2521 est
742 2465 963 2539 aequale
985 2465 1408 2529 facienti.Quod
1425 2470 1621 2523 autem
1646 2483 1801 2537 quae-

149 2560 251 2625 rit,
278 2576 381 2613 cur
406 2575 520 2613 non
553 2557 709 2612 istud
744 2555 874 2611 olim
904 2571 973 2610 ex
1003 2555 1166 2610 initio
1191 2555 1410 2611 factum
1433 2556 1536 2624 sit;
1564 2573 1802 2628 respon-

155 2664 297 2703 sum
317 2647 547 2717 habeat,
573 2652 693 2701 Imo
714 2661 848 2702 vero
875 2644 1013 2700 olim
1033 2660 1101 2698 ex
1126 2644 1292 2701 initio
1315 2644 1530 2700 factum
1574 2655 1658 2701 est
1690 2662 1701 2701 :
1734 2663 1804 2701 ex

156 2736 329 2792 initio
353 2737 549 2804 utique
572 2751 698 2801 suo,
725 2751 838 2790 non
865 2733 985 2799 Dei,
1012 2732 1103 2788 cui
1124 2733 1351 2788 nullum
1368 2738 1456 2788 est
1479 2734 1801 2791 initium.Si

156 2832 361 2881 autem
385 2824 740 2880 hocinitium
765 2822 1079 2896 signiﬁcari
1106 2822 1384 2894 potuit,eo
1407 2824 1557 2894 quod
1582 2823 1803 2880 dictum

156 2921 272 2984 est,
294 2917 354 2970 In
370 2916 654 2988 principio
672 2915 799 2985 fecit
821 2914 959 2968 Deus
981 2931 997 2967 :
1022 2913 1160 2983 quid
1187 2917 1276 2968 est
1298 2913 1452 2985 quod
1475 2912 1803 2969 calumnia-

152 3009 258 3060 tur
279 3004 435 3060 velut
461 3004 844 3075 interrogans,
874 3002 932 3056 in
961 3018 1075 3073 quo
1100 3001 1384 3074 principio
1408 3001 1637 3069 fecerit;
1668 3020 1801 3059 cum

152 3093 281 3166 ipse
307 3109 509 3148 rursus
534 3096 1009 3164 quaerat,curnon
1033 3091 1171 3145 olim
1191 3107 1256 3145 ex
1279 3090 1675 3148 initiofactum
1700 3093 1804 3148 sit?

146 3183 404 3239 Proinde
418 3200 526 3238 sua
542 3182 710 3237 verba
727 3180 810 3236 illi
835 3180 1167 3253 replicanda
1184 3181 1492 3236 sunt.Nam
1509 3182 1660 3236 sicut
1677 3182 1801 3253 ipse

149 3278 395 3346 propter
419 3273 474 3327 id
502 3271 656 3343 quod
679 3270 960 3342 scriptum
984 3274 1091 3337 est,
1111 3271 1171 3325 In
1198 3271 1475 3341 principio
1507 3272 1636 3341 fecit
1660 3272 1800 3327 Deus

147 3364 348 3419 caelum
369 3364 417 3416 et
441 3371 662 3426 terram,
686 3363 1165 3431 argumentarum
1188 3359 1419 3427 etdicit,
1438 3361 1497 3415 In
1518 3362 1799 3432 principio

150 3455 330 3524 igitur
348 3468 450 3525 quo
466 3454 491 3504 .9
518 3451 704 3522 ejusne
729 3464 832 3521 quo
854 3450 1004 3504 idem
1024 3449 1162 3503 Deus
1184 3464 1297 3504 esse
1316 3450 1492 3519 cmpit,
1516 3465 1589 3504 an
1626 3466 1696 3506 ea:
1738 3466 1798 3507 eo

148 3558 258 3615 quo
282 3542 442 3596 illum
463 3555 819 3596 essevacuum
840 3538 1074 3593 taeduit?
1098 3538 1179 3593 ita
1203 3542 1258 3592 et
1288 3555 1392 3593 nos
1437 3539 1504 3593 ad
1549 3538 1605 3594 id
1643 3541 1795 3611 quod

149 3632 253 3698 ait,
283 3630 394 3686 Cur
416 3645 520 3685 non
540 3627 688 3683 istud
716 3628 850 3683 olim
868 3644 940 3682 ex
972 3629 1133 3682 initio
1152 3628 1363 3698 factum
1385 3629 1460 3682 est
1490 3628 1556 3682 ab
1579 3644 1637 3684 eo
1658 3629 1685 3685 ἲ
1715 3645 1800 3685 re-

149 3721 572 3793 spondeamus,
593 3716 1011 3784 etdicamusei,
1034 3716 1798 3789 Exinitioigiturquo?ejus-

148 3826 223 3867 ne
247 3809 533 3882 quoidem
556 3808 710 3863 Deus
727 3824 855 3863 esse
880 3808 1069 3878 coepit,
1100 3823 1171 3861 an
1207 3823 1275 3861 ex
1314 3823 1427 3878 quo
1470 3806 1635 3863 illum
1668 3825 1795 3865 esse

146 3915 402 3955 vacuum
425 3898 627 3953 taeduit
645 3897 673 3951 ‘I
696 3896 811 3952 Hoc
831 3896 1045 3968 quippe
1069 3894 1151 3949 illi
1183 3894 1471 3967 displicet,
1498 3897 1650 3968 quod
1679 3914 1794 3954 non

145 3989 288 4045 olim
314 4004 382 4044 ex
404 3987 571 4042 initio
597 3988 743 4042 Deus
766 3985 962 4041 fecerit
985 3983 1217 4050 omium,
1236 4000 1369 4040 cum
1385 3986 1664 4054 dicit,Cur
1686 4003 1795 4043 non

144 4080 283 4136 olim
303 4095 373 4133 ex
387 4077 880 4147 initio?Tanquam
903 4092 970 4130 ex
992 4074 1088 4130 illo
1111 4074 1276 4129 initio
1300 4075 1485 4131 facere
1507 4076 1790 4146 debuerit,

144 4185 216 4225 ex
247 4183 366 4240 quo
393 4171 481 4223 est
508 4166 632 4237 ipse
662 4166 761 4238 qui
794 4164 943 4221 fecit.
978 4168 1091 4219 Cur
1120 4180 1233 4220 non
1266 4164 1359 4219 hic
1376 4164 1593 4233 timuit,
1616 4182 1687 4221 ne
1707 4166 1793 4221 di-

144 4259 356 4322 cendo,
390 4274 457 4313 ex
487 4255 653 4311 initio
681 4272 749 4311 ex
779 4271 891 4327 quo
919 4259 1006 4309 est
1033 4253 1157 4326 ipse
1190 4254 1365 4322 Deus,
1400 4270 1533 4309 eum
1558 4255 1793 4311 debuis-

147 4365 211 4403 se
236 4347 424 4401 iacere
453 4344 686 4415 ccelum,
718 4344 1005 4399 diceretur
1034 4343 1114 4398 ei:
1151 4343 1485 4416 Habetergo
1510 4348 1660 4400 Deus
1683 4344 1792 4399 ini-

145 4437 321 4503 tium,
357 4452 422 4491 ac
444 4451 543 4507 per
572 4434 682 4489 hoc
713 4433 1035 4489 secundum
1060 4433 1409 4487 sententiam
1428 4438 1590 4487 tuam
1619 4433 1794 4489 habe-

147 4526 233 4581 bit
261 4530 320 4579 et
353 4525 567 4591 finem;
600 4527 664 4579 tu
698 4522 854 4578 enim
887 4521 1101 4582 dixisti,
1136 4520 1366 4575 nullum
1398 4538 1526 4576 esse
1560 4521 1790 4578 initium

147 4614 275 4670 sine
307 4612 470 4667 fine?
502 4613 674 4668 Porro
716 4611 763 4667 si
795 4611 949 4667 Deus
978 4614 1134 4665 caret
1164 4609 1350 4678 initio,
1384 4611 1676 4682 quomodo
1708 4611 1792 4667 fa-

148 4709 303 4759 ceret
333 4701 547 4773 aliquid
582 4718 651 4757 ex
680 4700 848 4756 initio
879 4716 946 4755 ex
977 4715 1091 4772 quo
1124 4701 1280 4771 ipse‘
1309 4705 1432 4756 PAc
1456 4716 1557 4771 per
1588 4699 1695 4755 hoc
1723 4717 1793 4757 ex

146 4792 316 4848 initio
348 4791 482 4847 fecit
510 4789 608 4846 illo
639 4806 708 4846 ex
739 4806 854 4863 quo
886 4788 1039 4856 fecit,
1070 4788 1129 4843 id
1160 4792 1267 4859 est,
1291 4805 1358 4844 ex
1374 4805 1487 4861 quo
1511 4789 1790 4861 cespites-

146 4900 208 4939 se
233 4882 389 4954 quod
423 4881 577 4936 fecit.
611 4883 728 4935 Aut
758 4896 894 4952 ergo
917 4880 1060 4935 deus
1079 4879 1338 4950 ipsorum
1360 4877 1505 4933 nihil
1531 4878 1667 4934 boni
1691 4896 1792 4934 un-

145 4987 328 5045 quam
359 4970 495 5026 fecit
522 4986 534 5024 :
571 4974 671 5025 aut
690 4969 1012 5024 secundum
1033 4967 1235 5037 istum,
1258 4967 1670 5039 quodcumque
1693 4968 1790 5023 bo-

142 5064 203 5117 ni
238 5060 391 5128 fecit,
426 5076 494 5115 ex
522 5057 621 5114 illo
643 5057 809 5113 initio
829 5056 962 5113 fecit
980 5073 1049 5112 ex
1069 5073 1181 5127 quo
1205 5056 1326 5127 ipse
1345 5062 1433 5112 est
1456 5074 1469 5124 ;
1493 5062 1548 5112 et
1570 5056 1787 5113 baben-

140 5150 185 5205 ti
214 5149 474 5215 initium,
510 5148 863 5204 metuendus
893 5151 981 5203 est
1012 5145 1144 5201 ﬁnis
1171 5162 1183 5201 :
1219 5149 1321 5201 aut
1342 5150 1553 5201 sanctae
1594 5146 1787 5219 Scrip-

140 5244 285 5296 tura
310 5238 503 5295 verbis
534 5238 705 5293 debet
733 5236 1120 5308 acquiescere,
1154 5239 1210 5291 et
1231 5234 1556 5307 intelligere
1582 5239 1782 5305 Deum,

140 5330 241 5403 qui
273 5346 344 5385 ex
374 5325 537 5384 nullo
570 5328 743 5399 ccepit
772 5342 899 5382 esse
926 5324 1235 5398 principio,
1267 5324 1474 5379 fecisse
1493 5324 1701 5380 omium
1723 5324 1781 5381 in

139 5418 449 5492 principio.
482 5416 569 5473 vel
604 5434 672 5471 ex
726 5432 838 5487 quo
896 5414 1107 5473 cmlum
1166 5430 1292 5470 esse
1352 5414 1546 5485 ccepit,
1587 5413 1673 5469 vel
1723 5414 1783 5470 in

138 5508 315 5577 Filio;
350 5508 454 5581 qui
483 5504 704 5563 Judaais
733 5503 1249 5578 interrogantibus,
1284 5504 1600 5577 quisesset,
1624 5503 1787 5577 prin-

140 5598 360 5670 cipium
395 5614 456 5653 se
488 5612 616 5653 esse
648 5594 949 5667 respondit
977 5596 1153 5668 (Joan.
1186 5610 1309 5665 VIII,
1340 5593 1453 5665 25).

201 5778 217 5812 ί
235 5775 407 5892 Edita
431 5788 496 5825 α
514 5787 613 5839 quo
630 5772 737 5837 ipse
756 5785 858 5823 non
886 5774 976 5821 est.
1008 5772 1076 5822 At
1095 5770 1218 5821 Mss.
1250 5769 1531 5823 carenthic
1551 5774 1781 5835 negante

201 5854 231 5891 ι·
275 5852 343 5891 cu
368 5851 418 5891 α.

137 5851 418 5904 particula.

476 450 787 511 CONTRA
828 450 1165 514 ADVERS.
1210 454 1383 514 LEG.
1430 457 1528 515 ET
1575 457 1989 532 PROPHET.,
2034 460 2097 520 S.
2145 463 2571 527 AUGUSTINI
2617 468 2853 529 LIBER.
2896 468 3214 532 PRIMUS.

3431 474 3549 532 606

1983 592 2165 648 5.Nisi
2187 595 2331 650 forte
2353 596 2617 653 dicturus
2639 603 2749 667 est,
2770 600 2927 655 aliud
2952 601 3208 673 initium,
3233 601 3390 658 aliud
3414 621 3547 661 vero

1914 698 2041 737 esse
2068 683 2441 756 principium.
2466 687 2524 742 Si
2546 703 2681 760 ergo
2704 689 2786 744 ita
2806 694 2958 745 esset
2978 691 3356 764 scriptum.ln
3381 692 3545 751 initio

1916 770 2215 828 fecitDeus
2230 773 2435 830 omium
2455 780 2512 831 et
2524 780 2759 844 terram;
2786 778 2928 834 nihil
2943 786 3141 836 contra
3160 781 3266 837 hoc
3291 781 3401 838 iste
3429 800 3555 839 mo-

1914 865 2167 927 veretur,
2201 863 2297 933 qui
2331 864 2493 919 dixit:
2520 865 2629 919 Cur
2648 882 2755 920 non
2779 868 2911 921 olim
2934 885 3003 923 ea:
3033 872 3191 925 initio
3211 876 3422 942 factum
3444 881 3521 927 est
3537 876 3562 927 .9

1916 950 2389 1021 quandoquidem
2416 951 2650 1023 legeret,
2676 954 2733 1007 in
2761 954 2923 1010 initio
2948 956 3081 1010 fecit
3103 956 3256 1012 Deus
3281 976 3293 1023 ;
3313 975 3427 1013 non
3448 959 3563 1014 exi-

1916 1038 2162 1093 stimans
2182 1039 2507 1111 impium,si
2530 1042 2963 1097 credaturDeus
2983 1044 3556 1115 haberiinitium,sed

1918 1143 2033 1182 non
2065 1127 2277 1185 habere
2310 1130 2690 1202 principium.
2726 1133 2886 1197 Ουυά
2920 1132 2969 1188 si
2990 1133 3070 1188 ita
3091 1139 3199 1205 est,
3220 1137 3561 1192 emendetur

1916 1215 2025 1272 hoc
2048 1221 2280 1273 auctore
2301 1218 2807 1291 Evangelium,ubi
2828 1220 3110 1293 scriptum
3134 1228 3241 1280 est:
3264 1225 3324 1279 In
3344 1226 3561 1296 princi-

1917 1306 2009 1374 pio
2030 1314 2147 1361 erat
2180 1308 2433 1364 Verbum.
2456 1309 2569 1362 Cur
2597 1309 2753 1363 enim
2790 1326 2901 1365 non
2934 1311 3108 1367 etiam
3140 1312 3233 1368 hic
3259 1312 3369 1369 iste
3385 1314 3559 1370 dicat.

1918 1394 1981 1451 In
2010 1395 2297 1468 principio
2328 1396 2506 1469 igitur
2531 1398 2690 1469 quo?
2721 1399 2925 1469 ejusne
2957 1416 3072 1472 quo
3105 1401 3257 1457 idem
3302 1402 3563 1460 Verbum

1919 1499 2046 1539 esse
2069 1484 2275 1554 coepit?
2296 1486 2365 1540 Et
2397 1486 2535 1557 quia
2556 1486 2710 1543 Deus
2730 1493 2852 1543 erat
2871 1488 3146 1557 Verbum,
3172 1494 3366 1562 potest
3386 1492 3564 1548 etiam

1920 1572 2004 1628 sic
2034 1572 2246 1643 dicere,
2278 1576 2770 1645 quemadmodum
2793 1577 2851 1632 in
2875 1576 2985 1633 hoc
3007 1577 3156 1634 libro
3177 1578 3564 1651 dixitzEjusne

1921 1678 2035 1733 quo
2066 1662 2220 1718 idem
2254 1668 2399 1718 Deus
2431 1680 2558 1719 esse
2588 1665 2805 1737 coepit?
2862 1666 3019 1722 Dicat
3078 1668 3191 1734 hic,
3245 1668 3293 1724 si
3353 1669 3560 1742 placet,

1921 1752 2101 1807 etiam
2120 1751 2282 1806 illam
2303 1753 2659 1808 definitivam
2685 1771 2875 1823 suam,
2896 1756 2995 1812 ubi
3016 1756 3558 1831 auditanrincz'pio

1920 1849 2038 1897 erat
2062 1842 2326 1897 Verbum:
2351 1841 2508 1896 dicat
2529 1842 2703 1898 etiam
2726 1843 2841 1912 hic,
2894 1845 2944 1900 si
2992 1847 3185 1915 audet,
3214 1846 3444 1903 Nullum
3480 1852 3561 1905 est

1919 1932 2256 2002 principium
2274 1931 2394 1986 sine
2422 1932 2531 2001 ﬁne
2554 1948 2567 1999 ;
2592 1937 2656 1985 ut
2688 1933 2759 1987 ab
2790 1933 2934 2004 ipsis
2972 1933 3146 1990 etiam
3198 1936 3555 2009 Manichteis,

1924 2019 2023 2092 qui
2054 2036 2188 2075 eum
2221 2020 2487 2087 fortasse,
2508 2020 2967 2093 quiainimicum
2990 2023 3124 2095 Legi
3149 2024 3562 2098 Prophetisque

1922 2108 2242 2181 reperiunt,
2273 2108 2661 2166 libentissime
2689 2108 2912 2183 legunt,
2942 2112 3237 2182 judicetur
3294 2116 3560 2172 insanus.

1923 2197 2069 2263 Quia
2097 2215 2231 2255 vero
2262 2198 2531 2271 displicet
2562 2199 2611 2255 ei
2647 2199 2802 2256 Deus
2834 2202 2933 2273 qui
2968 2201 3102 2258 fecit
3132 2204 3442 2270 mundum,
3463 2221 3568 2260 cur

1925 2305 2039 2344 non
2074 2287 2341 2360 displicet
2370 2305 2472 2361 per
2500 2305 2676 2361 quem
2730 2290 2921 2346 factus
2985 2296 3073 2346 est
3131 2293 3439 2349 mundus?
3486 2298 3562 2351 De

1925 2376 2152 2433 Christo
2184 2376 2339 2432 enim
2370 2378 2655 2450 scriptum
2686 2383 2811 2435 est:
2849 2380 2909 2435 In
2946 2379 3045 2435 hoc
3086 2380 3289 2437 mundo
3335 2389 3471 2453 eral,
3512 2392 3567 2440 et

1924 2466 2160 2522 mundus
2184 2484 2290 2538 per
2316 2484 2442 2523 eum
2470 2467 2652 2542 factus
2677 2476 2754 2523 est
2780 2470 2964 2540 (Joan.
3006 2486 3043 2537 ι,
3082 2470 3133 2539 1,
3167 2470 3277 2542 40).

1998 2554 2225 2611 CAPUT
2265 2555 2356 2610 IV.
2388 2556 2527 2610 —6.
2562 2555 2850 2629 lntelligat
2874 2555 3076 2628 utique
3098 2558 3115 2592 ¹
3165 2557 3348 2613 Deum
3382 2558 3570 2617 facere

1928 2644 2081 2699 bona
2100 2644 2471 2716 posse,bunis
2493 2649 2687 2700 autem
2711 2662 2743 2699 a
2766 2662 2826 2701 se
2846 2645 3013 2701 factis
3034 2661 3202 2719 egere
3223 2663 3338 2702 non
3357 2664 3560 2720 posse:

1928 2734 2081 2787 unde
2113 2748 2217 2787 nec
2248 2733 2528 2788 faciendis
2559 2733 2740 2804 eguit,
2773 2733 2871 2806 qui
2905 2734 3074 2790 factis
3104 2752 3218 2790 non
3251 2742 3396 2808 eget.
3450 2736 3563 2794 Sed

1927 2838 2158 2877 summe
2186 2822 2377 2878 bonus
2408 2822 2542 2877 fecit
2563 2823 2778 2893 omnia,
2795 2823 2905 2879 sibi
2929 2824 3164 2895 quidem
3190 2825 3563 2896 imparia,sed

1926 2915 2119 2968 tamen
2137 2911 2534 2968 bona.Bonum
2556 2912 2772 2985 quippe
2784 2912 2957 2968 etiam
2983 2930 3094 2969 non
3112 2916 3560 2980 summum,imo

1923 3018 2056 3057 vero
2079 3002 2255 3057 etiam
2271 3002 2677 3066 inﬁmum,nisi
2696 3019 2974 3058 asummo
2990 3005 3136 3059 bono
3151 3020 3277 3060 esse
3295 3022 3408 3060 non
3429 3022 3561 3077 pos-

1926 3094 2033 3145 set.
2065 3090 2250 3145 Nimis
2279 3096 2471 3145 autem
2505 3092 2575 3147 de
2605 3091 2719 3146 Deo
2742 3090 2893 3147 male
2915 3091 3112 3159 sentit,
3137 3093 3236 3164 qui
3259 3098 3564 3166 propterea

1922 3178 2140 3234 bonum
2174 3196 2300 3235 esse
2325 3180 2542 3252 aliquid
2569 3180 2907 3253 negat,quia
2926 3181 3143 3252 mquale
3165 3182 3279 3237 Deo
3295 3200 3407 3238 non
3432 3199 3559 3239 esse

1924 3268 2238 3341 cognoscit.
2268 3274 2355 3323 Ita
2375 3270 2529 3325 enim
2562 3286 2676 3325 non
2699 3269 2923 3325 eritille
2946 3287 3266 3340 summum,
3298 3272 3398 3328 sed
3432 3272 3562 3327 inﬂ-

1922 3374 2085 3413 mum
2111 3359 2351 3425 bonum,
2378 3359 2426 3413 si
2447 3359 2730 3432 quidquid
2754 3377 2819 3415 eo
2842 3360 3040 3415 minus
3062 3362 3311 3432 est,jam
3337 3378 3449 3417 non
3474 3366 3563 3418 est

1921 3447 2161 3503 bonum.
2190 3447 2363 3503 Porro
2386 3448 2507 3503 siin
2532 3449 2706 3503 rebus
2731 3466 2876 3520 quas
2890 3450 3170 3516 condidit,
3193 3466 3260 3505 ea
3280 3467 3407 3523 quze
3424 3454 3564 3506 sunt

1920 3538 2109 3610 prima
2130 3538 2282 3591 bona
2308 3536 2472 3593 valde
2503 3541 2641 3592 sunt
2671 3537 2919 3609 imparia
2946 3539 3262 3608 Conditori,
3298 3539 3434 3610 quia
3460 3538 3559 3596 ille

1919 3626 2072 3693 fecit,
2098 3626 2218 3681 haec
2248 3627 2399 3681 facta
2430 3630 2600 3694 sunt;
2626 3628 2881 3699 profecto
2904 3628 3001 3700 qui
3026 3628 3241 3683 talibus
3265 3644 3379 3683 non
3403 3621 3567 3701 eguit

1920 3716 1991 3770 ad
2007 3717 2332 3787 augendam
2356 3714 2776 3771 beatitudinem
2800 3720 3183 3784 suam,mu|to
3206 3718 3367 3773 minu
3386 3719 3559 3773 sini'e-

1916 3805 2170 3859 rioribus
2193 3810 2363 3877 atque
2378 3806 2613 3860 omnino
2628 3805 2727 3860 inii
2740 3806 2844 3861 mis
2858 3808 3088 3878 eguisse
3102 3808 3427 3862 credendus
3444 3812 3552 3862 est.

1917 3896 2051 3960 Quae
2069 3902 2256 3949 tamen
2272 3894 2405 3949 fecit
2419 3900 2699 3966 tanquam
2714 3896 2932 3951 bonoru
2946 3913 2998 3950 m
3014 3896 3275 3951 omnium
3292 3899 3565 3957 constitu-

1915 3986 2027 4039 tor.
2058 3983 2203 4039 Nam
2227 3985 2503 4039 Dominus
2522 3984 2744 4055 Jesus’,
2766 4002 2868 4056 per
2889 4002 3063 4057 quem
3084 3987 3269 4041 factus
3287 3992 3558 4045 estmun-

1917 4075 2048 4139 dus,
2083 4090 2195 4129 non
2230 4073 2354 4129 sola
2382 4074 2657 4139 coelestia,
2683 4075 2783 4129 sed
2806 4076 2983 4130 etiam
3006 4076 3559 4144 terrestria,eorum-

1916 4179 2025 4234 que
2046 4163 2405 4219 terrestrium
2432 4180 2557 4236 quae
2583 4163 2855 4219 videntur
2869 4165 3096 4237 exigua,
3121 4165 3302 4221 Deum
3328 4184 3555 4223 creasse

1915 4258 1971 4308 et
2001 4270 2195 4308 creare
2214 4253 2294 4308 sic
2325 4252 2565 4318 indicat,
2600 4269 2732 4307 cum
2765 4253 2941 4308 dicit:
2979 4254 3039 4308 Si
3058 4270 3183 4324 ergo
3203 4256 3390 4325 fenum
3424 4259 3554 4326 agri

1914 4342 2054 4414 quod
2072 4341 2228 4396 hodie
2246 4345 2341 4411 est,
2364 4349 2417 4397 et
2437 4359 2557 4398 cras
2582 4345 2638 4397 in
2672 4343 2920 4397 libanum
2964 4344 3232 4413 mittitur,
3280 4347 3428 4399 Deus
3473 4347 3553 4401 sic

1914 4433 2104 4493 vestit;
2135 4439 2335 4502 quanto
2356 4434 2531 4503 magis
2554 4449 2640 4488 vos
2663 4432 2881 4488 modicae
2902 4430 3030 4502 ﬁdei
3057 4432 3264 4505 (Matth.
3301 4449 3373 4502 vn,
3407 4434 3498 4502 39)
3522 4435 3550 4490 ?

1914 4520 2078 4576 Unus
2108 4538 2243 4593 ergo
2276 4524 2451 4592 atque
2485 4522 2636 4576 idem
2665 4522 2814 4577 Deus
2844 4525 2934 4577 est
2965 4522 3264 4577 institutor
3319 4522 3445 4577 coeli
3495 4528 3552 4579 et

1914 4614 2099 4681 terrae,
2133 4610 2432 4666 stellarum
2457 4615 2512 4665 et
2542 4611 2876 4681 herbarum,
2910 4610 3197 4683 quidquid
3258 4627 3554 4683 mensura,

1914 4700 2121 4769 forma,
2144 4700 2345 4755 ordine
2368 4690 2472 4755 suo
2497 4705 2725 4756 constat
2747 4701 2803 4756 in
2828 4708 2969 4755 ccelo
2987 4700 3120 4755 etin
3173 4705 3347 4766 terra,
3388 4701 3555 4773 quid-

1914 4789 2055 4861 quid
2080 4788 2220 4843 vivit
2240 4789 2297 4843 in
2321 4788 2462 4844 ccelo
2484 4792 2539 4844 et
2558 4789 2616 4843 in
2640 4789 3106 4861 terra,quidquid
3132 4790 3309 4845 sentit
3330 4789 3387 4843 in
3412 4789 3554 4845 coelo

1912 4882 1968 4933 et
1997 4876 2053 4931 in
2086 4882 2259 4943 terra,
2295 4878 2581 4949 quidquid
2615 4878 2888 4951 intelligit
2918 4878 2976 4933 in
3009 4878 3150 4933 cmlo
3182 4882 3238 4933 et
3285 4879 3341 4933 in
3376 4884 3552 4935 terra.

1912 4968 2046 5034 Quae
2069 4983 2183 5022 non
2207 4966 2397 5021 solum
2422 4965 2502 5021 illi
2536 4984 2569 5022 a
2590 4984 2704 5039 quo
2728 4976 2864 5023 sunt
2885 4968 3135 5037 condita,
3159 4968 3257 5022 sed
3274 4983 3377 5022 nec
3399 4968 3554 5024 inter

1912 5072 1974 5112 se
1992 5072 2119 5111 esse
2141 5056 2442 5127 oportebat
2462 5056 2707 5128 aequalia
2727 5074 2739 5112 :
2764 5061 2821 5111 et
2843 5056 2967 5111 ideo
2992 5060 3129 5110 sunt
3150 5056 3547 5113 omnia3.Nam

1911 5146 1961 5200 si
1992 5151 2188 5200 essent
2216 5144 2482 5217 aqualia,
2518 5162 2701 5200 unum
2733 5161 2917 5217 genus
2948 5144 3229 5199 bonorum
3255 5148 3553 5209 esset,non

1910 5233 2127 5290 omnia.
2152 5234 2317 5289 Nunc
2348 5252 2479 5291 vero
2510 5235 2639 5291 ideo
2670 5238 2809 5289 sunt
2839 5232 3036 5288 omnia
3057 5234 3228 5305 bona,
3253 5233 3389 5305 quia
3413 5240 3553 5292 sunt
3598 5225 3606 5231 ’

1910 5323 2039 5380 aliis
2066 5322 2180 5379 alia
2203 5323 2462 5395 meliora,
2487 5328 2542 5378 et
2564 5321 3145 5379 bonitasinferiorum
3162 5323 3323 5377 addit
3340 5322 3555 5378 ‘laudi-

1909 5413 2021 5469 bus
2041 5413 2500 5469 meliorumzetin
2515 5429 2706 5468 rerum
2723 5413 3007 5467 bonarum
3021 5410 3556 5485 inaequalitateipsa

1974 5648 1989 5682 ι
2019 5645 2106 5695 Sic
2135 5644 2257 5694 Mss.
2287 5644 2423 5694 Editi
2452 5656 2607 5707 vero,
2632 5640 2886 5707 inteljzgat
2907 5641 3099 5707 itaque.

1971 5709 1994 5745 ³
2022 5709 2080 5757 In
2112 5707 2261 5756 Msa:
2288 5707 2423 5771 Nam
2457 5706 2706 5771 Dominus
2733 5705 2863 5756 Deus
2890 5705 3186 5771 per—quem.

1969 5772 1991 5807 ³
2019 5770 2191 5820 Editio
2220 5771 2343 5819 Lov.
2375 5770 2458 5818 hic
2488 5767 2650 5829 addit,
2685 5767 2833 5821 bona.
2867 5767 3159 5829 superﬂuo.

1969 5836 1990 5872 ι
2017 5832 2102 5885 Sic
2130 5833 2364 5897 potiores
2392 5832 2517 5884 Mn.
2545 5832 2614 5884 At
2644 5831 2794 5898 Lov.,
2824 5831 3060 5884 additur.
