4094 6532
81 489 183 554 613

80 617 623 679 vasamisericordite
645 617 816 688 (Rom.
842 633 918 682 1x,
939 616 1156 686 20-23),
1173 619 1230 671 et
1251 615 1446 672 studio
1467 632 1704 687 respon-

83 709 236 768 dendi
262 707 667 780 pestilentibus
692 705 1038 776 maledictis,
1064 705 1377 761 adhibeant
1398 722 1597 761 curam
1622 721 1712 760 sa-

87 799 334 857 lubribus
374 796 570 852 dictis.
604 800 744 850 Ecce
773 795 928 850 enim
961 796 1019 850 in
1050 812 1115 850 eo
1147 795 1299 867 quod
1343 793 1712 867 reprehendit

85 893 185 946 iste
212 886 468 944 hominis
490 885 879 952 Conditorem,
901 886 1040 957 quia
1069 885 1426 957 prohibuerit
1453 901 1588 940 eum
1613 899 1711 937 su-

90 995 228 1036 mere
248 978 444 1033 cibum
477 975 888 1048 dignoscentize
921 975 1055 1030 boni
1088 979 1144 1030 et
1168 974 1304 1029 mali
1335 974 1573 1046 (6671.11,
1602 971 1711 1055 17),

86 1080 350 1145 tanquam
379 1087 506 1127 eam
547 1069 852 1141 pecoribus
875 1087 1072 1141 parem
1115 1086 1239 1125 esse
1268 1068 1548 1123 voluisset
1581 1082 1712 1121 nes-

87 1163 357 1221 cientibus
373 1162 484 1217 ista
507 1159 1040 1228 discernere,ethoc
1052 1160 1100 1216 ei
1122 1162 1391 1231 negasset
1407 1159 1498 1214 cui
1515 1161 1713 1230 potes-

86 1258 248 1309 tatem
293 1250 551 1306 dedisset
593 1249 649 1303 in
685 1249 923 1315 bestias,
954 1265 1066 1319 quo
1098 1247 1221 1304 solo
1274 1247 1446 1302 homo
1476 1247 1715 1316 superat

87 1344 326 1407 bestias;
360 1358 536 1413 quam
570 1340 966 1396 necessarium
998 1343 1086 1394 est
1114 1339 1244 1394 vitae
1276 1339 1420 1393 bene
1454 1337 1712 1408 agendae,

87 1438 225 1509 quod
257 1433 540 1490 discimus
564 1437 578 1470 ¹
607 1433 769 1504 quaed
782 1449 874 1487 am
896 1431 1204 1486 infeliciter
1223 1431 1392 1494 disci,
1418 1433 1475 1483 et
1497 1427 1717 1482 felicius

87 1522 352 1580 nonnulla
372 1521 626 1577 nesciri?
652 1521 884 1576 Morbos
904 1521 1060 1575 enim
1079 1524 1136 1574 et
1153 1518 1378 1574 dolores
1393 1522 1611 1588 quanto
1637 1517 1714 1571 fe-

87 1613 242 1669 licius
257 1609 648 1666 nesciremus?
665 1609 724 1664 Si
742 1625 877 1680 ergo
896 1608 1158 1663 medicus
1177 1624 1281 1662 nos
1295 1607 1364 1662 ab
1381 1605 1574 1676 aliquo
1588 1603 1716 1658 cibo

89 1702 425 1776 prohiberet,
450 1718 566 1772 quo
597 1705 828 1772 accepto
850 1703 1232 1773 aegrotaturos
1253 1715 1379 1753 esse
1404 1697 1716 1769 praasciret,

90 1799 139 1849 et
153 1793 220 1848 ob
237 1791 346 1846 hoc
363 1789 961 1862 appellareteumdem
979 1787 1171 1842 cibum
1197 1786 1604 1859 dignoscentia:
1623 1801 1720 1839 sa-

91 1881 277 1938 nitatis
301 1878 882 1949 etimbecillilatis,eo
897 1878 1046 1948 quod
1067 1877 1374 1949 peripsum
1397 1876 1568 1930 homo
1585 1889 1720 1928 cum

92 1975 359 2044 aegrotare
391 1968 682 2040 ccepisset,
707 1967 1050 2039 experiendo
1074 1968 1436 2036 dignosceret
1467 1963 1603 2035 quid
1633 1962 1723 2016 in-

89 2068 316 2118 teresset
331 2061 483 2116 inter
494 2063 846 2116 contractam
871 2058 1085 2113 malam
1107 2056 1496 2113 valetudinem
1520 2059 1575 2110 et
1597 2070 1723 2126 per-

93 2154 262 2210 ditam
282 2157 594 2209 sanitatem
621 2153 640 2186 9
663 2169 675 2219 ;
696 2152 848 2223 quod
866 2151 1067 2222 utique
1082 2149 1294 2204 melius
1318 2148 1727 2220 ignorasset,et

91 2241 253 2297 inilla
265 2257 443 2312 quam
467 2239 720 2312 perdidit
733 2238 982 2294 sanitate
1005 2235 1588 2304 mansisset,credens
1606 2248 1726 2286 me-

94 2332 212 2387 dico
240 2347 340 2402 per
363 2328 778 2396 obedientiam,
797 2344 912 2382 non
931 2327 1130 2382 morbo
1150 2342 1252 2398 per
1273 2322 1689 2396 experientiam
1712 2339 1725 2378 :

94 2420 374 2492 numquid
407 2418 583 2474 talem
618 2419 906 2473 medicum
931 2416 1210 2470 invidisse
1241 2413 1408 2470 nobis
1440 2410 1731 2483 ejusmodi

96 2510 394 2566 scientiam
413 2509 737 2564 diceremus
755 2506 783 2561 ‘l
811 2506 951 2570 Quis
972 2505 1198 2560 dubitet
1215 2502 1434 2559 malum
1453 2519 1579 2558 esse
1601 2517 1736 2573 pec-

98 2605 283 2656 catum
308 2599 336 2653 ?
370 2599 440 2653 Et
468 2603 662 2653 tamen
694 2613 825 2652 cum
855 2595 1024 2650 laude
1047 2595 1268 2650 dictum
1292 2597 1380 2649 est
1399 2594 1469 2648 de
1496 2590 1734 2646 Domino

99 2691 226 2745 Jesu
245 2688 643 2759 Christo,quia
658 2702 768 2741 non
788 2689 1014 2741 noverat
1025 2692 1308 2756 peccatum
1327 2683 1396 2751 (ll
1420 2681 1600 2745 Cor.v,
1620 2679 1734 2750 21).

103 2779 220 2833 Non
241 2794 377 2850 ergo
398 2782 631 2832 noverat
652 2776 758 2832 hoc
777 2775 1021 2842 malum,
1041 2779 1213 2844 atque
1231 2773 1384 2827 idem
1407 2770 1569 2825 illam
1584 2769 1740 2824 unde

103 2868 280 2922 Adam
298 2866 626 2938 prohibitus
649 2865 897 2932 est,boni
914 2863 1116 2919 etmali
1142 2859 1602 2935 dignoscentiam
1623 2874 1739 2912 non

103 2956 371 3012 habebat.
400 2956 498 3010 Hic
520 2955 568 3010 si
593 2959 908 3027 quaeratur,
932 2953 1231 3019 Quomodo
1255 2951 1407 3024 quod
1433 2967 1545 3004 non
1570 2965 1740 3004 nove-

101 3051 185 3100 rat
214 3045 546 3116 arguebat?
585 3061 772 3116 neque
801 3043 955 3098 enim
987 3046 1224 3114 peccata
1264 3057 1378 3096 non
1413 3039 1692 3111 arguebat
1725 3054 1740 3094 :

102 3134 297 3190 Omnia
327 3139 512 3190 autem
534 3150 652 3204 quae
675 3136 1005 3204 arguuntur,
1030 3132 1182 3187 sicut
1197 3129 1336 3184 dicit
1353 3126 1684 3200 Apostolus,
1708 3143 1742 3181 a

97 3224 305 3280 lumine
332 3225 763 3292 mani/estantur
782 3223 996 3294 (Ephes.
1014 3238 1070 3286 v,
1094 3220 1181 3290 13)
1208 3237 1220 3275 :
1249 3218 1540 3291 quomodo
1565 3217 1744 3288 igitur

96 3331 126 3368 a
143 3330 257 3385 quo
276 3312 696 3386 arguebantur,
710 3311 1130 3384 ignorabantur
1147 3309 1174 3364 ?
1198 3308 1397 3364 Nonne
1420 3306 1742 3362 rectissime

96 3402 566 3475 respondebitur,
583 3406 636 3457 et
659 3404 913 3466 noverat,
945 3404 1002 3455 et
1032 3416 1146 3454 non
1165 3397 1444 3453 noverat?
1467 3394 1740 3451 Rectissi-

96 3508 184 3546 me
204 3491 478 3547 omnino:
506 3493 741 3546 noverat
762 3490 918 3546 enim
941 3505 1043 3561 per
1066 3487 1554 3559 sapientiam,non
1578 3499 1745 3540 nove-

93 3587 179 3636 rat
212 3597 315 3652 per
339 3579 782 3651 experientiam.
808 3577 954 3634 Huic
985 3578 1181 3650 itaque
1212 3577 1418 3632 divina:
1442 3573 1741 3646 sapientiai

95 3671 324 3726 credere
347 3668 554 3726 debuit
573 3667 779 3734 Adam,
803 3669 869 3721 ut
897 3667 970 3722 ab
993 3665 1093 3720 illa
1115 3664 1251 3720 mali
1277 3663 1519 3719 scientia
1540 3679 1662 3733 quae
1682 3661 1747 3714 fit

94 3773 194 3830 per
209 3774 274 3814 ex
287 3755 950 3830 perientiam,praacepto
963 3752 1062 3808 Dei
1084 3751 1743 3820 obedienstemperaret.

95 3847 186 3902 Sic
216 3847 378 3901 enim
402 3844 622 3900 malum
644 3841 1070 3907 nescisset,nisi
1097 3841 1346 3897 fecisset.
1373 3840 1526 3895 Fecit
1551 3843 1745 3894 autem

96 3936 228 4002 sibi,
254 3953 372 3992 non
400 3935 537 3990 Deo.
562 3932 714 3989 Nihil
737 3932 892 3988 enim
917 3932 1100 3986 facere
1133 3929 1321 4002 potuit
1339 3927 1636 3984 voluntate
1657 3927 1746 3981 in-

95 4025 466 4094 obedientize,
500 4023 613 4078 nisi
665 4023 818 4094 quod
852 4023 975 4092 ipse
1009 4024 1302 4092 pateretur
1331 4018 1456 4090 lege
1480 4017 1747 4088 justitiaa.

99 4115 222 4171 llazc
252 4119 344 4170 est
385 4129 642 4183 namque
671 4128 841 4183 paena
871 4108 1224 4165 inobedienti
1271 4106 1492 4162 homini
1524 4105 1751 4160 reddita

94 4205 145 4258 in
179 4203 529 4274 semetipso,
555 4206 620 4256 ut
650 4201 699 4257 ei
719 4200 979 4255 vicissim
1011 4215 1125 4253 non
1149 4197 1455 4253 obediatur
1476 4211 1628 4250 neca
1661 4210 1750 4248 se-

93 4293 371 4366 metipso.
413 4298 488 4346 De
521 4307 635 4362 qua
666 4305 725 4345 re
774 4288 1014 4344 uberius
1045 4287 1102 4341 in
1135 4285 1286 4349 aliis,
1320 4290 1379 4340 et
1410 4285 1658 4340 maxime
1689 4281 1751 4337 in

91 4388 302 4452 quarto
327 4381 557 4436 decimo
580 4379 725 4434 libro
748 4379 818 4434 de
840 4377 1082 4434 Civitate
1108 4375 1203 4430 Dei
1227 4373 1678 4446 disputavimus.

163 4473 250 4526 19.
286 4472 466 4526 Nunc
499 4475 694 4525 autem
719 4467 967 4524 breviter
996 4464 1396 4538 responderim
1429 4463 1497 4518 ad
1519 4462 1575 4517 id
1600 4463 1754 4533 quod

92 4562 171 4616 ait
205 4562 343 4628 iste,
372 4558 635 4614 hominis
662 4556 1058 4612 institutorem
1089 4569 1350 4625 amaguo
1381 4553 1531 4607 bono
1557 4549 1754 4621 prohi-

96 4651 297 4705 buisse
331 4665 513 4721 quem
541 4648 773 4713 fecerat,
795 4646 934 4700 dum
967 4660 1101 4700 eum
1135 4642 1325 4715 pecori
1355 4639 1608 4697 similem
1632 4639 1756 4695 sine

93 4738 516 4810 dignoscentia
546 4736 683 4792 boni
713 4739 769 4790 et
799 4733 938 4789 mali
969 4749 1097 4788 esse
1127 4731 1424 4787 voluisset.
1453 4733 1579 4783 Haec
1602 4727 1758 4784 enim

96 4827 518 4901 dignoscentia
550 4843 660 4880 non
694 4829 781 4880 est
828 4823 978 4879 beati
1011 4821 1262 4877 hominis
1313 4819 1622 4892 sapientia,
1659 4818 1759 4873 sed

98 4919 301 4974 miseri
337 4914 704 4988 experientia
734 4930 748 4970 :
779 4914 936 4968 unde
963 4911 1190 4982 lignum
1224 4927 1435 4966 nomen
1467 4908 1705 4978 accepit,
1730 4924 1764 4963 a

98 5011 271 5080 cujus
303 5008 444 5063 cibo
477 5010 566 5060 est
585 5004 756 5060 homo
787 5002 1134 5075 prohibitus,
1158 5005 1223 5056 ut
1253 4998 1581 5055 obedientia
1601 5012 1764 5052 com-

100 5099 499 5154 mendaretur
522 5111 646 5166 quae
680 5092 936 5148 maxima
957 5097 1043 5146 est
1072 5091 1278 5152 virtus,
1303 5092 1382 5154 et,
1415 5092 1478 5142 ut
1499 5087 1582 5142 sic
1605 5086 1763 5140 dixe-

99 5188 232 5256 rim,
259 5184 544 5242 omnium
568 5183 727 5254 origo
751 5185 1046 5250 materque
1068 5176 1447 5242 virtutum,in
1470 5193 1536 5231 ea
1560 5179 1767 5229 natura

97 5277 186 5334 cui
213 5277 300 5333 sic
317 5277 535 5330 datum
559 5277 647 5327 est
667 5270 976 5326 arbitrium
1004 5267 1194 5323 libera
1215 5265 1620 5334 voluntatis,ut
1637 5281 1765 5318 eam

94 5372 295 5423 tamen
331 5378 592 5420 necesse
641 5360 716 5416 sit
757 5359 943 5415 vivere
993 5359 1101 5414 sub
1152 5359 1436 5428 potestate
1479 5352 1762 5408 melioris.

96 5458 468 5528 Quanquam
496 5468 608 5506 non
628 5449 919 5505 defuerint
937 5448 1149 5519 quibus
1166 5445 1357 5500 visum
1388 5450 1477 5500 est
1499 5442 1658 5497 illam
1683 5441 1768 5496 di-

96 5543 524 5618 gnoscentiam
558 5540 692 5595 boni
725 5543 780 5593 et
809 5536 944 5592 mali
974 5552 1252 5607 magnum
1283 5533 1518 5606 aliquod
1553 5533 1769 5587 bonum

97 5636 281 5692 fuisse
318 5651 332 5689 :
367 5631 552 5702 cujus
603 5644 843 5700 capaces
891 5627 1152 5681 nondum
1204 5625 1440 5680 fuerunt
1483 5621 1582 5694 qui
1622 5621 1771 5676 hanc

161 5747 177 5780 ¹
216 5744 347 5793 Sola
383 5739 560 5789 editio
590 5738 734 5799 Lov.,
767 5734 906 5799 quod
932 5731 1164 5799 dicimus.

161 5808 183 5842 ³
205 5788 282 5856 ιῖ
294 5788 545 5854 excusis.
579 5805 626 5849 et
656 5788 839 5849 bonam
866 5796 1122 5861 perditam
1151 5793 1443 5846 sanitatem.
1480 5792 1661 5852 Abest,
1686 5788 1772 5840 bo-

98 5884 246 5932 nam,
279 5883 314 5920 a
343 5869 485 5920 Mss.

1464 482 1697 545 LIBER
1742 482 2063 546 PRIMUS.

3343 492 3460 549 614

1823 621 2174 689 usurpantes
2201 624 2404 675 contra
2433 621 2693 691 vetitum,
2728 640 2828 694 per
2856 625 3309 686 inobedientiam
3337 648 3464 704 pec-

1823 712 2118 762 caverunt.

1893 797 1984 849 20.
2010 797 2231 861 Quibus
2271 801 2464 853 autem
2503 799 2730 856 videtur
2759 801 2840 856 sic
2880 803 3174 862 hominem
3209 809 3330 864 fieri
3363 810 3462 865 de-

1825 884 2042 946 buisse.
2068 889 2126 939 ut
2151 903 2385 956 peccare
2417 887 2624 955 nollet;
2650 907 2763 944 non
2787 891 2870 947 eis
2899 894 3201 965 displiceat
3222 898 3306 953 sic
3337 916 3465 954 esse

1825 973 2065 1038 factum,
2120 980 2184 1028 ut
2215 993 2327 1030 non
2362 981 2558 1048 posset
2588 993 2824 1048 peccare
2854 981 2901 1034 si
2937 983 3130 1039 nollet.
3165 987 3460 1058 Numquid

1824 1061 2000 1126 enim,
2033 1062 2080 1116 si
2114 1063 2318 1119 melior
2345 1071 2499 1121 esset
2528 1067 2627 1138 qui
2669 1085 2780 1123 non
2813 1077 3015 1140 posset
3047 1091 3302 1144 peccare,
3337 1078 3462 1134 ideo

1827 1165 1937 1204 non
1975 1151 2118 1206 bene
2150 1152 2338 1208 factus
2369 1155 2575 1226 estqui
2610 1163 2806 1227 posset
2827 1163 2884 1214 et
2914 1177 3026 1215 non
3061 1166 3466 1233 peccare?Aut

1823 1255 1956 1294 vero
1989 1257 2172 1312 usque
2204 1243 2348 1298 adeo
2380 1244 2786 1316 desipiendum
2831 1253 2937 1313 est,
2975 1255 3038 1304 ut
3066 1251 3241 1308 homo
3270 1254 3466 1310 videat

1825 1327 2034 1383 melius
2066 1328 2284 1400 aliquid
2318 1332 2437 1386 ﬁeri
2471 1332 2762 1404 debuisse,
2797 1342 2853 1392 et
2901 1337 3008 1394 hoc
3039 1340 3222 1398 Deum
3253 1343 3466 1402 vidisse

1825 1433 1940 1470 non
1974 1423 2168 1486 putet;
2197 1425 2296 1473 aut
2327 1425 2492 1490 putet
2538 1423 2771 1490 vidisse,
2805 1430 2861 1480 et
2893 1429 3088 1483 credat
3135 1430 3321 1487 facere
3362 1451 3462 1489 no-

1827 1504 2063 1573 buisse;
2098 1509 2466 1564 autvoluisse
2484 1512 2738 1582 quidem,
2761 1515 2859 1568 sed
2881 1517 3122 1573 minime
3155 1521 3462 1591 potuisse?

1829 1596 2055 1649 Avertat
2085 1595 2193 1650 hoc
2225 1597 2375 1652 Deus
2408 1617 2439 1652 a
2469 1601 2741 1657 cordibus
2773 1604 3023 1673 piorum.
3060 1608 3115 1662 Si
3151 1626 3286 1681 ergo
3319 1612 3465 1667 ratio

1828 1687 1984 1738 recta
2016 1685 2396 1757 demonstrat,
2431 1689 2769 1746 rationalem
2795 1699 3116 1750 creaturam
3151 1697 3307 1754 illam
3342 1717 3470 1756 esse

1831 1773 2154 1841 meliorem,
2188 1791 2313 1846 quae
2365 1777 2526 1833 nulla
2555 1778 2948 1837 inobedientia
2999 1785 3213 1840 deserit
3259 1788 3467 1858 Deum,

1832 1881 2007 1935 quam
2040 1864 2214 1919 istam
2249 1882 2373 1936 qua:
2421 1866 2504 1921 ita
2534 1868 2788 1923 deseruit
2819 1888 2831 1923 :
2867 1874 3012 1927 sciat
3060 1875 3328 1948 quisquis
3369 1879 3476 1934 hoc

1834 1952 2006 2024 sapit,
2041 1970 2142 2008 nec
2175 1953 2335 2009 illam
2370 1956 2571 2011 deesse
2602 1957 2932 2015 ccelestibus
2966 1963 3138 2020 rebus
3166 1981 3290 2035 quae
3325 1984 3477 2021 nun-

1834 2058 2010 2113 quam
2043 2043 2257 2098 deserit
2288 2044 2493 2113 Deum,
2528 2063 2632 2100 nec
2683 2046 2856 2102 istam
2890 2049 2969 2105 ita
2997 2068 3121 2106 esse
3175 2054 3383 2109 factam
3417 2059 3484 2111 ut

1835 2130 2032 2201 aliqua
2056 2132 2398 2187 necessitate
2423 2134 2685 2190 deserere
2703 2143 3005 2207 cogeretur
3019 2139 3202 2196 Deum
3227 2157 3240 2209 ;
3265 2147 3322 2197 et
3343 2143 3482 2214 quia

1833 2218 2129 2275 voluntate
2159 2221 2434 2288 deseruit,
2468 2223 2702 2279 nihilex
2730 2225 2837 2281 hoc
2867 2227 3222 2285 diminutum
3246 2234 3477 2304 sapien-

1837 2309 2084 2364 tissimis
2125 2310 2606 2381 dispositionibus
2638 2313 2760 2380 Dei,
2794 2315 2893 2386 qui
2945 2322 3001 2372 et
3034 2319 3201 2375 malis
3253 2322 3397 2376 bene
3423 2326 3481 2378 et

1839 2399 2124 2470 perversis
2146 2405 2296 2455 recte
2318 2405 2585 2467 utitur,et
2606 2403 2674 2458 de
2696 2403 2950 2461 humano
2968 2424 3173 2476 genere
3188 2411 3345 2479 jusle
3365 2428 3484 2467 me-

1841 2489 2067 2559 ritoque
2098 2489 2372 2544 damnato
2406 2490 2687 2547 familiam
2725 2500 2987 2550 sanctam
3013 2503 3186 2568 atque
3210 2517 3484 2556 numero-

1843 2593 1990 2644 sam,
2025 2593 2140 2631 non
2193 2579 2320 2647 ejus
2373 2579 2597 2649 merito,
2648 2581 2747 2636 sed
2778 2584 2964 2654 gratia
2996 2602 3103 2640 sua
3151 2588 3382 2656 factam,
3427 2588 3487 2644 in

1843 2673 2122 2720 aeternum
2158 2682 2398 2737 regnum
2432 2684 2492 2722 se
2523 2668 2944 2726 translaturum
2978 2690 3104 2727 esse
3135 2679 3399 2730 testatur.

1913 2755 2003 2808 21.
2037 2755 2169 2818 Quae
2201 2771 2330 2809 cum
2362 2754 2442 2810 ita
2471 2757 2609 2821 sint,
2643 2775 2745 2812 nec
2777 2763 2924 2814 Deus
2963 2761 3252 2818 occultare
3283 2765 3486 2821 debuit

1845 2842 2093 2914 lignum,
2128 2845 2280 2914 quod
2302 2850 2535 2916 propter
2565 2853 3011 2904 consecuturam
3035 2851 3286 2908 hominis
3307 2855 3479 2910 mise-

1845 2932 2066 2996 riam,si
2091 2948 2157 2987 ex
2179 2932 2277 2988 illo
2300 2938 2500 2988 contra
2525 2935 2969 3006 prohibitionem
2995 2947 3272 3012 usurpato
3287 2943 3486 3014 digno-

1847 3027 2031 3077 sceret
2051 3039 2084 3076 a
2101 3037 2214 3092 quo
2238 3022 2386 3078 bono
2407 3023 2733 3088 decidisset,
2758 3030 2815 3080 et
2836 3026 2889 3080 in
2914 3029 3066 3097 quod
3093 3029 3312 3085 malum
3337 3032 3487 3088 inci-

1848 3112 2048 3182 disset,
2074 3111 2385 3184 appellavit
2405 3113 2629 3184 lignum
2653 3114 3062 3186 dignoscentiae
3087 3119 3219 3174 boni
3244 3126 3301 3176 et
3323 3121 3486 3178 mali.

1848 3199 1961 3254 Cur
1982 3199 2135 3254 enim
2159 3199 2472 3255 occultaret
2492 3201 2562 3256 de
2584 3218 2696 3272 quo
2721 3203 3062 3258 mandatum
3095 3206 3288 3278 dabat,
3313 3213 3370 3262 et
3391 3225 3494 3278 per

1850 3293 2002 3364 quod
2019 3291 2401 3347 obedientiam
2417 3293 3005 3350 commendabatPNec
3020 3295 3258 3368 ignarus
3273 3299 3381 3354 fuit
3394 3299 3496 3356 ho-

1853 3382 2067 3436 minem
2100 3385 2508 3452 peccaturum:
2543 3383 2642 3438 sed
2677 3382 2853 3438 simul
2884 3384 3078 3452 etiam,
3107 3387 3416 3458 quidjusti
3437 3392 3496 3445 et

1851 3474 1981 3529 boni
2018 3473 2204 3528 fuerat
2234 3478 2288 3528 et
2318 3475 2387 3528 de
2411 3478 2683 3544 peccante
2717 3475 2998 3543 facturus,
3023 3494 3256 3532 summa
3289 3477 3488 3550 utique

1849 3565 2149 3620 divinitate
2178 3565 2483 3636 praescivit.
2530 3564 2641 3618 Nec
2674 3563 2925 3620 instituit
2956 3569 3104 3635 quod
3153 3569 3402 3636 obesset,
3439 3570 3488 3625 si

1851 3657 2023 3711 homo
2038 3655 2150 3710 sibi
2164 3656 2367 3710 obesse
2389 3655 2698 3710 noluisset:
2725 3658 2823 3711 sed
2849 3657 3042 3728 potius
3063 3659 3316 3715 instituit
3333 3661 3489 3733 quod

1851 3748 2149 3820 prodesset
2174 3771 2187 3814 ;
2217 3747 2355 3818 quia
2386 3747 2559 3802 homo
2588 3764 2704 3802 non
2728 3747 2854 3805 sine
2886 3751 3036 3805 bona
3067 3754 3329 3808 mercede
3359 3754 3494 3810 obe-

1852 3838 2131 3895 dientiam
2165 3838 2537 3904 custodisset,
2570 3843 2626 3894 et
2658 3856 2770 3894 non
2803 3841 2928 3895 sine
2963 3841 3090 3895 utili
3121 3844 3406 3915 exemplo,
3431 3848 3498 3899 ut

1853 3946 1981 3986 eam
2012 3927 2196 3982 sancti
2231 3928 2357 3998 ejus
2391 3927 2603 3999 posteri
2656 3929 3035 3999 custodirent,
3069 3948 3269 4002 poenas
3303 3932 3501 3988 inobe-

1855 4018 2082 4074 dientiaa
2108 4016 2494 4088 persolvisset.
2523 4017 2634 4072 Nec
2655 4017 2830 4072 voluit
2848 4020 2998 4089 quod
3017 4037 3126 4075 non
3153 4021 3342 4091 potuit
3361 4040 3371 4076 :
3390 4021 3499 4078 hoc

1855 4110 2008 4164 enim
2032 4107 2230 4172 voluit,
2256 4116 2319 4163 ut
2349 4113 2450 4162 aut
2481 4109 2755 4164 obediens
2781 4110 2953 4164 homo
2975 4116 3147 4180 esset,
3171 4117 3272 4166 aut
3303 4113 3497 4169 inobe-

1856 4201 2022 4256 diens
2046 4200 2283 4272 impune
2297 4217 2408 4255 non
2431 4200 2722 4256 esset.Nec
2745 4201 3103 4258 infructuose
3126 4203 3497 4275 voluit,quod

1857 4293 2029 4347 homo
2050 4309 2162 4347 non
2181 4292 2366 4346 fuerat
2392 4298 2747 4361 servaturus,
2762 4293 2969 4362 jubere
2994 4311 3006 4348 :
3029 4295 3164 4365 quia
3183 4311 3351 4365 poma
3367 4311 3500 4350 con-

1857 4381 2167 4452 temptoris
2199 4380 2396 4436 docuit
2421 4381 2564 4435 alios
2595 4381 2847 4436 obedire.
2875 4381 2987 4437 Nec
3019 4382 3074 4435 in
3109 4383 3343 4438 homine
3365 4401 3501 4454 pars

1860 4471 1958 4527 Dei
1993 4470 2205 4525 restitit
2236 4476 2348 4525 Deo
2383 4487 2395 4524 :
2431 4473 2564 4540 quia
2618 4469 2667 4523 si
2715 4470 2971 4526 hominis
3012 4471 3207 4526 anima
3239 4490 3372 4544 pars
3408 4473 3506 4529 Dei

1860 4566 2035 4630 esset,
2070 4577 2173 4616 nec
2203 4578 2236 4616 a
2269 4577 2330 4616 se
2382 4559 2530 4631 ipsa,
2563 4576 2668 4614 nec
2715 4560 2784 4614 ab
2817 4559 3010 4632 aliquo
3060 4562 3272 4634 decipi,
3303 4580 3406 4618 nec
3437 4563 3509 4619 ad

1862 4651 2080 4722 aliquid
2115 4651 2266 4707 male
2306 4651 2658 4719 faciendum,
2693 4651 2812 4705 sive
2864 4651 3226 4723 patiendum,
3261 4652 3381 4708 ulla
3411 4671 3510 4710 ne-

1862 4742 2130 4798 cessitate
2161 4741 2448 4813 compelli,
2484 4756 2586 4795 nec
2624 4739 2681 4793 in
2716 4740 2924 4796 melius
2956 4740 3041 4796 vel
3092 4742 3344 4797 deterius
3378 4759 3505 4796 mu-

1863 4834 1971 4890 tari
1999 4833 2237 4888 omnino
2268 4833 2571 4904 potuisset.
3005 4824 3027 4834 ί

1932 4925 2022 4980 22.
2055 4923 2253 4979 Flatus
2286 4928 2479 4978 autem
2510 4921 2608 4978 ille
2638 4921 2740 4977 Dei
2771 4921 2871 4993 qui
2901 4922 3196 4977 hominem
3229 4922 3509 4978 animavit

1866 5012 2018 5085 (Gen.
2056 5029 2094 5080 ι,
2113 5010 2191 5082 7),
2218 5012 2403 5066 factus
2425 5014 2514 5065 est
2543 5011 2614 5065 ab
2632 5009 2781 5081 ipso,
2808 5027 2921 5065 non
2946 5012 3013 5064 de
3036 5010 3161 5081 ipso
3184 5013 3221 5064 ¹.
3240 5011 3383 5075 Quia
3403 5027 3508 5067 nec

1867 5102 2124 5158 hominis
2149 5098 2603 5170 ﬂatus,hominis
2618 5115 2751 5170 pars
2766 5104 2880 5167 est;
2907 5116 3009 5153 nec
3031 5099 3204 5154 homo
3222 5116 3353 5154 eum
3375 5100 3513 5156 facit

1870 5190 1938 5244 de
1971 5206 2030 5244 se
2061 5189 2208 5260 ipso,
2243 5188 2344 5243 sed
2393 5204 2461 5242 ex
2489 5187 2642 5242 aerio
2693 5185 2876 5241 halitu
2908 5191 3142 5257 sumpto
3190 5191 3246 5241 et
3277 5187 3460 5242 effuso
3495 5203 3510 5245 :

1870 5281 2022 5337 Deus
2046 5296 2174 5335 vero
2202 5279 2387 5351 potuit
2418 5283 2473 5332 et
2493 5278 2563 5332 de
2595 5277 2798 5342 nihilo,
2824 5281 2879 5331 et
2908 5277 3100 5331 vivum
3138 5277 3512 5334 rationalem-

1871 5387 1983 5442 que
2005 5370 2046 5440 ²,
2074 5369 2229 5441 quod
2255 5386 2367 5424 non
2393 5373 2583 5439 potest
2609 5365 3079 5430 homo.Quamvis
3108 5365 3370 5420 nonnulli
3393 5369 3509 5423 exi-

1871 5460 2114 5516 stiment
2127 5476 2239 5513 non
2261 5463 2394 5512 tunc
2409 5457 2731 5512 animatum
2748 5455 3514 5528 primumhominem,quan.

1873 5553 1945 5607 do
1978 5551 2128 5606 Deus
2175 5549 2232 5604 in
2282 5550 2409 5620 ejus
2443 5548 2645 5603 faciem
2692 5546 2962 5614 sufflavit,
2995 5551 3051 5600 et
3100 5547 3285 5603 factus
3334 5552 3512 5608 estin

1939 5667 1952 5700 ι
1992 5662 2159 5710 Editio
2191 5663 2311 5718 Lov,
2345 5674 2443 5708 non
2475 5659 2538 5706 de
2568 5673 2620 5705 se
2649 5660 2773 5719 ipso.
2805 5657 2978 5705 Minus
3007 5658 3158 5708 bene.

1938 5727 1958 5760 ³
1991 5727 2080 5774 Hic
2114 5726 2227 5772 Am.
2261 5725 2341 5771 Er.
2379 5726 2430 5770 et
2457 5722 2659 5784 aliquot
2689 5723 2809 5769 h’lss.
2839 5721 3058 5779 addunt,
3080 5721 3260 5784 potuit.
3293 5724 3516 5780 Quidam

1875 5785 2363 5854 (ξοάίεθεηνεςωενς.
2411 5787 2532 5854 Lov_.
2583 5798 2702 5854 cum
2756 5785 3030 5854 nonnullis
3068 5785 3183 5835 aliis
3228 5785 3521 5854 codicibus,

1874 5853 2062 5918 facere.
2094 5849 2353 5901 Omittunt
2372 5847 2629 5911 praecipui
2657 5848 3030 5912 manuscripti.
