4094 6442
512 433 631 494 615

518 568 775 623 animam
805 562 992 616 vivam
1023 576 1036 625 ;
1071 557 1169 612 sed
1201 558 1341 607 tunc
1372 544 1665 617 accepisse
1694 537 1974 609 Spiritum
2023 546 2152 586 san-

515 661 694 712 ctum.
736 624 1045 719 Quodlibet
1118 649 1312 699 autem
1367 638 1575 692 horum
1609 626 1945 686 credibilius
1966 624 2155 718 osten-

747 707 920 795 ~unde
973 752 1130 792 nunc
1187 733 1426 801 longum
1483 728 1571 780 est
1627 719 1976 810 disputare:
2027 707 2154 762 ani-

513 849 670 890 mam
702 836 897 885 tamen
932 843 1046 881 non
1079 837 1206 878 esse
1239 823 1460 891 partem
1495 812 1616 879 Dei,
1650 823 1755 863 nec
1788 806 1856 859 de
1886 801 2155 856 substan-

511 923 593 977 tia
622 927 680 977 et
730 924 940 974 natura
989 916 1116 984 ejus
1159 912 1411 965 creatam
1445 904 1565 958 sive
1614 896 1920 970 prolatam,
1955 888 2054 944 sed
2087 901 2156 940 ex

513 1010 698 1066 nihilo
725 1009 960 1071 factam,
994 1001 1262 1058 dubitare
1295 997 1380 1051 fas
1409 1008 1524 1048 non
1557 993 1665 1045 est.

586 1097 818 1156 CAPUT
845 1065 957 1149 Χνζ
980 1122 1047 1132 -
1067 1091 1156 1144 23.
1183 1087 1306 1141 Non
1338 1084 1553 1152 itaque,
1581 1077 1732 1131 sicut
1753 1071 1832 1127 ait
1861 1069 1971 1123 iste
2002 1065 2155 1120 blas-

514 1189 785 1261 phemus,
826 1182 1119 1239 invenitur
1147 1189 1387 1246 serpens
1426 1171 1484 1224 in
1526 1167 1651 1222 loco
1702 1160 1938 1217 meliore
1977 1170 2154 1226 quam

513 1245 835 1347 Deus,qu’ia
848 1267 1146 1344 praevaluit
1163 1257 1732 1333 deciperehominem
1752 1264 1924 1321 quem
1947 1245 2159 1342 fecerat

514 1332 866 1433 ίῖὶθιιξιιάἓδη.⁸
884 1378 968 1425 ιιι,
989 1357 1126 1427 1-6).
1147 1332 1314 1411 Nullo
1344 1348 1500 1406 enim
1535 1343 1706 1400 modo
1737 1341 1912 1433 homo
1937 1332 2160 1433 decipe-

514 1464 692 1522 retur,
726 1454 772 1509 si
807 1467 920 1506 non
953 1450 1011 1502 in
1043 1463 1104 1502 se
1133 1442 1380 1499 exaltato
1405 1436 1576 1493 corde
1607 1427 1943 1486 recessisset
1965 1441 1998 1478 a
2020 1423 2155 1477 Deo.

513 1547 664 1602 Vera
681 1513 916 1615 quippe,
940 1535 1216 1609 quoniam
1240 1529 1433 1586 divina
1456 1522 1672 1591 est,illa
1694 1513 2009 1575 sententia:
2028 1513 2160 1566 Ante

516 1605 741 1692 ruinam
769 1605 1056 1686 ascita-tur
1100 1639 1192 1679 cor
1220 1622 1398 1692 (Prov.
1435 1631 1548 1679 xvr,
1586 1613 1692 1681 18).
1726 1609 1794 1662 Et
1826 1605 1922 1659 ubi
1957 1606 2159 1657 contra

519 1808 902 1873 bratur.Quid
925 1810 1122 1860 autem
1145 1795 1437 1862 mirum,si
1453 1794 1594 1847 dum
1616 1779 2162 1850 tenebratur,nescit

522 1903 660 1976 quid
693 1902 973 1969 sequatur
1006 1910 1020 1948 :
1052 1889 1330 1963 quoniam
1363 1900 1478 1939 non
1511 1899 1543 1935 a
1572 1895 1633 1934 se
1664 1878 1790 1948 ipso
1821 1872 2017 1926 lumen
2050 1872 2159 1936 est,

519 1959 621 2047 sed
655 1991 726 2045 ab
757 1959 854 2042 illo
886 1984 984 2054 qui
1015 1959 1105 2037 est
1135 1979 1358 2041 lumen,
1389 1964 1803 2026 illuminatur?
1835 1959 1995 2024 Quod
2026 1973 2161 2054 ergo

521 2080 678 2138 Deus
699 2093 818 2132 sem
829 2071 1190 2145 perinvictus
1213 2064 1487 2129 sit,etiam
1504 2059 1676 2112 homo
1689 2053 1876 2107 victus
1890 2045 2158 2104 ostendit:

524 2168 664 2242 quia
684 2167 870 2220 victus
892 2177 1004 2216 non
1026 2157 1250 2222 fuisset,
1267 2153 1311 2207 si
1339 2151 1408 2206 ab
1433 2148 1642 2203 invicto
1664 2159 1777 2197 non
1804 2136 2162 2195 recessisset.

524 2234 823 2324 Quomodo
855 2255 940 2308 est
956 2252 1150 2305 autem
1168 2236 1621 2298 victorhominis
1652 2234 1942 2302 deceptor,
1968 2240 2098 2280 cum
2132 2239 2166 2277 a

526 2311 841 2415 semetipso
872 2340 950 2394 sit
970 2338 1144 2393 etiam
1177 2334 1302 2404 ipse
1333 2322 1650 2396 deceptus?
1683 2321 1844 2376 Unde
1861 2321 1918 2372 et
1941 2316 2037 2369 ille
2067 2311 2164 2383 qui

524 2407 768 2506 decepit,
791 2435 849 2486 et
869 2428 963 2483 ille
987 2440 1160 2497 quem
1183 2419 1429 2490 decepit,
1459 2415 1629 2470 ambo
1653 2407 1873 2478 decepti
1897 2410 2055 2467 sunt,
2079 2416 2164 2455 re-

524 2493 780 2580 cedendo
811 2519 882 2574 ab
912 2534 977 2572 eo
1003 2493 1108 2585 qui
1134 2528 1244 2566 non
1271 2511 1461 2580 potest
1490 2501 1674 2571 decipi
1702 2525 1716 2565 ;
1748 2504 1803 2552 et
1823 2495 1995 2550 ambo
2027 2493 2168 2546 sunt

522 2612 678 2678 victi,
713 2584 1040 2664 recedendo
1062 2603 1132 2658 ab
1165 2617 1229 2655 eo
1262 2597 1359 2669 qui
1398 2611 1515 2678 non
1546 2592 1734 2662 potest
1763 2584 1933 2640 vinci.
1981 2585 2024 2636 A
2053 2596 2167 2651 quo

525 2673 728 2772 utique
749 2699 846 2769 qui
875 2696 1004 2768 plus
1027 2689 1261 2753 recedit,
1283 2687 1417 2759 plus
1437 2676 1714 2746 vincitur;
1741 2675 1878 2748 quia
1900 2676 2060 2728 tanto
2083 2673 2172 2725 est

526 2789 782 2856 inferior,
807 2789 1023 2857 quanto
1047 2778 1314 2837 deterior.
1339 2777 1409 2831 Et
1433 2773 1560 2828 ideo
1583 2783 1821 2825 necesse
1850 2768 1958 2826 est,
1985 2765 2048 2816 ut
2070 2758 2168 2829 qui

528 2875 746 2932 malum
764 2871 924 2928 alteri
940 2868 1102 2941 prius
1115 2863 1412 2921 inferendo
1425 2861 1651 2914 vincere
1664 2847 2171 2919 videtur,amplius

529 2965 654 3036 ipse
686 2965 905 3018 bonum
931 2939 1249 3014 amittendo
1279 2951 1546 3006 vincatur
1571 2964 1583 3000 ι
1611 2961 1714 3001 nec
1746 2941 1868 2997 fieri
1904 2942 2090 3012 potest
2109 2939 2174 2991 ut

532 3025 584 3108 ei
606 3053 684 3107 sit
705 3053 866 3106 locus
900 3046 1123 3113 melior,
1147 3059 1279 3098 cum
1311 3056 1488 3094 causa
1517 3037 1594 3091 sit
1616 3035 1795 3106 pejor.
1819 3031 1882 3084 Et
1915 3027 2067 3099 quod
2101 3025 2171 3080 ad

528 3147 762 3211 tempus
794 3134 1164 3209 praevaluisse
1179 3131 1338 3186 visus
1355 3132 1443 3211 est
1459 3123 1722 3181 diabolus
1747 3119 1981 3175 homine
2003 3132 2173 3186 supe-

528 3232 678 3298 rato,
710 3226 883 3282 etiam
918 3224 1001 3278 sic
1030 3221 1088 3274 in
1122 3224 1400 3274 aeternum
1423 3207 1620 3268 'victus
1643 3216 1731 3266 est
1752 3207 1985 3262 homine
2008 3220 2173 3274 repa-

529 3295 676 3373 rato.
700 3316 814 3371 Nec
836 3312 935 3370 Dei
967 3307 1294 3366 confitentis
1325 3305 1498 3360 verba
1527 3305 1685 3365 sunt,
1717 3298 1818 3353 sed
1854 3295 2044 3366 potius
2075 3308 2178 3347 ex-

528 3405 864 3481 probrantis
896 3421 908 3459 :
948 3404 1073 3456 Ecce
1103 3397 1273 3454 Adam
1324 3398 1500 3466 factu:
1530 3400 1607 3447 est
1636 3393 1903 3458 tanquam
1933 3400 2076 3438 unus
2107 3398 2178 3436 ea:

527 3473 681 3554 uobis
703 3497 859 3568 (Gen.
885 3511 967 3560 ιιι,
990 3491 1101 3563 22).
1136 3490 1296 3544 Sicut
1327 3491 1383 3541 et
1412 3479 1725 3555 Apostolus
1757 3475 1852 3531 ubi
1881 3473 2039 3539 dicit,
2075 3475 2173 3526 Ilo-

527 3593 657 3642 nate
677 3565 815 3640 mihi
839 3584 978 3638 hanc
997 3581 1264 3652 injuriam
1286 3577 1357 3646 (ΙΙ
1380 3578 1500 3630 Cor.
1528 3569 1747 3641 1111,13),
1772 3565 1972 3636 utique
1988 3580 2020 3617 a
2039 3577 2176 3616 con-

527 3680 705 3736 trario
728 3680 851 3733 vult
873 3673 1199 3746 intelligi,si
1227 3671 1381 3726 adsit
1400 3663 1805 3739 pronuntiator
1828 3660 2177 3726 doctus,non

531 3766 916 3824 calumniator
943 3764 1237 3818 indoctus.

601 3856 692 3910 24.
717 3856 889 3910 Porro
911 3857 1126 3918 autem,
1151 3848 1246 3905 cui
1269 3842 1539 3916 displicet
1562 3842 1825 3912 peccator
1849 3832 2179 3906 prohibitus

533 3964 567 4002 a
586 3946 741 4019 ligno
766 3946 915 4012 vitis,
939 3942 1078 4015 quid
1099 3940 1210 3995 nisi
1233 3938 1473 4008 impune
1505 3932 1628 3987 vult
1650 3928 1800 3984 male
1821 3924 2044 3980 vivere?
2067 3923 2180 3977 Nec

534 4013 814 4108 magnum
839 4013 1119 4095 erat‘Deo,
1145 4034 1201 4084 et
1229 4027 1341 4082 alio
1364 4021 1626 4096 quolibet
1657 4018 1828 4072 modo
1846 4015 2019 4070 vitam
2044 4013 2180 4067 sub-

533 4125 763 4181 trahere
785 4122 1006 4179 homini
1031 4134 1207 4191 quem
1235 4116 1419 4170 vivere
1442 4109 1755 4166 noluisset:
1784 4105 1883 4160 sed
1904 4101 2180 4174 quoniam

538 4216 852 4272 rationales
875 4213 1082 4269 animae
1107 4212 1176 4264 de
1208 4203 1495 4278 sapientia
1514 4201 1732 4264 vivunt,
1753 4211 2000 4267 quarum
2026 4208 2183 4246 mors

537 4310 626 4361 est
651 4299 1201 4375 insipientia,hujus
1232 4295 1314 4350 rei
1333 4288 1726 4364 significanda:
1749 4283 1936 4358 gratia
1955 4282 2181 4354 lignum

538 4397 664 4451 vitae
690 4395 748 4449 in
772 4392 1041 4466 paradiso
1073 4391 1263 4443 fructu
1296 4401 1401 4440 suo
1434 4381 1580 4437 mori
1605 4377 1897 4435 hominem
1931 4390 2034 4429 nec
2056 4389 2182 4429 cor-

539 4499 676 4555 pore
698 4485 930 4539 sineret.
964 4480 1125 4546 Quod
1158 4492 1289 4548 ergo
1320 4473 1455 4528 inde
1486 4475 1789 4542 separatus
1818 4466 2066 4521 traditus
2095 4467 2185 4518 est

540 4573 734 4638 morti,
754 4568 1190 4627 consumendus
1214 4568 1399 4631 aetate,
1419 4560 1574 4633 quod
1598 4572 1962 4629 nequaquam
1984 4553 2064 4607 illi
2089 4571 2180 4609 ac-

540 4661 852 4732 cidisset,si
868 4656 1308 4730 sempereodem
1325 4653 1449 4708 cibo
1475 4646 2180 4717 frueretur,significatum

539 4759 629 4811 est
651 4754 805 4826 quod
828 4752 991 4824 prius
1013 4749 1083 4804 ab
1103 4745 1390 4819 spirituali
1409 4744 1535 4798 vita:
1558 4742 1716 4813 ligno
1738 4745 1972 4811 propter
1987 4752 2184 4808 pecca-

537 4851 664 4902 tum
688 4844 883 4900 anima
904 4843 1032 4913 ejus
1052 4838 1285 4895 exclusa
1301 4833 1594 4904 est,etita1
1620 4832 1886 4903 quaedam
1909 4846 2017 4884 sua
2035 4830 2182 4883 inte-

539 4942 689 4994 riore
713 4938 1035 5006 mortejam
1059 4938 1308 4988 mortua.
1328 4929 1472 4984 Nam
1496 4927 1566 4981 de
1590 4924 1876 4996 sapientia
1898 4922 2180 4992 scriptum

539 5033 906 5102 estszgnum
921 5031 1138 5085 vitaeest
1158 5021 1739 5095 amplcctentibuseam
1762 5021 1920 5084 (Prov
1965 5032 2044 5081 ιιι,
2073 5015 2180 5086 18).

539 5123 700 5186 Quod
725 5122 833 5176 iste
856 5137 969 5175 non
993 5116 1323 5187 intelligens
1343 5114 1452 5168 ait:
1478 5111 1752 5178 Quatenus
1775 5123 1904 5178 ergo
1925 5110 2052 5161 ante
2072 5122 2183 5160 ma-

540 5212 808 5267 ledictum
836 5207 1167 5264 immortalis
1185 5205 1342 5258 homo
1358 5203 1610 5274 perpetuo
1634 5200 1811 5253 vivere
1830 5201 2064 5267 poterat,
2087 5196 2185 5267 qui

538 5300 779 5354 nondum
810 5315 879 5354 ex
909 5299 1018 5351 ista
1038 5294 1230 5349 arbore
1248 5293 1428 5346 cibum
1450 5289 1790 5359 sumpserat?
1812 5285 1985 5351 Quasi
2007 5285 2057 5339 ei
2079 5284 2182 5339 ali-

542 5389 675 5460 quis
707 5388 935 5452 dixerit,
969 5391 1069 5440 aut
1099 5385 1157 5438 in
1188 5382 1287 5437 illo
1333 5380 1480 5435 libro
1513 5376 1724 5433 alicubi
1773 5375 1994 5446 legerit,
2027 5375 2181 5446 quod

543 5478 804 5532 nondum
827 5476 1009 5530 Adam
1036 5475 1368 5545 sumpserat
1383 5486 1450 5524 ex
1466 5469 1591 5523 cibo
1617 5466 1842 5521 arboris
1863 5464 2010 5519 vitae.
2034 5464 2181 5527 Quin

541 5565 736 5639 potius
757 5564 1169 5635 intelligendus
1186 5558 1578 5631 est,quoniam
1597 5555 1732 5610 inde
1752 5554 1832 5607 illi
1852 5553 1968 5608 vita
1986 5556 2042 5608 in
2064 5570 2184 5608 cor-

542 5672 680 5730 pore
693 5660 970 5726 perpetua
981 5653 1426 5724 suppetebat,ne
1445 5650 1724 5701 vetustate
1744 5647 2185 5699 consumeretur

607 5763 624 5802 ί
653 5763 768 5814 Am.
801 5766 853 5814 et
881 5761 1058 5828 plures
1089 5759 1233 5809 Mss..
1263 5757 1381 5807 ista.

922 423 1231 487 CONTRA
1275 404 1840 477 ADVERSARIUM
1887 396 2110 461 LEGIS
2156 394 2255 454 ET
2297 380 2912 453 PltOPHETAltUM,
2964 378 3027 437 S.
3073 371 3495 436 AUGUSTlNl

3800 363 3920 422 616

2259 523 2462 591 astatis,
2497 521 2566 576 ad
2596 519 2704 573 hoc
2734 516 2869 570 inde
2917 509 3268 583 prohibitus,
3302 511 3367 561 ut
3387 521 3456 560 ex
3483 499 3715 575 peccati
3748 513 3919 570 paena

2250 615 2376 685 jam
2411 611 2494 665 illi
2526 613 2681 664 esset
2711 601 3028 660 necessitas
3061 598 3285 653 mortis.

2325 703 2414 755 25.
2452 696 2757 768 Quomodo,
2779 691 2992 762 inquit,
3015 705 3083 744 ex
3116 688 3218 742 Dei
3248 683 3544 739 maledicto
3582 679 3926 746 maricape-

2255 793 2353 856 rit,
2373 806 2498 844 cum
2518 791 2629 842 vita
2664 787 2783 855 ipsa
2802 794 3091 850 nunquam
3106 793 3178 831 ex
3195 778 3310 845 ipso
3333 775 3564 828 initium
3586 767 3926 838 sumpserit?

2257 880 2430 943 Quasi
2463 874 2811 949 Optaveritei
2835 877 2982 924 Deus
3003 872 3273 934 mortem,
3289 863 3442 918 sicut
3459 861 3635 915 homo
3661 855 3924 922 hominif:

2259 986 2326 1024 ac
2349 985 2462 1022 non
2488 966 2586 1021 Dei
2601 965 2774 1019 verba
2788 961 2856 1015 ad
2873 956 3221 1014 sententiam
3239 953 3570 1024 pertineant
3592 944 3928 1019 punientis,

2235 1046 2375 1112 non
2409 1059 2479 1111 ad
2501 1056 2647 1109 iram
2667 1046 3088 1106 maledicsntis.
3116 1043 3331 1098 Punire
3355 1044 3550 1095 autem
3577 1040 3768 1092 morte
3798 1050 3922 1089 cor-

2259 1145 2464 1219 porali,
2499 1144 2607 1198 fuit
2635 1159 2668 1196 a
2699 1141 2828 1196 vitae
2855 1137 3060 1192 arbore
3091 1147 3377 1203 separare,
3403 1129 3684 1198 cumjam
3707 1124 3925 1179 fuisset

2259 1233 2642 1306 spiritualiter
2663 1224 3153 1292 mortuus,animo
3172 1222 3372 1291 utique
3393 1221 3702 1290 separatus
3716 1214 3794 1269 ab
3815 1212 3922 1266 ali-

2261 1304 2457 1380 mento
2489 1318 2808 1393 sapientiae.
2839 1313 3211 1383 Deusitaque
3233 1309 3373 1381 quid
3405 1307 3455 1362 ei
3488 1304 3838 1376 contigisset
3858 1304 3917 1356 in

2259 1415 2476 1479 animo,
2528 1408 2855 1482 significare
2901 1401 3105 1466 voluit,
3137 1398 3460 1471 separando
3493 1411 3627 1452 eum
3679 1411 3713 1449 a
3753 1392 3917 1464 ligno

2259 1505 2407 1568 vita},
2442 1517 2557 1571 quo
2588 1495 3032 1569 significabatur
3062 1489 3366 1561 sapientia.

2330 1591 2418 1644 26.
2456 1588 2555 1642 Sed
2604 1590 2729 1649 ista,
2765 1581 2976 1654 inquit,
3009 1581 3174 1635 arbor
3220 1591 3346 1649 quae
3385 1577 3446 1630 in
3475 1573 3733 1642 paradiso
3785 1573 3912 1626 vita

2131 1719 2157 1731 -
2261 1680 2475 1753 fructus
2495 1673 2822 1748 ferebat,cui
2842 1671 3147 1741 proderat?
3166 1664 3407 1733 Cui,nisi
3433 1662 3549 1717 illis
3574 1660 3780 1732 primis
3807 1659 3910 1714 ho-

2265 1768 2541 1830 minibus,
2578 1761 2838 1818 masculo
2869 1764 2924 1814 et
2969 1757 3215 1820 feminas,
3252 1753 3351 1826 qui
3383 1755 3440 1807 in
3475 1751 3743 1823 paradiso
3789 1749 3914 1803 fue-

2263 1862 2396 1912 rant
2426 1853 2723 1911 constituti
2747 1851 2774 1906 ‘I
2805 1850 3021 1905 Deinde
3043 1846 3173 1901 istis
3191 1844 3262 1898 de
3297 1841 3563 1914 paradiso
3585 1857 3684 1911 pro
3706 1838 3916 1893 merito

2266 1965 2384 2002 sum
2416 1942 2743 2015 iniquitatis
2774 1937 2973 2008 ejectis
3007 1935 3225 1990 mansit
3248 1933 3318 1988 ad
3355 1930 3696 1986 memoriam
3729 1927 3919 1999 signi-

2267 2035 2505 2090 ﬁcanda:
2547 2029 2870 2103 Spiritualis
2903 2025 3128 2081 arboris
3175 2023 3301 2077 vitae
3335 2038 3348 2076 :
3385 2020 3538 2092 quod
3572 2023 3680 2083 est,
3716 2022 3782 2071 ut
3833 2017 3923 2070 di-

2266 2125 2479 2188 ximus,
2515 2122 2642 2193 ipsa
2671 2116 3302 2190 sapientia,beatarum
3326 2111 3493 2165 cibus
3524 2105 3921 2162 immutabilis

2269 2213 2616 2268 animarum.
2651 2208 2856 2264 Utrum
2908 2209 3103 2259 autem
3135 2201 3233 2256 illo
3286 2200 3412 2255 cibo
3462 2201 3730 2252 vescatur
3761 2211 3926 2249 nunc

2269 2301 2502 2373 aliquis,
2537 2299 2648 2354 nisi
2683 2299 2825 2352 forte
2855 2293 3049 2349 Enoch
3082 2297 3138 2346 et
3168 2290 3342 2359 Elias,
3375 2305 3489 2343 non
3523 2292 3736 2341 temere
3767 2299 3928 2338 asse-

2269 2391 2587 2446 verandum
2623 2391 2760 2459 puto
2795 2402 2808 2439 :
2843 2384 2999 2454 ligno
3027 2387 3220 2436 tamen
3255 2379 3350 2432 illo
3382 2377 3533 2443 vite,
3558 2373 3713 2446 quod
3749 2374 3924 2427 estin

2272 2480 2560 2554 spirituali
2586 2477 2876 2550 paradiso,
2896 2474 3008 2529 nisi
3039 2471 3332 2528 alerentur
3356 2469 3562 2523 animae
3586 2467 3922 2527 beatorum,

2273 2591 2386 2629 non
2419 2589 2520 2644 pro
2540 2585 2779 2625 munere
2797 2565 3026 2638 pietatis
3055 2568 3112 2618 et
3133 2560 3484 2616 fidelissime:
3507 2556 3922 2621 confessionis,

2270 2664 2516 2721 latronis
2556 2661 2759 2716 animae
2809 2654 3098 2713 credentis
3129 2654 3187 2708 in
3237 2651 3532 2706 Christum
3587 2648 3922 2720 legeremus

2272 2752 2610 2826 paradisum
2643 2748 2844 2802 eodem
2871 2744 2960 2798 die
2993 2744 3170 2797 fuisse
3202 2754 3541 2794 concessum
3568 2753 3581 2790 :
3609 2737 3806 2801 Amen,
3833 2735 3922 2789 in-

2275 2844 2421 2916 quit,
2455 2842 2573 2896 dico
2616 2839 2737 2908 tibi,
2769 2836 2927 2892 hodie
2972 2850 3181 2889 mecum
3229 2833 3337 2886 eris
3367 2831 3426 2885 in
3474 2829 3734 2900 paradiso
3767 2828 3924 2898 (Luc.

2274 2952 2438 3004 XXIII,
2473 2934 2582 3003 43).
2615 2932 2755 2986 Esse
2786 2933 2977 2983 autem
3002 2925 3080 2980 ibi
3114 2941 3246 2979 cum
3276 2922 3524 2987 Christo,
3544 2919 3654 2973 hoc
3684 2925 3929 2974 estesse

2277 3043 2408 3082 cum
2440 3025 2566 3079 vites
2601 3023 2770 3092 ligno.
2814 3022 2943 3090 Ipse
2972 3021 3060 3073 est
3092 3015 3308 3088 quippe
3337 3011 3652 3084 Sapientia,
3690 3011 3762 3064 de
3792 3027 3926 3081 qua,

2278 3123 2343 3172 ut
2372 3113 2640 3187 superius
2691 3107 3163 3174 commemoravi,
3215 3104 3500 3176 scriptum
3533 3107 3642 3171 est,
3689 3101 3934 3172 Lignum

2276 3205 2408 3260 vita
2437 3205 2515 3256 est
2544 3198 2992 3270 amp/actentibus
3023 3211 3161 3251 eam.

2349 3291 2581 3348 CAPUT
2613 3289 2754 3344 XVI.
2782 3319 2849 3330 ——
2873 3289 2960 3342 27.
2987 3284 3424 3356 Numquidnam
3449 3286 3504 3336 et
3524 3281 3632 3335 hoc
3657 3278 3933 3336 refellen-

2281 3385 2420 3438 dum
2453 3388 2558 3445 est,
2585 3382 2737 3453 quod
2763 3381 2920 3435 velut
2939 3383 3104 3434 acute
3125 3381 3165 3446 ¹,
3190 3381 3256 3430 ut
3279 3375 3385 3431 sibi
3411 3373 3658 3442 videtur,
3679 3369 3929 3426 irridet?

2280 3472 2494 3535 Primo,
2529 3471 2711 3525 Deum
2739 3486 2852 3523 non
2878 3466 3178 3539 praescisse
3201 3464 3353 3534 quod
3387 3460 3664 3531 contigit:
3691 3458 3920 3522 deinde,

2281 3563 2521 3634 implere
2536 3579 2648 3616 non
2667 3559 2920 3615 valuisse
2943 3559 3093 3628 quod
3119 3571 3468 3628 magnopere
3486 3551 3762 3625 cogitavit
3781 3569 3794 3605 :
3815 3557 3927 3604 ter-

2281 3657 2383 3723 tio,
2418 3654 2485 3709 ad
2515 3652 2889 3706 maledictum
2923 3665 2982 3704 se
3001 3647 3350 3703 convertisse
3381 3648 3742 3716 superatum.
3765 3643 3927 3697 Unde

2282 3748 2390 3802 scit
2412 3749 2589 3801 Deum
2609 3761 2724 3798 non
2743 3742 3043 3814 praescisse
3061 3740 3212 3811 quod
3232 3736 3513 3809 contigit?
3532 3738 3616 3791 An
3636 3735 3778 3806 quia
3796 3751 3928 3790 con-

2282 3838 2452 3910 tigit?
2475 3836 2745 3900 Quinimo
2760 3833 2934 3889 sinon
2963 3828 3486 3904 contigisset,nullo
3505 3827 3677 3882 modo
3703 3827 3758 3880 id
3788 3842 3929 3897 pree-

2283 3926 2489 3982 scisset
2523 3925 2808 3989 futurum,
2832 3922 2969 3992 quia
3000 3937 3113 3975 non
3132 3925 3254 3974 erat
3273 3919 3556 3972 futurum.
3585 3920 3702 3969 Aut
3725 3913 3774 3969 si
3802 3931 3929 3986 pro-

2285 4021 2481 4088 pterea
2512 4018 2676 4085 putat
2709 4030 2821 4067 non
2873 4011 3193 4083 praescisse,
3229 4007 3366 4080 quia
3397 4006 3444 4060 si
3480 4005 3828 4077 praescisset,
3864 4020 3931 4058 ne

2285 4104 2644 4175 contingeret
2676 4100 3023 4173 providisset
3044 4099 3064 4133 ²
3097 4116 3110 4153 :
3148 4101 3335 4168 potest
3374 4095 3480 4148 hoc
3511 4097 3567 4147 et
3597 4093 3664 4146 de
3699 4091 3930 4145 Christo

2287 4192 2596 4264 dicere,qui
2621 4192 2907 4246 talentum
2931 4191 3091 4245 dedit
3111 4185 3334 4243 homini
3357 4183 3500 4238 nihil
3524 4183 3930 4255 acquisituro;

2287 4285 2438 4356 quod
2472 4287 2773 4355 propterea
2821 4281 3026 4352 utique
3055 4278 3311 4342 dederat,
3346 4279 3410 4329 ut
3440 4275 3568 4344 ejus
3617 4278 3936 4344 augeretur

2288 4373 2555 4447 pecunia,
2577 4371 2857 4441 quidquid
2882 4376 2971 4426 est
2994 4369 3142 4439 quod
3169 4367 3267 4421 illa
3289 4364 3598 4436 significat.
3626 4362 3772 4433 Ergo
3798 4361 3935 4433 quia

2287 4461 2529 4533 contigit
2550 4465 2616 4513 ut
2638 4460 2732 4516 ille
2755 4479 2862 4515 sua
2885 4458 3117 4531 pigritia
3145 4455 3287 4509 nihil
3312 4453 3658 4524 acquireret,
3685 4450 3793 4504 hoc
3818 4466 3932 4504 non

2287 4549 2572 4627 prtescivit
2603 4550 2696 4606 ille
2727 4549 2826 4620 qui
2854 4546 3059 4603 dedit?
3089 4543 3278 4598 dicere
3318 4540 3491 4596 etiam
3528 4542 3716 4610 potest
3738 4537 3780 4604 ³,
3816 4553 3931 4591 non

2286 4645 2560 4718 implesse
2577 4646 2646 4700 de.
2663 4642 2771 4697 hoc
2787 4641 2947 4696 lucro
2965 4637 3260 4694 Christum
3285 4633 3439 4706 quod
3467 4646 3819 4702 magnopere
3839 4646 3930 4684 co-

2286 4737 2506 4810 gitavit.
2558 4736 2752 4791 Potest
2783 4739 2840 4787 et
2869 4731 3011 4785 illud
3061 4728 3319 4792 tertium,
3355 4725 3424 4779 ad
3462 4721 3838 4777 maledictum
3873 4736 3931 4774 se

2287 4827 2636 4885 convertisse
2659 4818 3303 4896 superatum,quoniam
3328 4815 3682 4884 dixit,Ligate
3699 4812 3789 4866 illi
3811 4827 3929 4864 ma-
3979 4829 3988 4836 ·

2285 4937 2388 4975 nus
2417 4929 2466 4974 et
2493 4918 2668 4990 pedes,
2701 4924 2752 4970 et
2791 4915 3047 4986 projicite
3082 4928 3204 4966 eum
3236 4912 3295 4962 in
3345 4905 3593 4962 tenebras
3631 4904 3932 4958 exteriores

2289 5012 2493 5084 (Matth.
2526 5027 2655 5077 xxv,
2683 5008 2902 5078 15-20):
2932 5006 3084 5060 sicut
3113 5003 3183 5058 de
3214 5001 3396 5056 Adam
3422 4998 3646 5052 dictum
3672 5008 3779 5060 est,
3810 4999 3873 5047 ut
3902 5008 3934 5046 a

2289 5102 2442 5173 ligno
2473 5102 2601 5155 vita:
2627 5102 2930 5170 separatus
2953 5099 3136 5149 morte
3160 5092 3335 5147 etiam
3365 5086 3622 5159 corporis
3654 5084 3933 5156 plectere-

2288 5199 2383 5247 tur
2429 5189 2579 5265 (Gen.
2614 5206 2700 5254 ιιι,
2730 5190 2821 5255 24,
2859 5187 2966 5258 19).
3022 5183 3168 5239 Huic
3216 5181 3372 5237 enim
3428 5176 3648 5233 homini
3695 5177 3932 5241 diserto,

2287 5283 2609 5340 deﬁcientis
2631 5283 2651 5315 ‘
2669 5280 3064 5346 maledictum,
3081 5277 3310 5331 videtur
3326 5269 3577 5346 potentis
3596 5268 3930 5339 imperium.

2351 5433 2369 5467 1
2403 5432 2460 5478 In
2493 5430 2636 5489 Mss,
2667 5441 2763 5491 quo
2791 5425 2928 5491 velut
2951 5434 3110 5491 acute.

2353 5496 2373 5528 ³
2401 5494 2485 5541 Er.
2519 5497 2572 5540 et
2602 5487 2743 5548 Loth,
2774 5489 3108 5552 praevidisset.
3137 5487 3419 5552 corrupte.

2352 5559 2372 5592 ³
2398 5558 2471 5604 Ex
2501 5541 2809 5602 auctoritate
2836 5555 2918 5600 Er.
2962 5551 3125 5613 Lugd.
3169 5541 3448 5613 Venflcov.
3480 5541 3813 5613 restituimus
3844 5549 3928 5613 vo-

2290 5602 2630 5681 cemjvpotest,
2659 5630 2777 5678 quae
2809 5602 3148 5681 omittiturin
3184 5615 3253 5681 Β..
3286 5609 3466 5681 addita
3496 5611 3671 5681 tamen
3713 5603 3813 5650 hac
3842 5602 3928 5650 ad-

2290 5667 2562 5733 notatione
2599 5667 2873 5741 marginali
2907 5691 2919 5724 :
2954 5695 2977 5718 α
3010 5675 3256 5741 subaudi,
3282 5675 3462 5741 potest.
3495 5685 3540 5741 »Ι
3618 5667 3689 5715 Μ.

2352 5724 2561 5796 iiiiléi
2590 5724 3076 5804 [orsae/intentis.
3113 5724 3303 5791 Postea
3329 5734 3492 5786 etiam
3528 5730 3668 5790 loco,
3694 5724 3930 5793 patentis,
