4094 6448
116 485 237 544 621

108 634 275 679 num.
302 617 397 687 qui
421 619 657 688 paratus
687 620 766 672 est
794 615 1013 672 diabolo
1042 627 1096 673 et
1114 621 1325 690 angelis
1344 620 1460 691 ejus
1481 620 1509 675 ‘l
1539 622 1620 676 Ibi
1654 638 1768 676 non

109 704 865 778 sanguineinebriabuntur
881 707 1102 778 sagitta:
1126 728 1139 775 ;
1156 709 1253 763 sed
1273 725 1385 763 non
1401 709 1772 765 satiabuntur

107 797 399 853 membris
413 796 689 851 omnibus
712 796 961 852 flammae
978 814 990 852 :
1010 815 1112 853 nec
1131 815 1334 854 carnes
1350 798 1583 871 gladius
1603 816 1768 855 man-

108 890 380 956 ducabit,
424 906 665 945 sensum
712 887 930 945 doloris
980 890 1150 945 citius
1182 892 1449 947 auferens
1500 892 1767 956 mortuis,

108 999 297 1056 quam
331 982 586 1037 inferens
635 980 996 1049 vulneratis;
1044 982 1144 1037 sed
1197 998 1367 1038 nemo
1415 982 1770 1040 cruciatibus

108 1075 326 1131 saltem
360 1074 659 1129 moriendo
692 1072 1081 1143 subtrahitur,
1102 1090 1172 1129 ne
1206 1073 1264 1129 in
1290 1075 1573 1131 moriente
1593 1075 1769 1131 simul

110 1168 295 1223 etiam
337 1166 466 1238 ipsa
510 1182 680 1238 praua
711 1165 1014 1220 moriatur.
1049 1166 1164 1221 Cur
1192 1183 1305 1221 non
1340 1167 1433 1223 hic
1464 1168 1640 1223 dicit:
1668 1167 1769 1223 Co-

110 1259 412 1315 lendumne
460 1260 628 1313 istum
666 1274 736 1313 an
784 1258 971 1329 potius
991 1260 1388 1314 exsecrandum
1418 1259 1769 1330 fugiendum-

112 1367 223 1422 que
245 1366 358 1406 esse
385 1349 663 1405 dicemus?
691 1353 781 1404 An
823 1347 993 1404 timet
1019 1348 1090 1403 de
1118 1349 1347 1407 Christo
1397 1350 1509 1407 ista
1557 1350 1767 1420 dicere,

112 1458 191 1498 ne
221 1441 408 1512 ipsius
438 1440 592 1513 ignis
624 1439 823 1495 aeterni
854 1439 1212 1512 supplicium
1244 1458 1357 1497 non
1391 1443 1619 1511 evadat,
1655 1459 1771 1515 quo

112 1534 218 1591 ille
239 1534 451 1607 impios
482 1538 770 1606 praeparat
800 1533 1065 1601 mittere;
1101 1538 1158 1590 et
1186 1533 1412 1605 ignorat
1443 1535 1621 1592 miser
1648 1536 1771 1593 haec

110 1623 364 1680 dicendo
394 1624 467 1679 de
502 1629 611 1679 Deo
663 1624 1109 1694 Pmphetarum,
1164 1624 1238 1680 de
1274 1624 1401 1696 ipso
1446 1642 1509 1681 se
1558 1625 1768 1696 dicere,

110 1717 290 1786 cujus
345 1720 466 1770 tam
516 1715 885 1770 tremendam
937 1714 1306 1771 severitatem
1354 1715 1413 1770 in
1465 1714 1770 1788 Evangelio

111 1807 395 1863 formidat
426 1806 715 1863 oﬂ‘endere
735 1806 762 1861 ?

187 1898 424 1956 CAPUT
446 1900 626 1955 XVII.
650 1929 713 1939 —-
734 1900 823 1953 34.
850 1899 1244 1972 Reprehendit
1264 1898 1462 1971 etiam,
1479 1900 1632 1972 quod
1658 1917 1769 1972 pa:-

112 2008 228 2047 nas
262 1991 577 2064 impiorum
631 1990 991 2061 significatas
1022 2008 1125 2063 per
1179 2008 1351 2047 uvam
1400 1991 1552 2048 fellis
1582 1995 1637 2047 et
1666 1992 1771 2048 bo-

78 2134 81 2137 ,
114 2088 285 2139 trum
315 2082 749 2149 amaritudinis,
782 2087 839 2139 et
860 2084 1114 2140 furorem
1130 2086 1452 2142 draconum
1476 2088 1650 2156 atque
1671 2100 1772 2140 as-

114 2174 350 2247 pidum,
385 2172 656 2229 collectas
688 2172 829 2228 dicit
857 2190 986 2229 esse
1020 2175 1170 2231 Deus
1201 2176 1354 2247 apud
1382 2191 1465 2242 se,
1488 2184 1547 2231 et
1576 2176 1772 2247 signa-

113 2270 213 2321 tas
247 2265 305 2320 in
337 2264 637 2321 thesauris
668 2265 814 2331 suis,
847 2266 1175 2322 reddendas
1225 2268 1281 2323 in
1326 2271 1606 2339 tempore,
1638 2283 1769 2321 cum

116 2356 329 2427 lapsus
352 2356 525 2411 tuerit
551 2372 653 2428 pes
682 2372 882 2412 eorum
926 2360 1095 2425 (Deut.
1135 2374 1309 2425 xxxix,
1331 2358 1523 2427 33-35)
1555 2374 1569 2412 :
1605 2357 1775 2429 igno-

116 2465 265 2505 rans
296 2447 601 2504 thesauros
632 2448 726 2503 hic
757 2448 1081 2521 appellatas
1130 2450 1386 2505 occultas
1435 2450 1773 2521 dispositio-

115 2557 227 2596 nes
268 2539 389 2607 Dei,
424 2540 524 2613 qui
556 2540 815 2613 disponit
846 2541 1086 2596 reddere
1118 2541 1430 2613 unicuique
1452 2541 1772 2597 secundum

115 2649 301 2704 opera
330 2634 479 2703 ejus.
515 2633 677 2689 Unde
702 2634 1019 2705 Apostolus
1050 2633 1195 2689 dicit
1230 2651 1242 2689 :
1282 2635 1352 2688 Tu
1382 2638 1566 2689 autem
1584 2649 1773 2689 secun-

114 2724 255 2780 dum
285 2724 552 2781 duritiam
581 2726 761 2780 cordis
782 2727 868 2781 tui
896 2730 947 2782 et
975 2742 1070 2782 cor
1090 2727 1464 2797 impaenitens,
1499 2728 1773 2781 thesauri-

111 2833 217 2872 ωε
248 2816 354 2871 tibi
380 2817 525 2871 iram
554 2817 613 2871 in
644 2816 735 2871 die
763 2817 868 2873 ira:
917 2821 969 2872 et
1014 2818 1369 2873 reuelationis
1407 2818 1551 2889 justi
1570 2816 1778 2888 judicii

112 2906 238 2971 Dei,
273 2906 371 2977 qui
398 2904 584 2961 reddet
615 2906 919 2978 unicuique
948 2905 1249 2960 secundum
1264 2921 1431 2973 Opera
1452 2907 1569 2977 ejus
1599 2906 1772 2977 (Rom.

114 3012 183 3066 ιι,
215 2996 273 3061 5,
306 2996 380 3067 6).
411 2995 577 3066 Apud
606 3010 781 3067 quem
816 2995 971 3049 enim
1006 2994 1117 3049 sibi
1138 2995 1654 3051 thesaurizatiram
1679 3012 1779 3051 cor

112 3085 521 3156 impcenitens,
554 3085 665 3141 nisi
694 3085 849 3157 apud
880 3100 1016 3140 eum
1049 3085 1149 3156 qui
1180 3084 1339 3141 vivos
1369 3091 1459 3141 est
1479 3086 1777 3157 judicatu-

114 3190 227 3230 rus
257 3178 317 3229 et
346 3173 653 3230 mortuos?
696 3178 892 3245 Neque
940 3173 1096 3229 enim
1148 3175 1421 3230 nesciunt
1468 3176 1644 3231 etiam
1693 3173 1777 3229 illi

114 3267 353 3319 veteres
384 3262 536 3318 Libri
569 3264 913 3318 thesaurum
945 3263 1417 3330 desiderabilem,
1452 3266 1523 3320 de
1554 3281 1669 3336 quo
1697 3264 1776 3319 ibi

117 3340 413 3422 scriptum
432 3356 522 3407 est
539 3352 691 3423 quod
716 3352 1076 3423 resquiescat
1098 3352 1156 3407 in
1176 3370 1273 3407 ore
1291 3354 1574 3425 sapientis
1591 3354 1775 3423 (Prov.

116 3458 242 3507 xxi,
274 3442 366 3509 20,
399 3458 502 3497 sec.
538 3441 723 3513 LXX).
768 3442 836 3496 Et
882 3442 940 3496 in
995 3442 1312 3509 proverbiis
1357 3442 1592 3513 legitur,
1641 3442 1779 3513 quia

120 3535 273 3589 Deus
302 3533 635 3589 thesaurizat
662 3532 1022 3604 diligentibus
1050 3550 1108 3588 se
1125 3532 1361 3589 salutem
1384 3534 1488 3606 (Id.
1514 3550 1635 3602 vm,
1662 3534 1777 3605 21);

120 3628 184 3680 et
211 3624 396 3679 Isaias
426 3622 727 3695 pr0pheta,
760 3625 824 3679 In
873 3624 1176 3679 thesauris‘
1226 3626 1380 3681 salus
1430 3630 1625 3681 nostra
1646 3642 1666 3679 :
1697 3626 1780 3680 ibi

118 3715 406 3786 sapientia
433 3725 486 3769 et
516 3714 813 3785 disciplina
840 3719 891 3769 et
907 3716 1085 3786 pietas
1115 3714 1184 3769 ad
1211 3717 1520 3771 Dominum.
1554 3718 1623 3771 lli
1651 3725 1780 3772 sunt

121 3805 381 3860 thesauri
418 3804 846 3873 justitiEUsai.
903 3821 1100 3867 xxxm,
1130 3805 1208 3875 6).
1233 3806 1339 3859 Sed
1398 3805 1694 3877 vaniloqui
1726 3810 1783 3862 et

125 3893 349 3949 mentis
382 3892 723 3947 seductores
745 3893 1119 3948 adversantes
1152 3892 1383 3949 Litteris
1406 3895 1609 3963 sacris,
1636 3912 1781 3967 quas

125 3982 459 4055 intelligere
492 3981 720 4052 nolunt,
755 3981 982 4054 eligunt
1039 3999 1108 4038 ex
1155 3983 1239 4038 eis
1287 4001 1493 4055 aspera
1525 4001 1654 4055 quae
1704 3986 1785 4042 ibi

124 4073 413 4145 leguntur
459 4072 529 4126 ad
584 4072 1111 4127 commendandam
1158 4072 1520 4127 severitatem
1559 4074 1698 4142 Dei;
1730 4078 1787 4129 et

127 4164 202 4218 de
235 4161 473 4218 Litteris
494 4160 841 4232 evangelicis
873 4166 1047 4231 atque
1077 4160 1411 4232 apostolicis
1454 4160 1609 4216 lenia
1660 4180 1785 4234 qua

130 4253 214 4308 ibi
238 4253 519 4325 leguntur
540 4250 610 4305 ad
642 4250 1167 4305 commendandam
1214 4250 1533 4306 bonitatem
1565 4251 1663 4306 Dei
1694 4255 1789 4307 :et

131 4342 293 4413 apud
320 4338 588 4395 homines
633 4339 935 4411 imperitos
968 4339 1104 4394 hinc
1138 4340 1416 4410 ingerunt
1464 4339 1785 4409 horrorem,

133 4432 273 4487 inde
305 4434 577 4499 quarunt
606 4430 858 4485 favorem
888 4448 901 4485 :
930 4430 1098 4501 quasi
1129 4430 1365 4485 difficile
1404 4429 1480 4485 sit
1520 4436 1583 4486 ut
1620 4432 1787 4503 quis-

135 4540 317 4597 quam
353 4521 625 4579 similiter
655 4520 1037 4593 blasphemus
1068 4528 1243 4593 atque
1274 4522 1491 4593 impius
1522 4539 1587 4578 eo
1621 4522 1790 4580 modo

136 4616 484 4671 advcrsetur
515 4612 671 4669 Novo
698 4611 1093 4677 Testamento,
1129 4628 1240 4681 quo
1274 4612 1385 4667 iste
1413 4612 1622 4679 Veteri,
1666 4630 1791 4670 car-

138 4723 285 4779 pens
318 4705 390 4760 de
412 4703 619 4758 Vetere
642 4702 856 4774 quibus
874 4702 949 4757 ibi
968 4702 1411 4757 commendatur
1429 4703 1524 4758 Dei
1539 4705 1792 4771 bonitas,

136 4802 196 4852 et
225 4812 256 4852 e
279 4793 578 4851 contrario
611 4793 682 4848 de
712 4793 865 4849 Novo
891 4793 1107 4866 quibus
1128 4792 1207 4848 ibi
1228 4797 1674 4851 commendatur
1697 4797 1795 4853 Dei

140 4888 464 4953 severitas;
497 4890 554 4941 et
604 4885 815 4941 clamet
866 4885 1189 4941 invidiosus
1221 4890 1394 4958 atque
1419 4904 1747 4944 venenosus
1778 4907 1792 4946 :

140 4979 287 5033 Ecce
309 4975 412 5047 qui
444 4974 597 5029 Deus
632 4973 912 5029 colendus
943 4979 1033 5030 est
1060 4977 1376 5031 misericors
1403 4984 1454 5032 et
1480 4978 1795 5051 miseratur,

149 5064 494 5135 longanimis
525 5066 582 5116 et
608 5062 805 5118 multa:
835 5062 1258 5125 misericordiae;
1277 5064 1375 5134 qui
1406 5080 1517 5119 non
1544 5067 1604 5119 in
1633 5066 1797 5135 ﬁnem

142 5156 448 5216 irascetur,
480 5166 653 5221 neque
693 5151 753 5205 in
794 5153 1068 5207 aeternum
1106 5150 1511 5222 indignabitur;
1544 5154 1644 5224 qui
1692 5171 1803 5211 non

146 5241 452 5297 secundum
483 5254 701 5309 peccata
725 5248 907 5295 nostra
932 5240 1067 5312 fecit
1096 5242 1275 5307 nobis,
1310 5258 1481 5312 neque
1509 5244 1804 5299 secundum

148 5334 480 5404 iniquitates
507 5338 720 5385 nostras
764 5330 1026 5384 retribuit
1055 5330 1210 5385 nobis
1236 5348 1248 5395 ;
1278 5331 1376 5385 sed
1411 5340 1676 5402 quantum
1696 5334 1807 5389 dis—

147 5425 225 5475 tat
257 5422 451 5476 oriens
479 5420 551 5474 ab
599 5418 885 5485 occidente,
936 5420 1094 5487 longe
1147 5421 1279 5489 fecit
1323 5436 1357 5473 a
1390 5422 1544 5476 nobis
1580 5431 1807 5493 peccata

146 5518 336 5566 nostra
357 5525 379 5570 ,'
405 5507 504 5578 qui
526 5512 670 5563 sicut
687 5510 984 5563 miseratur
1004 5517 1160 5579 pater
1188 5508 1357 5577 ﬁlios,
1388 5511 1470 5565 sic
1511 5514 1811 5569 miseratur

151 5601 407 5653 timentes
428 5613 484 5652 se
505 5597 975 5668 (Psal.c11,8-13);
1006 5597 1105 5666 qui
1136 5597 1295 5652 dicit.
1314 5599 1443 5653 Noto
1456 5605 1809 5674 mortempec-

149 5687 655 5757 catoris,quantum
682 5693 740 5740 ut
763 5688 1078 5741 revertatur
1105 5686 1808 5759 etvivat(Ezech.xvm,23,

212 5857 230 5891 ¹
264 5855 427 5926 ῌάἱῑί,
460 5856 519 5906 In
549 5856 804 5926 tliesquzis
832 5856 1108 5926 est.__Mss._
1131 5870 1263 5926 vero
1288 5863 1475 5926 carent
1504 5863 1689 5923 verbo,
1718 5868 1811 5926 est,

154 5919 431 5991 quodnec
457 5920 603 5991 apud
632 5920 757 5970 LXX
774 5920 1067 5991 reperitur.
1087 5919 1149 5969 In
1168 5919 1361 5991 iisdem
1384 5924 1507 5991 Nisa.
1533 5919 1814 5991 omittitur,

152 5984 201 6033 et
216 5982 412 6048 pietas;
445 5982 533 6033 cui
560 5986 744 6035 tamen
771 5984 828 6035 in
846 5982 1055 6047 gnsco,
1079 5984 1387 6047 respondet,
1407 5983 1497 6038 kal
1525 5989 1748 6041 eusébia.

1550 491 1783 551 LIBER
1832 492 2149 552 PRIMUS.

3417 498 3533 557 622

1878 630 1930 677 et
1948 623 2395 695 xxxm,li).Non
2420 623 2515 679 ille
2537 624 3189 697 quipropterlucrorum
3205 626 3536 683 avaritiam’

1880 712 2054 767 etiam
2086 730 2217 767 eum
2253 731 2487 769 servum
2520 716 2622 786 qui
2656 733 2769 770 non
2798 716 3051 787 perdidit
3076 717 3359 772 talentum
3380 719 3534 789 quod

1882 807 2202 872 acceperat,
2239 808 2458 857 tantum
2493 805 2627 874 quia
2657 822 2769 859 non
2801 804 3057 876 amplius
3099 806 3432 876 acquisivit,
3467 806 3537 861 li-

1880 889 2033 961 gatis
2065 892 2336 947 manibus
2370 893 2571 963 projici
2605 893 2788 964 jussit
2820 894 2875 946 in
2923 895 3193 949 tenebras
3224 894 3537 951 exteriores

1882 979 1979 1034 ubi
2002 986 2157 1036 esset
2177 981 2227 1036 ei
2257 981 2427 1036 fletus
2459 986 2515 1037 et
2548 981 2763 1037 stridor
2784 982 3045 1037 dentium
3070 983 3273 1049 (Matth.
3293 1002 3420 1054 xxv,
3448 985 3535 1039 14-

1880 1068 1970 1140 30)
1998 1087 2011 1125 :
2040 1075 2097 1126 et
2144 1071 2243 1143 qui
2276 1070 2574 1127 hominem
2609 1089 2723 1127 non
2760 1072 3069 1127 habentem
3113 1080 3331 1127 vestem
3382 1091 3529 1145 nup-

1880 1157 2076 1213 tialem
2110 1159 2179 1214 de
2210 1159 2467 1215 convivio
2500 1177 2605 1216 suo
2638 1160 2807 1227 tollit,
2842 1166 2899 1216 et
2924 1159 3195 1215 similiter
3225 1161 3528 1233 alligatum

1881 1246 2058 1303 simili
2091 1249 2381 1321 supplicio
2413 1250 2580 1321 punit
2621 1250 2720 1321 (ld.
2762 1268 2900 1315 χχιι,
2952 1251 3238 1305 11-13zet
3288 1252 3387 1321 qui
3432 1267 3528 1306 ve-

1880 1335 2177 1393 nientibus
2210 1341 2280 1394 ad
2315 1355 2397 1406 se,
2431 1344 2488 1394 et
2517 1338 2911 1412 pulsantibus,
2946 1344 3002 1395 et
3035 1339 3386 1407 dicentibus,
3420 1341 3524 1396 Do-

1879 1428 2049 1494 mine,
2080 1432 2238 1501 aperi
2265 1431 2449 1494 nobis;
2481 1432 2812 1502 respondet,
2848 1432 2961 1486 Non
2984 1447 3073 1487 vos
3100 1435 3261 1498 novi;
3294 1436 3522 1487 tantum

1879 1516 2019 1587 quia
2047 1516 2239 1573 oleum
2271 1535 2490 1587 secum,
2521 1522 2674 1592 quod
2710 1520 3085 1575 infunderent
3133 1520 3256 1576 suis
3300 1519 3524 1592 lampa-

1880 1604 2097 1675 dimus,
2134 1624 2247 1662 non
2280 1608 2543 1663 tulerunt
2580 1609 2678 1681 (Id.
2713 1626 2842 1677 xxv,
2875 1609 2991 1680 1-2)
3019 1626 3030 1663 :
3057 1613 3113 1664 et
3142 1610 3240 1680 qui
3292 1614 3528 1681 propter

1882 1710 2064 1750 unum
2098 1696 2583 1751 contumeliosum
2614 1698 2854 1753 verbum
2887 1697 3067 1752 mittit
3098 1697 3155 1751 in
3198 1699 3527 1769 gehennam

1881 1784 1981 1853 (Id.
2014 1801 2068 1855 v,
2103 1787 2194 1856 22)
2221 1801 2233 1838 ε
2260 1790 2316 1840 et
2346 1786 2445 1855 qui
2477 1802 2579 1856 pro
2607 1784 2909 1856 temporali
2956 1786 3084 1839 cibo
3118 1803 3229 1840 non
3275 1792 3527 1857 accepto,

1879 1872 2013 1945 igne
2045 1874 2286 1929 damnat
2313 1878 2525 1929 aeterno
2555 1874 2702 1945 (xxv,
2737 1876 2824 1941 41,
2860 1875 2973 1946 42).
3028 1876 3154 1929 llaec
3194 1880 3368 1945 atque
3420 1875 3530 1930 hu-

1872 1962 2137 2033 jusmodi
2170 1963 2219 2017 si
2251 1962 2384 2034 quis
2414 1979 2631 2018 vesana
2662 1968 2856 2018 mente
2885 1963 3227 2035 sacrilegus,
3261 1964 3395 2019 inde
3442 1966 3528 2019 le-

1882 2050 2001 2117 nia,
2035 2051 2172 2106 hinc
2204 2068 2411 2123 aspera
2436 2051 2692 2123 colligat;
2729 2068 2792 2106 ac
2824 2052 2908 2107 sic
2952 2052 3177 2106 omines
3232 2058 3532 2107 utrarum-

1881 2156 1994 2212 que
2026 2140 2374 2196 Litterarum
2408 2141 2708 2211 imperitos
2740 2158 2772 2195 a
2796 2140 3026 2196 Christo
3068 2146 3345 2212 tanquam
3382 2158 3531 2195 saevo

1881 2234 1937 2285 et
1969 2229 2190 2284 crudeli
2218 2236 2459 2285 conetur
2488 2235 2764 2297 avertere,
2799 2235 2854 2283 et
2898 2231 2968 2283 ad
3000 2234 3178 2284 Deum
3215 2230 3529 2301 PrOpheta-

1883 2335 2013 2373 rum
2047 2318 2483 2374 misericordem
2507 2319 2828 2390 mitemque
2861 2325 3223 2385 convertere;
3260 2336 3450 2375 nonne
3472 2324 3530 2375 et

1880 2407 1975 2462 hic
2008 2408 2118 2479 ipsi
2168 2409 2267 2479 qui
2299 2408 2407 2463 hoc
2446 2408 2585 2463 facit
2615 2408 2805 2461 Veteri
2838 2408 3229 2473 Testamento,
3262 2408 3417 2479 quod
3451 2409 3522 2463 ab

1881 2496 2120 2552 homine
2151 2497 2423 2552 similiter
2446 2496 2731 2567 sacrilego
2767 2501 2962 2567 posset
2993 2497 3112 2550 fieri
3146 2496 3299 2551 Novo
3332 2496 3527 2568 impu-

1882 2603 1983 2641 rus
2007 2592 2182 2657 atque
2212 2587 2430 2658 impius
2462 2586 2813 2658 apparebit?
2843 2584 2943 2656 qui
2975 2590 3170 2640 autem
3211 2591 3364 2640 recte
3396 2586 3534 2641 colit

1883 2676 2091 2743 Deum,
2125 2680 2180 2731 et
2222 2677 2476 2747 profecto
2536 2676 2844 2746 utriusque
2902 2675 3259 2729 Testamenti
3315 2676 3538 2731 invenit

1886 2780 2071 2820 unum
2104 2765 2308 2832 Deum,
2342 2770 2398 2819 et
2425 2765 2699 2835 ejusdem
2722 2764 2896 2817 unius
2928 2762 3027 2818 Dei
3061 2762 3116 2816 in
3153 2769 3399 2835 utroque
3448 2764 3536 2819 di-

1882 2852 2013 2925 ligit
2042 2853 2382 2922 bonitatem,
2411 2854 2469 2908 in
2506 2859 2754 2924 utroque
2786 2851 2993 2906 metuit
3023 2852 3388 2906 severitatem
3425 2869 3438 2907 :
3476 2853 3535 2908 in

1882 2942 1980 2998 illo
2013 2941 2344 3015 intelligens
2377 2942 2732 3013 promissum
2756 2940 3075 3011 Christum,
3110 2941 3167 2995 in
3199 2941 3310 2997 isto
3371 2942 3531 2996 acci-

1882 3032 2048 3104 piens
2080 3032 2367 3086 redditum
2399 3031 2718 3085 Christum.

1952 3121 2041 3175 35.
2086 3120 2286 3177 Nonne
2318 3120 2482 3191 prius
2513 3120 2571 3174 in
2605 3119 2725 3173 illis
2754 3119 3049 3173 veteribus
3092 3118 3279 3174 Libris
3313 3118 3531 3175 lectum

1882 3214 1990 3279 est,
2014 3226 2129 3264 non
2163 3209 2523 3264 reddendum
2552 3206 2770 3262 malum
2804 3224 2906 3279 pro
2938 3207 3113 3274 malo,
3145 3208 3241 3263 ubi
3269 3209 3530 3280 praecipi-

1882 3303 1979 3353 tur
2008 3304 2073 3353 ut
2101 3298 2150 3353 si
2174 3300 2515 3369 jumentum
2557 3296 2776 3351 inimici
2808 3296 2898 3352 sui
2930 3313 3122 3351 errare
3152 3297 3402 3367 quisque
3432 3298 3525 3351 in-

1882 3388 2124 3453 venerit,
2158 3392 2385 3441 revocet
2415 3386 2651 3441 domino
2676 3385 2838 3455 ejus;
2871 3390 2926 3439 et
2955 3385 3000 3439 si
3032 3384 3310 3439 cecidisse
3333 3385 3388 3439 in
3408 3386 3521 3455 via,

1884 3493 1997 3531 non
2032 3480 2412 3547 pertranseat,
2438 3475 2537 3529 sed
2570 3473 2717 3528 levet
2746 3490 2879 3528 cum
2908 3473 3006 3529 illo
3038 3474 3231 3543 (Exod.
3264 3491 3423 3539 χχιιι,
3467 3474 3521 3541 4,

1880 3564 1976 3635 5)?
2008 3565 2211 3619 Nonne
2242 3566 2317 3618 ibi
2345 3564 2503 3635 prius
2536 3564 2819 3633 scriptum
2872 3568 2961 3617 est
3006 3562 3161 3634 quod
3214 3561 3525 3634 Apostolus

1886 3654 2085 3724 ponit:
2119 3654 2180 3709 Si
2204 3655 2378 3709 esurit
2406 3654 2665 3707 inimicus
2708 3655 2855 3722 tuus,
2888 3652 3009 3706 ciba
3055 3651 3261 3712 illum;
3300 3654 3349 3705 si
3385 3653 3525 3718 sitit,

1880 3752 2071 3814 potum
2090 3743 2161 3797 da
2188 3744 2283 3798 illi
2310 3744 2487 3809 (Prov.
2526 3758 2656 3807 xxv,
2686 3742 2811 3805 21,;
2843 3742 2992 3796 Rom.
3022 3758 3122 3811 χιι,
3156 3742 3289 3811 20)?
3329 3741 3532 3796 Nonne

1885 3832 1965 3887 ibi
1998 3832 2158 3903 prius
2190 3832 2364 3886 homo
2398 3830 2493 3885 Dei
2525 3831 2640 3886 Deo
2688 3847 2815 3897 suo,
2868 3831 3021 3902 quod
3070 3831 3119 3884 ei
3170 3829 3372 3901 utique
3422 3830 3535 3885 scit

1888 3922 2134 3994 placere,
2168 3922 2308 3976 dicit
2342 3939 2354 3976 :
2387 3922 2610 3976 Domine
2652 3921 2789 3975 Deus
2839 3936 3011 3988 meus,
3043 3921 3093 3974 si
3138 3922 3249 3989 feci
3293 3920 3453 3989 istud,
3485 3921 3537 3974 si

1887 4022 1962 4069 est
1992 4014 2261 4084 iniquitas
2293 4014 2351 4066 in
2374 4012 2626 4066 manibus
2656 4012 2812 4075 meis,
2846 4012 2894 4065 si
2924 4010 3140 4065 reddidi
3170 4012 3535 4066 retribuenti-

1892 4106 1989 4159 bus
2009 4105 2151 4159 mihi
2180 4105 2331 4157 mala
2362 4104 2531 4174 (Psal.
2568 4119 2668 4170 vn,
2694 4104 2747 4167 4,
2767 4103 2861 4171 5)?
2902 4102 3102 4159 Nonne
3133 4103 3210 4156 ibi
3244 4104 3406 4174 prius
3433 4102 3533 4157 Je-

1893 4194 2103 4249 remias
2136 4192 2420 4265 propheta
2444 4191 2720 4246 describit
2765 4191 2951 4246 sancti
2994 4191 3356 4262 patientiam,
3392 4208 3533 4262 prea-

1892 4282 2084 4337 bentis
2144 4280 2488 4353 percutienti
2535 4297 2597 4335 se
2646 4280 2941 4335 maxillam
2993 4280 3208 4350 (Thren.
3262 4298 3344 4343 m,
3394 4278 3534 4350 30)?

1892 4371 2096 4428 Nonne
2124 4370 2203 4426 ibi
2236 4371 2397 4442 prius
2430 4388 2531 4442 per
2562 4369 2742 4424 alium
2785 4370 3124 4440 prophetam
3178 4370 3535 4441 praecipitur,

1896 4466 1960 4516 ut
1993 4460 2276 4515 malitiam
2310 4460 2719 4531 unusquisque
2753 4458 2948 4514 fratris
2974 4460 3065 4514 sui
3112 4477 3224 4515 non
3266 4458 3536 4514 reminis-

1896 4554 2060 4605 catur
2089 4550 2273 4620 (Levit.
2298 4566 2413 4619 xux,
2444 4548 2581 4619 18)?
2611 4548 2759 4613 Quid
2793 4553 2882 4603 est
2911 4565 3047 4619 ergo
3071 4550 3224 4620 quod
3250 4549 3358 4604 iste
3382 4548 3539 4603 blas-

1897 4641 2145 4714 phemus
2178 4641 2299 4696 haec
2330 4645 2608 4711 tanquam
2643 4639 2931 4694 contraria
2959 4640 3134 4694 veteri
3166 4641 3540 4695 Testamento

1897 4733 1969 4786 de
1998 4735 2152 4785 Novo
2183 4729 2426 4800 colligit,
2470 4732 2572 4783 aut
2620 4733 2899 4799 utrasque
2944 4729 3194 4783 Litteras
3254 4727 3541 4794 nesciens,

1898 4824 2001 4876 aut
2033 4823 2097 4873 ut
2129 4817 2368 4889 dicipiat
2400 4816 2723 4887 imperitos,
2753 4834 2815 4871 se
2845 4817 2992 4873 scire
3032 4815 3457 4872 dissimulans?
3499 4816 3546 4869 Α

1900 4925 2015 4981 quo
2048 4912 2244 4962 tamen
2276 4905 2324 4962 si
2356 4916 2673 4977 quaeratur,
2707 4912 2903 4960 utrum
2947 4923 3060 4961 non
3095 4906 3296 4961 reddat
3328 4904 3546 4960 malum

1900 5013 2004 5071 pro
2037 4996 2210 5067 malo,
2246 4995 2341 5067 qui
2380 5012 2480 5067 pro
2512 4995 2640 5050 cibo
2678 5013 2790 5049 non
2825 5000 3059 5066 accepto
3090 4996 3146 5049 in
3182 4995 3373 5065 ignem
3410 4994 3545 5048 mit-

1902 5087 1973 5142 tit
2000 5091 2317 5153 aaternum;
2370 5084 2623 5155 profecto
2671 5084 3023 5153 turbabitur,
3054 5088 3111 5139 et
3139 5082 3551 5138 admonebitur

1903 5173 2441 5246 incomparabiliter
2461 5188 2587 5228 esse
2612 5172 2812 5228 mitius
2831 5172 3063 5227 oculum
3090 5188 3192 5244 pro
3214 5170 3549 5241 oculo,den-

1906 5270 2022 5320 tem
2045 5281 2145 5335 pro
2164 5264 2333 5318 dente
2355 5261 2577 5317 homini
2593 5279 2662 5316 au
2676 5259 3363 5332 ferre(E;rod.xx1,24),ubi
3393 5275 3554 5314 men-

1906 5370 2046 5411 sura
2074 5352 2343 5407 vindictae
2392 5352 2627 5405 modum
2676 5368 2791 5405 non
2834 5350 3049 5405 transit
3088 5349 3335 5420 injuriis,
3375 5366 3552 5420 quam

1910 5448 2270 5516 propternon
2291 5440 2609 5495 exhibitam
2635 5440 3083 5504 humanitatem,
3104 5444 3325 5494 tantam
3353 5455 3555 5511 repen-

1910 5533 2045 5588 dere
2076 5531 2466 5598 severitatem,
2493 5529 2589 5584 ubi
2614 5530 2953 5585 transitoria
2972 5534 3060 5584 est
3080 5528 3270 5600 culpa,
3305 5533 3361 5583 et
3385 5529 3559 5583 linem

1914 5639 2027 5678 non
2048 5620 2223 5675 habet
2246 5636 2413 5691 pcnna
2436 5634 2448 5673 :
2468 5624 2641 5688 atque
2664 5618 2743 5673 ita
2761 5620 2962 5685 discet,
2979 5619 3024 5673 si
3045 5618 3310 5689 pervicax
3328 5633 3441 5671 non
3456 5622 3561 5681 est,

1913 5714 1971 5769 in
1998 5718 2245 5783 utroque
2271 5711 2365 5765 Uei
2396 5710 2571 5764 unius
2594 5710 2965 5765 Testamento
2988 5714 3044 5764 et
3062 5710 3375 5764 amandum
3400 5706 3566 5761 boni-

1913 5808 2095 5859 tatem
2134 5806 2190 5857 et
2218 5799 2540 5854 timendam
2586 5803 2975 5855 severitatem.
3002 5799 3281 5862 Quamvis
3320 5797 3474 5852 enim
3507 5796 3566 5849 in

1915 5893 2121 5951 Vetere
2151 5890 2525 5946 Testamento
2574 5895 2813 5961 propter
2841 5888 3253 5961 temporalium
3284 5886 3566 5941 honorum

1920 5978 2372 6057 promissionem
2385 5976 2794 6052 malorumque
2811 5976 3349 6042 comminationem,
3370 5986 3564 6029 servos
