4094 6518
518 456 638 514 623

519 584 1413 658 pariattemporalisJerusalem;
1430 585 1486 640 in
1509 586 1662 641 Novo
1676 587 1999 652 autem,ubi
2018 586 2163 642 ﬁdes

518 678 793 749 impetrat
812 676 1174 742 charitatem,
1200 693 1317 747 qua
1341 676 1427 731 lex
1446 678 1633 757 possit
1651 677 1882 750 impleri
1908 695 2022 733 non
2048 695 2165 733 ma-

519 769 609 842 gis
638 769 843 825 timore
873 784 1054 840 pinnis
1083 784 1258 839 quam
1290 767 1598 824 delictione
1619 769 1917 840 justitiae‘,
1952 768 2166 825 liberos

518 857 709 932 pariat
728 862 942 913 interna
960 856 1285 913 Jerusalem
1308 857 1503 929 (Galat.
1523 859 1794 926 iv,22-31)
1829 875 1841 913 :
1883 863 2079 915 tamen
2110 863 2166 914 et

517 950 636 1008 illis
666 951 1033 1022 temporibus
1058 949 1294 1005 fuerunt
1313 949 1463 1021 justi
1495 950 1850 1022 spirituales,
1871 967 2017 1021 quos
2048 966 2164 1006 non

519 1040 1279 1111 occidebatlitterajubens,
1303 1040 1401 1095 sed
1435 1040 1764 1095 viviﬁcabat
1798 1039 2042 1112 spiritus
2065 1042 2164 1112 ju-

516 1150 663 1189 vans
692 1133 766 1205 (II
800 1132 921 1189 Cor.
945 1149 1030 1199 ιιι,
1053 1133 1131 1203 6).
1156 1131 1319 1187 Unde
1340 1135 1396 1186 et
1414 1131 1554 1187 ﬁdes
1577 1133 1802 1187 venturi
1825 1132 2037 1189 Christi
2061 1132 2164 1189 ha-

517 1224 744 1281 bitabat
760 1224 961 1295 utique
991 1224 1051 1279 in
1082 1222 1407 1295 Prophetis,
1430 1226 1737 1278 venturum
1762 1224 2163 1295 praenuntian-

515 1316 679 1372 tibus
720 1316 1050 1385 Christum;
1091 1321 1149 1371 et
1176 1332 1330 1370 nunc
1368 1319 1506 1370 sunt
1534 1313 1836 1386 plurimini
1878 1315 2160 1384 carnales,

516 1409 616 1480 qui
642 1407 729 1463 vel
763 1408 1011 1464 haereses
1029 1407 1251 1463 faciunt
1280 1405 1790 1479 nonintelligendo
1808 1407 2161 1479 Scripturas,

513 1500 601 1554 vel
633 1500 691 1554 in
724 1498 853 1572 ipsa
881 1497 1180 1554 Catholica
1222 1502 1323 1553 aut
1361 1497 1551 1553 adhuc
1583 1497 1811 1570 parvuli
1861 1498 2008 1554 lacte
2064 1514 2165 1553 nu-

515 1589 791 1658 triuntur,
825 1593 926 1644 aut
979 1593 1261 1660 tanquam
1314 1587 1478 1659 palea
1528 1604 1903 1659 perseverans
1950 1588 2164 1643 futuris

514 1676 751 1749 ignibus
782 1682 1201 1749 praiparantur.
1255 1676 1419 1730 Sicut
1465 1682 1660 1731 autem
1706 1681 1856 1730 Deus
1905 1693 2061 1732 unus
2109 1679 2166 1731 et

515 1782 687 1822 verus
718 1770 942 1822 creator
971 1766 1258 1822 bonorum
1288 1769 1377 1820 est
1394 1769 1450 1820 et
1479 1764 1889 1838 temporalium
1921 1770 1977 1821 et
2007 1771 2161 1822 aeter-

518 1874 748 1923 norum,
781 1857 865 1912 ita
891 1856 1046 1913 idem
1083 1858 1209 1929 ipse
1254 1860 1454 1911 auctor
1492 1862 1579 1912 est
1609 1858 1917 1911 amborum
1961 1857 2162 1912 Testa-

520 1956 886 2019 mentorum;
922 1951 1062 2022 quia
1090 1955 1145 2006 et
1174 1951 1397 2005 Novum
1429 1950 1489 2004 in
1508 1950 1704 2007 Vetere
1721 1956 1809 2006 est
1827 1950 2161 2022 ﬁguratum,

515 2043 574 2097 et
602 2040 782 2095 Vetus
811 2041 871 2094 in
900 2043 1058 2095 Novo
1087 2042 1175 2095 est
1203 2037 1541 2093 revelatum.

589 2125 1030 2198 36.1gnoscendi
1051 2131 1249 2182 autem
1272 2125 1601 2181 misericors
1616 2127 2022 2193 mansuetudo,
2038 2142 2165 2198 pro-

520 2219 649 2286 pter
701 2232 877 2287 quam
923 2215 1144 2270 dictum
1196 2220 1425 2280 est,non
1467 2215 1655 2271 solum
1699 2216 1933 2286 septies,
1961 2232 2161 2271 verum

518 2306 695 2361 etiam
722 2307 1051 2378 septuagies
1070 2307 1281 2379 septies
1306 2307 1465 2361 fratri
1504 2306 1847 2362 remittenda
1876 2322 2004 2363 esse
2032 2323 2162 2379 pec-

518 2400 665 2465 cata,
699 2412 812 2450 non
846 2395 1202 2451 adhocvalet
1234 2396 1391 2451 utsit
1419 2396 1704 2467 iniquitas
1728 2397 2038 2468 impunita,
2065 2400 2165 2451 aut

517 2487 755 2555 torpens
784 2488 840 2539 et
889 2484 1187 2540 dormiens
1218 2484 1545 2556 disciplina,
1581 2487 1733 2556 quod
1769 2485 1961 2557 potius
2012 2484 2166 2540 obsit

518 2588 695 2644 quam
729 2573 976 2645 diligens
1006 2573 1373 2645 vigilansque
1413 2573 1684 2628 vindicta.
1717 2573 1917 2628 Claves
1950 2574 2165 2645 quippe

518 2661 683 2733 regni
711 2661 990 2717 cmlorum
1023 2662 1105 2717 sic
1137 2662 1296 2716 dedit
1323 2660 1589 2719 Christus
1632 2661 1921 2727 Ecclesiae,
1955 2667 2019 2717 ut
2049 2679 2163 2718 non

522 2749 713 2806 solum
772 2751 1009 2817 diceret,
1044 2752 1178 2819 Qum
1203 2752 1475 2807 solveritis
1504 2768 1669 2823 super
1714 2754 1950 2820 terram,
2002 2759 2166 2807 erunt

521 2840 704 2897 soluta
734 2843 786 2896 et
812 2842 872 2895 in
900 2840 1081 2903 caelis;
1111 2840 1209 2895 ubi
1243 2840 1612 2912 apertissime
1634 2842 1875 2908 bonum,
1900 2858 2011 2896 non
2042 2857 2164 2896 ma-

521 2927 647 2983 lum
677 2945 780 3001 pro
804 2928 958 2985 malo
988 2928 1177 2984 reddit
1207 2928 1491 2985 Ecclessia
1515 2946 1528 2984 :
1552 2946 1750 2985 verum
1788 2934 1844 2984 et
1883 2930 2165 3001 adjunge-

524 3021 630 3084 ret,
658 3018 785 3086 Quae
808 3018 1122 3091 ligaveritis
1142 3020 1202 3073 in
1224 3027 1395 3085 terra,
1427 3021 1585 3074 erunt
1625 3018 1800 3087 ligata
1828 3022 1879 3074 et
1908 3020 1967 3074 in
1997 3021 2165 3087 culto,-

526 3110 665 3181 quia
693 3110 847 3165 bona
874 3109 1801 3181 estetvindicandijustitia.Illud
1826 3110 1983 3166 enim
2007 3109 2162 3181 quod

523 3198 624 3269 ait,
656 3198 718 3254 Si
744 3214 843 3254 nec
867 3200 1166 3256 Ecclesiam
1195 3199 1452 3267 audierit,
1494 3201 1566 3254 sit
1596 3200 1697 3255 tibi
1736 3208 2009 3271 tanquam
2056 3198 2164 3255 eth-

518 3288 678 3343 nicus
696 3292 751 3344 et
776 3288 1140 3358 publicanus;
1170 3288 1402 3361 gravius
1430 3292 1516 3344 est
1547 3305 1723 3360 quam
1756 3290 1803 3343 si
1836 3289 2029 3361 gladio
2079 3288 2160 3344 fe-

516 3377 747 3446 riretur,
780 3377 831 3434 si
862 3378 1119 3433 ﬂammis
1149 3380 1576 3440 absumeretur.
1608 3379 1656 3434 si
1702 3379 1838 3434 feris
1893 3378 2156 3450 subrige-

513 3471 672 3524 retur
690 3471 729 3526 ί.
764 3468 911 3524 Nam
942 3467 1021 3523 ibi
1053 3484 1284 3540 quoque
1314 3468 1641 3540 subjunxit.
1663 3469 1833 3523 Amen
1853 3468 1971 3524 dico
1985 3468 2154 3537 vobis,

511 3575 634 3630 qua
662 3560 967 3631 ligaveritis
995 3576 1156 3631 super
1186 3569 1408 3627 terram,
1441 3564 1601 3617 erunt
1632 3562 1802 3631 ligata
1842 3565 1893 3615 et
1922 3562 1979 3614 in
2008 3560 2155 3616 ccelis

508 3650 715 3723 (Matth.
748 3654 1106 3725 xv1n,i7-2‘3)
1138 3671 1150 3708 :
1174 3658 1237 3709 ut
1258 3652 1704 3725 intelligeretur,
1725 3670 1899 3724 quam
1915 3654 2149 3725 gravius

502 3739 581 3795 sit
611 3742 870 3813 punitus,
901 3742 1001 3813 qui
1032 3742 1187 3797 velut
1215 3743 1451 3798 relictus
1499 3746 1589 3797 est
1634 3741 1984 3812 impunitus.
2045 3741 2148 3797 Hic

504 3828 661 3885 dicat
690 3831 820 3897 iste,
844 3831 893 3886 si
926 3830 1136 3903 placet,
1167 3831 1386 3887 Siccine
1411 3832 1687 3886 mandata
1712 3830 2029 3887 Salvatoris
2058 3848 2147 3887 ac-

502 3920 763 3991 cepimus
777 3921 1293 3991 jubentis,Nemini
1313 3919 1659 3975 reddideritis
1680 3920 1887 3975 malum
1909 3938 2011 3992 pro
2024 3938 2144 3975 ma-

499 4008 686 4070 lo,'sed
702 4011 753 4064 si
769 4011 892 4081 quis
921 4026 1010 4066 vos
1031 4011 1367 4081 percusserit
1389 4026 1446 4063 in
1482 4025 1648 4063 unam
1671 4010 1984 4073 maxillam,
1998 4027 2139 4081 prm-

496 4097 610 4153 bete
639 4108 690 4154 et
720 4101 950 4155 alteram
970 4117 993 4162 ,ο
1021 4104 1097 4169 et,
1115 4100 1232 4153 Dim
1243 4102 1385 4155 ittite
1402 4100 1639 4171 injurias
1654 4101 1929 4170 fratribus
1950 4104 2137 4157 vestris

491 4184 905 4259 (Id.v,39-44,et
920 4188 1207 4258 xv1u,35)?
1237 4192 1375 4243 Ecce
1409 4189 1479 4241 ab
1512 4187 1829 4243 homnibus
1860 4206 1972 4244 non
2007 4190 2135 4246 red-

487 4274 762 4332 dentibus
791 4275 1009 4331 malum
1043 4294 1145 4348 pro
1170 4276 1344 4343 malo,
1378 4275 1651 4346 alligatur
1676 4276 1850 4333 homo
1873 4276 2132 4335 amarius

921 452 1228 514 CONTRA
1270 453 1849 517 ADVERSARIUM
1894 455 2119 516 LEGIS
2168 455 2265 515 ET
2312 457 2934 534 PROPHETARUM,
2982 462 3046 520 S.
3095 461 3523 525 AUGUSTINI

3820 466 3933 527 624

2272 587 2432 643 venit
2454 589 2692 646 unicum
2719 592 3091 660 sacriﬁcium,
3117 594 3288 664 cujus
3314 595 3532 651 umbrae
3560 596 3808 654 fuerunt
3842 598 3942 655 illa

2275 678 2477 733 omnia
2510 696 2625 734 non
2656 680 2764 736 hoc
2786 682 3201 754 improbantia,
3233 684 3334 739 sed
3379 684 3487 741 hoc
3516 687 3940 758 significantia.

2280 766 2611 824 Sicutenim
2636 786 2727 825 res
2751 788 2868 826 una
2882 771 3493 829 multislocutionibus
3517 781 3576 830 et
3595 775 3807 833 multis
3834 777 3945 833 lin-

2277 855 2408 927 guis
2429 856 2744 929 signiﬁcari
2772 865 2996 931 potest;
3026 861 3109 917 sic
3125 879 3305 918 unum
3328 880 3531 919 verum
3556 870 3612 920 et
3640 865 3947 939 singulare

2277 944 2634 1002 sacriﬁcium
2674 948 2878 1004 multis
2919 955 3008 1004 est
3039 955 3211 1006 antea
3252 952 3678 1010 sacriﬁciorum
3716 956 3946 1027 signiﬁ-

2276 1038 2473 1089 catum
2494 1036 2717 1108 ﬁguris.
2732 1038 2806 1093 De
2823 1039 3039 1109 quibus
3054 1039 3303 1112 singulis
3324 1041 3419 1097 hic
3432 1042 3735 1115 disputare
3754 1062 3940 1117 quam

2281 1121 2623 1196 sitlongum,
2651 1127 2878 1182 videtis.
2910 1128 3098 1184 Unum
3134 1135 3330 1187 tamen
3356 1131 3545 1187 sciant
3567 1133 3943 1206 insipientes,

2276 1213 2426 1267 tardi
2443 1214 2511 1268 ad
2527 1213 3059 1288 intelligendum,et
3077 1220 3401 1292 principites
3415 1222 3485 1276 ad
3505 1218 3943 1294 reprehenden-

2276 1300 2438 1367 dum,
2471 1305 2624 1374 quod
2646 1305 2872 1360 daemon
2894 1306 3004 1361 sibi
3019 1307 3373 1363 sacriﬁcium
3392 1326 3507 1364 non
3529 1311 3802 1383 exigeret,
3825 1314 3943 1370 nisi

2278 1390 2390 1446 Deo
2414 1408 2543 1447 vero
2565 1392 2760 1449 deberi
2785 1394 2980 1449 sciret.
3007 1395 3211 1452 Falsus
3243 1396 3399 1453 enim
3427 1398 3582 1456 Deus
3603 1401 3689 1456 sic
3730 1418 3792 1457 se
3813 1403 3943 1459 vult

2274 1478 2547 1536 honorari
2578 1482 2650 1537 ab
2688 1483 2771 1539 eis
2795 1501 2940 1555 quos
2978 1484 3209 1557 decipit,
3241 1489 3530 1558 quomodo
3569 1506 3744 1546 verus
3780 1492 3940 1549 Deus

2275 1569 2347 1623 ab
2373 1569 2457 1624 eis
2499 1572 2715 1641 quibus
2759 1572 3122 1629 consulitzet
3145 1576 3396 1632 maxime
3446 1579 3805 1637 sacriﬁcium
3851 1586 3941 1638 est

2275 1659 2423 1728 quod
2458 1660 2748 1732 praecipue
2794 1662 3040 1718 debetur
3072 1669 3201 1720 Deo.
3237 1670 3382 1721 Nam
3414 1668 3699 1740 obsequia
3729 1676 3940 1728 catera

2274 1763 2401 1817 quae
2414 1748 2705 1805 divinitati
2722 1751 3093 1821 exhibentur,
3123 1754 3248 1809 ausi
3265 1756 3526 1813 suntsibi
3540 1758 3714 1813 etiam
3731 1777 3942 1832 super-

2275 1834 2377 1891 biae
2399 1837 2551 1893 fastu
2586 1839 2850 1896 homines
2881 1859 3171 1915 arrogare.
3198 1844 3499 1901 Rarissimi
3544 1854 3741 1905 autem
3774 1865 3939 1905 com-

2274 1933 2687 1998 memorantur,
2722 1930 2821 2001 qui
2854 1931 2964 1986 sibi
3004 1937 3071 1987 ut
3112 1934 3564 2005 sacriﬁcaretur,
3600 1953 3738 1992 cum
3778 1938 3941 2012 regia

2275 2019 2558 2085 potestate
2590 2025 2845 2089 possent,
2886 2021 3014 2076 ausi
3048 2022 3266 2078 fuerint
3304 2024 3620 2096 imperare.
3653 2026 3937 2093 Quicum-

2275 2109 2593 2174 quejtamen
2608 2108 2736 2163 ausi
2751 2114 2906 2176 sunt,
2918 2127 3016 2180 per
3032 2109 3141 2165 hoc
3155 2128 3216 2166 se
3229 2112 3367 2167 deos
3385 2113 3586 2169 haberi
3600 2115 3933 2173 voluerunt.

2272 2194 2581 2250 Sacriﬁciis
2603 2202 2795 2252 autem
2840 2198 3024 2253 Deum
3048 2217 3163 2255 non
3188 2217 3376 2273 egere,
3399 2202 3533 2275 quis
3556 2204 3798 2261 nescit?
3820 2206 3935 2264 Sed

2274 2299 2379 2337 nec
2403 2283 2677 2340 laudibus
2708 2287 2923 2341 nostris
2964 2294 3109 2359 eget.
3143 2289 3355 2345 Verum
3389 2292 3541 2348 sicut
3585 2294 3780 2366 nobis,
3816 2313 3934 2352 non

2274 2371 2379 2439 illi,
2415 2373 2551 2429 utile
2580 2380 2667 2429 est
2688 2374 2928 2432 laudare
2950 2377 3154 2444 Deum;
3190 2379 3273 2435 sic
3298 2381 3487 2451 nobis,
3516 2399 3631 2438 non
3658 2383 3768 2452 illi,
3797 2385 3939 2442 utile

2273 2461 2577 2517 estoﬁ‘erre
2599 2465 2949 2520 sacriﬁcium
2969 2467 3393 2530 Deo.Quoniam
3418 2470 3709 2543 singulari
3730 2478 3790 2528 et
3811 2474 3937 2531 solo

2271 2554 2430 2606 vero‘
2450 2553 2735 2608 sacriﬁcio
2764 2571 2865 2625 pro
2885 2555 3053 2610 nobis
3079 2556 3289 2612 Christi
3313 2559 3555 2630 sanguis
3571 2562 3801 2619 effusus
3814 2569 3935 2621 est:

2273 2639 2401 2695 ideo
2421 2641 2625 2712 primis
2646 2644 3006 2715 temporibus
3025 2646 3094 2699 ad
3114 2646 3220 2701 hoc
3242 2648 3593 2704 sacriﬁcium
3618 2650 3846 2709 talibus
3863 2654 3939 2710 si-

2271 2729 2746 2799 gniﬁcationibus
2770 2734 3786 2804 prophetandum,immaculatorum
3808 2743 3937 2798 ani-

2274 2819 2515 2875 malium
2539 2821 2827 2877 sacriﬁcia
2848 2822 3000 2879 Deus
3014 2824 3123 2879 sibi
3137 2827 3544 2896 jussitoﬁ'erri;
3560 2834 3624 2885 ut
3637 2835 3937 2901 quemad-

2274 2909 2514 2963 modum
2545 2909 2645 2965 illa
2668 2910 3043 2968 immaculala
3064 2919 3230 2969 erant
3259 2934 3293 2970 a
3321 2932 3629 2988 corporum
3648 2920 3834 2991 vitiis,
3854 2924 3938 2980 ita

2271 3004 2603 3068 speraretur
2622 3000 3018 3057 immolandas
3041 3018 3167 3057 esse
3186 3020 3288 3075 pro
3302 3005 3491 3074 nobis,
3512 3008 3610 3078 qui
3631 3009 3802 3066 solus
3825 3012 3934 3067 im-

2273 3086 2599 3143 maculatus
2631 3088 2818 3144 fuerat
2847 3107 2880 3144 a
2912 3092 3183 3162 peccatis.
3204 3094 3337 3159 Quae
3368 3099 3633 3168 tempora
3653 3115 3759 3169 per
3793 3117 3931 3172 pro-

2272 3175 2505 3248 phetam
2538 3178 2622 3233 sic
2663 3180 3129 3249 praenuntiantur
3163 3197 3177 3239 :
3218 3183 3356 3238 Deus
3383 3184 3611 3241 deorum
3652 3188 3933 3247 Dominus

2268 3266 2480 3321 locutus
2509 3274 2607 3333 est,
2639 3276 2692 3322 et
2737 3271 2940 3324 vocavit
2988 3274 3210 3338 terram,
3241 3290 3274 3327 a
3302 3274 3434 3329 solis
3465 3284 3588 3330 ortu
3635 3293 3813 3351 usque
3859 3281 3933 3337 ad

2265 3370 2532 3417 occasum;
2561 3372 2630 3411 ea:
2660 3356 2787 3413 Sion
2810 3361 3013 3430 species
3034 3359 3241 3417 decoris
3268 3380 3409 3434 ejus.
3441 3365 3509 3420 Et
3559 3366 3735 3437 paulo
3787 3374 3932 3440 post

2262 3444 2323 3498 in
2354 3446 2555 3500 eodem
2588 3445 2846 3517 psalmo:
2868 3448 3034 3513 Audi,
3057 3452 3287 3521 populus
3304 3468 3472 3523 meus,
3497 3458 3547 3509 et
3571 3456 3770 3526 loquar
3785 3460 3931 3522 tibi;

2264 3534 2463 3598 Israel,
2496 3539 2548 3589 et
2596 3533 2936 3607 testiﬁcabor
2976 3538 3077 3593 tibi
3106 3556 3125 3592 :
3160 3544 3420 3609 quoniam
3452 3543 3590 3599 Deus
3619 3546 3760 3601 Deus
3792 3551 3931 3605 tuus

2256 3640 2350 3694 ego
2379 3640 2519 3678 sum.
2550 3624 2665 3679 Non
2693 3641 2855 3696 super
2881 3629 3159 3688 sacriﬁcia
3188 3637 3283 3684 tua
3300 3647 3533 3701 arguam
3556 3637 3634 3697 te;
3651 3634 3922 3694 holocau-

2255 3719 2342 3767 sta
2371 3721 2553 3767 autem
2583 3721 2674 3768 tua
2706 3718 2766 3768 in
2795 3725 3083 3783 conspectu
3113 3733 3225 3772 meo
3256 3727 3383 3773 sunt
3398 3735 3629 3786 semper.
3664 3727 3789 3779 Non
3823 3743 3920 3782 ac-

2250 3804 2455 3873 cipiam
2476 3802 2539 3857 de
2564 3802 2719 3858 domo
2751 3812 2845 3858 tua
2860 3805 3079 3872 vitulos,
3106 3822 3278 3878 neque
3293 3807 3360 3861 de
3374 3810 3631 3881 gregibus
3649 3814 3764 3867 tuis
3782 3814 3919 3870 hir-

2248 3906 2352 3945 cos.
2401 3893 2670 3959 Quoniam
2699 3908 2838 3951 τηερε
2866 3899 2995 3949 sunt
3026 3911 3209 3951 omnes
3250 3897 3432 3954 bestia:
3469 3900 3644 3967 silvae,
3704 3920 3915 3974 pecora

2248 3981 2305 4034 in
2336 3981 2611 4036 montibus
2650 3987 2699 4037 et
2749 3983 2920 4038 boves.
2967 3984 3204 4055 Cognovi
3246 3990 3435 4042 omnia
3462 3990 3722 4045 volatilia
3753 3995 3910 4063 caeli,

2243 4074 2298 4124 et
2322 4072 2525 4140 species
2554 4073 2684 4140 agri
2712 4088 2925 4127 mecum
2951 4082 3049 4129 est.
3066 4073 3125 4129 Si
3144 4078 3531 4146 esuriero,non
3551 4078 3738 4135 dicam
3761 4084 3904 4141 tibi:

2242 4174 2389 4213 meus
2417 4164 2492 4215 est
2522 4163 2670 4215 enim
2698 4163 2843 4216 orbis
2876 4171 3035 4218 terra
3064 4167 3115 4219 et
3142 4164 3435 4235 plenitudo
3460 4172 3583 4239 ejus
3614 4171 3904 4245 Numquid

2235 4249 2579 4304 manducabo
2594 4266 2785 4305 carnes
2804 4254 3113 4319 taurorum,
3134 4262 3232 4309 aut
3250 4259 3581 4328 sanguinem
3610 4260 3907 4318 hircorum

485 4368 544 4418 et
573 4364 863 4420 infelicius
912 4338 1177 4421 Ecclesiae
1219 4338 1512 4427 clavibus:
1546 4382 1722 4437 quam
1770 4366 2130 4438 quibuslibet
2231 4338 2429 4437 ’θρίαὺο
2445 4339 2848 4438 ῩῙΨηιθίαηρθῨ
2868 4342 3210 4438 mmﬁ
3240 4344 3444 4438 laudis?
3467 4351 3523 4438 et.
3548 4348 3907 4408 reddentis-

483 4453 848 4524 gravissimis
869 4460 926 4509 et
942 4454 1277 4510 durissimis
1291 4454 1492 4509 ferreis
1508 4454 1593 4509 vel
1618 4456 2010 4513 adamantinis
2029 4475 2127 4515 ne-

482 4542 675 4598 xibus.
701 4542 888 4613 Absit,
914 4545 1125 4615 inquit,
1146 4549 1210 4599 ut
1241 4543 1349 4598 hoc
1381 4543 1591 4611 dicam,
1625 4546 1900 4614 quoniam
1937 4548 2124 4603 chris-

481 4631 680 4688 tiauus
711 4650 865 4687 sum.
891 4633 1007 4689 Hoc
1029 4633 1077 4688 si
1108 4649 1238 4688 vere
1255 4636 1429 4703 esset,
1450 4649 1557 4688 nec
1573 4632 1672 4688 illa
1688 4634 1949 4691 dixisset.
1970 4638 2121 4701 Quo-

480 4720 639 4777 niam
670 4721 825 4777 Deus
867 4722 1287 4794 Prophetarum
1319 4739 1569 4793 quorum
1620 4723 1833 4796 scripta
1872 4724 2118 4797 blaphe-

2230 4428 2369 4481 simo
2401 4437 2519 4482 vota
2548 4431 2662 4483 tua.
2716 4430 2783 4483 Et
2813 4429 3025 4485 iterum
3058 4432 3115 4485 in
3153 4433 3264 4487 ﬁne
3314 4434 3527 4505 psalmi
3579 4438 3897 4508 ejusdem:

2227 4516 2597 4585 Sacriﬁcium,
2629 4517 2841 4589 inquit,
2876 4519 3055 4574 laudis
3077 4520 3426 4579 honoricabit
3466 4540 3572 4591 me,
3597 4531 3652 4581 et
3684 4529 3766 4583 ibi
3797 4532 3901 4586 via

2226 4622 2335 4676 qua
2348 4606 2625 4661 ostendam
2645 4607 2735 4661 illi
2751 4608 2995 4664 salutare
3015 4610 3113 4665 Dei
3128 4612 3308 4681 (Psal.
3335 4615 3484 4684 XLIX)
3527 4615 3558 4669 J
3565 4632 3662 4670 am
3685 4618 3757 4673 de
3779 4618 3898 4677 hoc

2224 4694 2469 4750 salutari
2491 4694 2906 4769 Dei,quodipse
2920 4699 2991 4753 sit
3020 4699 3289 4757 Christus
3311 4719 3492 4774 supra
3522 4721 3891 4764 commemo-

478 4814 621 4880 mat,
667 4812 792 4884 ipse
837 4816 924 4868 est
967 4784 1122 4868 Deus
1165 4784 1576 4883 Apostolorum
1622 4784 1868 4885 quorum
1901 4784 2117 4887 scripta
2221 4784 2341 4838 nvi
2364 4788 2543 4887 “Eque:
2570 4786 3042 4887 “‘T‘SWVKSW
3046 4805 3209 4856 m’n'
3233 4791 3532 4887 15)'.Qu°d.
3557 4798 3650 4849 est
3680 4802 3887 4887 autem

473 4896 883 4972 blasphemare
916 4901 1207 4956 formidat.

2219 4873 2507 4927 sacratius
2529 4872 2721 4928 laudis
2744 4875 3123 4944 sacriﬁcium,
3140 4894 3317 4949 quam
3341 4879 3399 4934 in
3421 4881 3650 4937 actione
3670 4886 3892 4955 gratia-

2217 4961 2378 5017 rum?
2396 4962 2461 5015 Et
2483 4962 2637 5017 unde
2655 4964 2906 5035 majores
2923 4967 3162 5037 agendae
3180 4974 3319 5023 sunt
3338 4968 3454 5025 Deo
3474 4970 3877 5045 gratiaequam

2212 5065 2317 5121 pro
2338 5049 2837 5125 ipsiusgratiaper
2856 5053 3060 5109 Jesum
3074 5056 3373 5112 Christum
3394 5057 3715 5117 Dominum
3749 5081 3885 5120 nos-

2209 5139 2563 5205 trum?Quod
2580 5146 2764 5196 totum
2783 5142 2981 5199 ﬁdeles
2995 5143 3053 5198 in
3068 5145 3337 5202 Ecclesia;
3347 5147 3638 5205 sacriﬁcio
3653 5152 3881 5218 sciunt,

2208 5230 2377 5300 cujus
2398 5230 2618 5285 umbrae
2641 5232 2875 5286 fuerunt
2896 5234 3091 5288 omnia
3117 5237 3377 5307 priorum
3402 5253 3621 5308 genera
3652 5244 3879 5298 sacriﬁ-

2206 5317 2448 5374 ciorum.
2473 5320 2572 5374 Isti
2605 5325 2800 5376 autem
2831 5320 3127 5395 vaniloqui
3161 5326 3609 5396 reprehensores
3650 5330 3874 5388 Veteris

2205 5408 2582 5477 Testamenti,
2623 5408 2796 5465 etiam
2830 5409 2878 5465 si
2902 5416 3108 5467 caetera
3128 5430 3254 5485 quae
3291 5420 3755 5475 commemoravi
3797 5421 3869 5478 de

2200 5498 2309 5554 hoc
2331 5499 2556 5571 psalmo
2581 5500 2778 5556 minus
2802 5501 3164 5575 intelligunt,
3186 5506 3443 5561 sufﬁciat
3460 5506 3545 5562 eis
3568 5514 3867 5580 quantum

2200 5589 2270 5644 ad
2296 5594 2646 5660 prasentem
2685 5591 3071 5661 quastionem
3108 5595 3339 5661 attinet,
3372 5596 3512 5667 quia
3532 5596 3690 5654 Deus
3723 5601 3861 5657 Pro-

2197 5679 2630 5750 phetarum,qui
2650 5679 2802 5734 Deus
2821 5684 2909 5735 est
2928 5682 3105 5738 etiam
3125 5684 3687 5756 Apostolorum,non
3702 5705 3866 5745 man.

2195 5769 2368 5823 ducat
2398 5772 2702 5824 taurorum
2734 5784 2959 5841 carnes,
2993 5789 3098 5829 nec
3146 5774 3494 5847 sanguinem
3538 5779 3707 5849 potat
3735 5777 3859 5836 hiro

542 4988 775 5045 CAPUT
792 4988 1256 5046 XVlll.——37.Sed
1274 4989 1855 5062 David,inquit,Deum
1877 4994 2109 5064 rogavit,

465 5083 518 5135 et
545 5095 655 5135 non
679 5087 758 5136 est
777 5081 1094 5151 exauditus,
1118 5084 1233 5136 nisi
1251 5082 1430 5138 oblato
1451 5084 1748 5154 sacriﬁcio,
1781 5093 1841 5140 ut
1864 5085 2109 5141 homini-

465 5166 563 5222 bus
591 5172 687 5240 qui
714 5186 825 5225 non
841 5174 1214 5240 peccaverant,
1234 5176 1557 5242 parceretur
1582 5172 1652 5241 (ΙΙ
1675 5175 1808 5246 Reg.
1832 5175 1983 5246 xxiv)
2010 5193 2023 5234 :
2057 5184 2112 5232 et

461 5257 585 5311 ideo
604 5275 713 5314 non
741 5262 817 5314 est
836 5260 1129 5315 credendus
1150 5262 1284 5315 Deus
1309 5277 1485 5329 verus,
1512 5262 1608 5333 qui
1625 5263 1909 5332 sacriﬁciis
1932 5264 2103 5320 delec-

462 5349 633 5402 tatur.
668 5352 799 5403 Jam
845 5349 915 5403 de
955 5366 1123 5420 poena
1162 5350 1484 5405 occisorum
1526 5350 1856 5417 hominum,
1889 5353 2102 5424 quibus

459 5436 811 5507 quandoque
835 5438 1133 5495 morituris
1165 5456 1320 5495 mors
1351 5439 1452 5495 illa
1484 5457 1597 5496 non
1613 5440 1881 5507 obfuit,et
1897 5458 2097 5500 eorum

454 5525 652 5578 tamen
672 5526 957 5583 mortibus
974 5544 1070 5583 cor
1094 5529 1245 5600 regis
1267 5546 1393 5585 sese
1432 5528 1761 5585 extollentis
1779 5530 1983 5587 merito
2003 5549 2098 5589 va-

453 5610 697 5682 pulavit,
733 5616 1003 5686 superius
1027 5617 1457 5688 respondimus.
1490 5618 1570 5673 De
1593 5618 1876 5673 sacriﬁcio
1900 5626 2093 5677 autem

452 5699 746 5759 valdeiste
768 5704 1101 5778 nihilsapit:
1120 5712 1176 5763 et
1197 5707 1326 5763 ideo
1354 5706 1593 5777 fallitur,
1618 5707 1885 5778 quiajam
1915 5710 2092 5765 sacri-

450 5790 582 5846 ﬁcia
606 5791 745 5849 talia
784 5812 897 5851 non
938 5797 1103 5853 offert
1145 5797 1240 5852 Dei
1275 5796 1527 5868 populus
1548 5796 2090 5872 Deo,posteaquam

509 5891 531 5966 ξ
558 5890 801 5966 ξηαπ-Πρω
830 5894 1327 5966 ᾔειν-(ζειεοεαιίρῃε
1339 5894 1581 5966 justitic.

507 5952 531 5989 ³
556 5953 616 6004 In
637 5952 967 6019 quihusdam
979 5958 1123 6019 £88.,
1154 5952 1507 6021 subjiceretur.

212 5306 249 5331 ο

2254 5976 2272 6013 ί
2307 5974 2455 6039 Mam,
2485 5988 2620 6027 vere.
