4094 6438
425 332 540 404 6'27

426 476 595 532 donec
620 492 819 548 ponam
850 476 1101 531 inimicos
1135 478 1258 529 tuos
1287 472 1583 529 scabellum
1606 471 1809 544 pedum
1831 478 2072 525 tuorum.

428 567 514 621 Ibi
546 565 762 637 quippe
791 570 849 620 et
868 564 975 620 hoc
989 565 1210 619 dictum
1226 567 1313 617 est
1337 580 1349 616 :
1375 565 1590 619 Iuravit
1617 562 2076 625 Dominus,etnon

422 657 708 727 paenitebit
734 670 878 721 eum,
913 656 985 709 Tu
1006 670 1059 709 es
1107 656 1360 708 sacerdos
1392 652 1452 706 in
1484 657 1749 707 a’ternum
1781 648 2077 705 secundum

436 744 687 800 ordinem
733 743 1085 799 Melchisedec
1118 743 1323 813 (Matth.
1366 759 1501 809 xin,
1533 742 1740 805 42-115;
1781 740 1928 794 Psal.
1964 754 2075 804 c1x,

430 836 481 902 1,
511 836 584 905 4).
618 834 913 888 Noverunt
944 833 1043 904 qui
1081 831 1300 903 legunt,
1334 832 1471 903 quid
1516 828 1819 902 protulerit
1843 826 2077 883 Melchi-

427 924 615 990 sedeo,
642 924 875 994 quando
900 920 1501 976 benedixitAbraham
1526 918 1677 988 (Gen.
1707 935 1822 982 XIV,
1843 918 1929 981 18,
1966 916 2074 987 19);

426 1016 482 1067 et
500 1012 678 1083 sijam
694 1017 833 1066 sunt
860 1011 1175 1082 participes
1192 1011 1341 1081 ejus,
1374 1009 1571 1063 vident
1590 1006 1700 1063 tale
1724 1005 2077 1061 sacriﬁcium

426 1118 583 1157 nunc
613 1101 805 1156 olferri
838 1100 954 1155 Deo
986 1105 1105 1154 toto
1139 1099 1275 1154 orbe
1304 1104 1614 1155 terrarum.
1648 1096 1747 1151 Dei
1770 1095 2077 1164 autemju-

425 1191 571 1246 ratio
598 1188 1033 1245 incredulorum
1093 1192 1182 1243 est
1229 1187 1571 1258 increpatio.
1604 1187 1673 1240 Et
1704 1184 1859 1257 quod
1894 1189 2078 1238 Deum

428 1298 542 1335 non
563 1279 883 1351 pmnitebit,
918 1278 1267 1350 significatio
1299 1275 1533 1347 estquia
1548 1275 1655 1330 hoc
1687 1273 2079 1329 sacerdotium

427 1387 543 1425 non
567 1368 835 1423 mutabit.
860 1366 1327 1437 Mutavitquippe
1344 1364 1737 1420 sacerdotium
1754 1362 2079 1417 secundum

427 1458 690 1513 ordinem
736 1459 947 1511 Aaron.
983 1455 1143 1510 Unde
1175 1454 1326 1509 alius
1360 1453 1642 1525 propheta
1673 1452 1814 1507 dicit
1844 1452 1915 1507 ad
1947 1468 2081 1507 eum

427 1546 526 1617 qui
558 1543 865 1600 carnaliter
921 1550 1007 1599 est
1060 1542 1232 1598 Israel
1260 1559 1272 1597 :
1310 1547 1434 1599 Non
1462 1548 1540 1598 est
1572 1541 1712 1597 mihi
1742 1541 1989 1596 voluntas
2020 1542 2081 1595 in

426 1635 590 1699 vobis,
611 1634 747 1690 dicit
768 1635 1031 1689 Dominus
1053 1634 1474 1703 omnipotens,et
1493 1631 1726 1686 hostiam
1748 1647 1857 1685 non
1874 1630 2081 1700 accipi—

426 1744 517 1780 am
546 1727 617 1780 de
645 1724 1125 1778 manibusveslris.
1150 1723 1291 1777 Ecce
1307 1721 1462 1792 quod
1477 1726 1564 1776 est
1580 1720 1901 1775 secundum
1926 1719 2080 1773 ordi-

428 1831 557 1870 nem
574 1813 1122 1868 Aaron.Curautem
1141 1811 1245 1865 hoc
1262 1828 1375 1866 non
1392 1807 2079 1879 accipiat,addit,etdicit:

426 1906 575 1973 Quid
604 1903 669 1957 ab
698 1907 823 1957 ortu
854 1903 984 1956 solis
1015 1917 1185 1971 usque
1218 1901 1286 1955 ad
1334 1916 1580 1955 occasum
1609 1900 1977 1968 gloriﬁcatum
2008 1910 2084 1958 est

423 2010 620 2049 nomen
648 2008 830 2046 meum
888 1993 947 2046 in
974 1991 1249 2061 gentibus,
1282 1993 1334 2045 et
1380 1992 1437 2044 in
1469 1990 1625 2044 omni
1654 1988 1768 2042 loco
1802 1990 2081 2042 incensum

423 2085 652 2156 offertur
682 2082 894 2136 nomini
912 2096 1048 2143 meo,
1080 2088 1132 2134 et
1155 2079 1338 2134 hostia
1359 2096 1501 2148 pura
1519 2095 1540 2140 ,'
1570 2079 1702 2148 quia
1722 2094 1985 2147 magnum
2004 2086 2081 2131 est

422 2189 615 2228 nomen
647 2187 833 2227 meum
862 2171 920 2223 in
958 2169 1230 2240 gentibus,
1263 2169 1399 2223 dicit
1450 2169 1713 2223 Dominus
1742 2167 2081 2237 omnipotens

431 2262 694 2331 (Malach.
729 2278 767 2327 1,
798 2261 877 2328 10,
912 2260 1017 2323 11).
1055 2257 1795 2329 Eccequodestsecundum
1816 2255 2076 2311 ordinem

427 2350 1151 2407 Melchisedec.lucensum
1167 2347 1320 2402 enim
1345 2346 1495 2417 quod
1519 2350 1607 2401 est
1635 2341 2078 2417 graeceoaplapta

430 2441 583 2497 sicut
613 2437 1122 2509 exponitJoannes
1143 2435 1199 2490 in
1224 2433 1589 2507 Apocalypsi,
1618 2433 1906 2489 orationes
1938 2437 2079 2488 sunt

429 2533 768 2585 sanctorum
802 2527 981 2598 (.lpoc.
1016 2543 1069 2595 ν,
1093 2525 1169 2596 8).
1191 2525 1571 2595 Deusquippe
1600 2522 1877 2593 ille,sicut
1918 2521 2074 2578 caui-

432 2622 529 2673 tur
556 2617 615 2673 in
653 2616 899 2683 Psalmo,
935 2615 1031 2686 qui
1064 2616 1268 2669 vocavit
1299 2617 1525 2679 terram,
1548 2630 1582 2668 a
1610 2614 1741 2668 satis
1763 2620 1885 2668 ortu
1904 2628 2076 2685 usque

433 2708 507 2763 ad
526 2722 817 2768 occasum;
841 2704 929 2759 cui
982 2709 1165 2771 terrae,
1200 2703 1256 2757 id
1298 2707 1405 2770 est,
1435 2702 1526 2757 cui
1556 2702 1769 2774 populo
1800 2702 2010 2758 diffuso
2042 2720 2077 2758 ε.

430 2796 571 2854 solis
604 2802 732 2851 ortu
758 2811 943 2866 usque
975 2794 1044 2848 ad
1077 2809 1367 2855 occasum,
1392 2792 1760 2855 diceret,Non
1801 2793 2077 2862 accipiam

414 2886 480 2942 de
511 2887 665 2941 domo
722 2891 821 2939 tua
854 2884 1094 2944 vitulos;
1148 2882 1376 2937 immota
1407 2882 1509 2936 Deo
1538 2882 1873 2951 sacri/icium
1894 2881 2074 2937 laudis

416 2977 587 3048 (Psal.
623 2974 891 3041 xmx,2,9,
922 2972 1079 3043 1M):
1115 2971 1237 3042 ipse
1269 2988 1369 3042 per
1387 2970 1540 3025 hunc
1564 2969 1902 3041 prophetam
1920 2970 2071 3041 quod

416 3065 743 3121 certissime
768 3063 1028 3117 futurum
1060 3061 1311 3131 eratjam
1328 3059 1483 3115 velut
1517 3060 1730 3114 factum
1749 3059 2073 3129 praedicans

418 3153 520 3218 ait,
555 3153 632 3208 Ab
661 3156 784 3207 ortu
813 3152 946 3205 solis
980 3165 1146 3220 usque
1176 3148 1252 3203 ad
1290 3165 1550 3204 occasum
1596 3148 1963 3218 gloriﬁcatum
1992 3144 2077 3204 est

416 3258 613 3297 nomen
669 3257 853 3295 meum
884 3241 940 3293 in
995 3240 1264 3308 gentibus,
1296 3245 1347 3293 et
1374 3240 1433 3293 in
1464 3239 1613 3293 omni
1643 3238 1754 3293 loco
1794 3239 2076 3293 incensum

419 3334 646 3404 oﬂertur
673 3331 889 3385 nomini
916 3344 1049 3393 meo,
1082 3336 1130 3382 et
1191 3328 1375 3383 hostia.
1402 3342 1581 3399 pura;
1640 3327 1773 3398 quia
1804 3343 2073 3396 magnum

419 3425 498 3478 est
520 3436 716 3476 nomen
741 3435 914 3475 meum
940 3421 997 3473 in
1023 3418 1292 3487 gentibus.

494 3512 578 3565 40.
612 3510 735 3565 Non
769 3509 923 3563 enim
957 3508 1108 3563 sicut
1139 3505 1434 3561 hominem
1469 3506 1707 3577 poenitet
1732 3506 1946 3575 Deum;
1973 3507 2073 3562 sed

423 3600 577 3656 sicut
594 3600 775 3654 Deum
799 3615 811 3651 :
838 3595 1334 3668 quemadmodum
1355 3612 1470 3652 non
1494 3596 1645 3651 sicut
1675 3595 1849 3651 homo
1873 3596 2076 3651 irasci-

420 3694 537 3755 tur,
568 3706 671 3745 nec
686 3688 837 3744 sicut
854 3687 1027 3742 homo
1052 3684 1376 3755 miseretur,
1396 3702 1499 3740 nec
1522 3686 1673 3742 sicut
1697 3686 1870 3742 homo
1892 3685 2074 3755 zelat;

424 3780 523 3835 sed
549 3777 745 3833 omnia
775 3776 928 3831 sicut
958 3776 1131 3831 Deus.
1178 3775 1523 3830 Pmnitentia
1561 3775 1658 3831 Dei
1681 3792 1793 3830 non
1827 3781 1917 3831 est
1948 3782 2079 3847 post

426 3885 677 3925 errorem
711 3885 722 3923 :
758 3869 843 3923 ira
865 3867 962 3922 Dei
996 3884 1109 3922 non
1141 3866 1317 3921 habet
1348 3866 1671 3937 perturbati
1710 3866 1891 3921 animi
1916 3867 2080 3923 ardo-

428 3975 547 4014 rem
575 3974 587 4012 :
624 3956 1020 4011 misericordia
1046 3955 1137 4009 Dei
1156 3972 1270 4009 non
1294 3954 1468 4010 habet
1484 3955 2079 4026 compatientismise-

428 4064 558 4103 rum
583 4064 699 4109 cor,
725 4044 949 4100 undein
970 4043 1369 4115 latinalingua
1402 4058 1613 4097 nomen
1651 4044 2079 4115 accepitzzelus

427 4136 528 4193 Dei
562 4153 673 4191 non
708 4134 884 4190 habet
904 4132 1119 4189 mentis
1150 4132 1412 4187 livorem.
1443 4131 1553 4187 Sed
1615 4133 1951 4203 poenitentia
1980 4134 2081 4190 Dei

425 4222 936 4291 dicitur,rerumin
973 4223 1100 4293 ejus
1118 4224 1398 4292 potestate
1416 4220 1869 4277 constitutarum
1898 4222 2084 4278 homi-

429 4313 605 4370 nibus
637 4312 936 4384 inopinata
966 4310 1245 4366 mutatio:
1280 4310 1365 4365 ira
1398 4310 1495 4364 Dei
1532 4314 1622 4365 est
1670 4310 1927 4367 vindicta
1960 4327 2089 4384 pec'

430 4402 572 4459 cati:
612 4400 1008 4456 misericordia
1030 4399 1128 4454 Dei
1152 4405 1241 4454 est
1258 4398 1489 4454 bonitas
1512 4398 1859 4470 opitulandi‘
1886 4418 1901 4458 :
1923 4400 2082 4458 zelus

430 4491 528 4546 Dei
564 4494 650 4544 est
684 4487 1062 4560 providentia,
1080 4505 1197 4559 qua
1220 4505 1334 4543 non
1357 4487 1497 4543 sinit
1517 4504 1616 4544 eos
1635 4505 1781 4560 quos
1812 4491 2082 4548 subditos

432 4580 631 4648 habet,
651 4577 890 4650 impune
919 4593 1113 4632 amare
1135 4577 1286 4648 quod
1338 4577 1621 4648 prohibet.
1655 4578 1817 4636 Unde
1848 4580 1955 4636 iste
1984 4580 2083 4653 qui

435 4673 553 4726 tam
574 4667 896 4740 loquaciter
941 4666 1252 4738 exagitavit
1300 4666 1398 4721 Dei
1444 4667 1861 4737 paenitentiam,
1896 4670 2088 4732 discat

436 4757 645 4830 primo,
676 4757 773 4811 vix
802 4756 1047 4811 inveniri
1081 4755 1301 4827 aliquid
1333 4756 1486 4826 quod
1520 4757 1692 4829 digne
1725 4759 1794 4813 de
1826 4759 1939 4815 Deo
1970 4752 2082 4817 dici

438 4847 658 4919 possit;
690 4847 790 4902 sed
824 4845 1077 4917 plurima
1106 4849 1162 4900 et
1185 4861 1329 4916 pene
1345 4845 1662 4901 omnianos
1685 4848 1755 4902 de
1773 4848 1871 4904 illo
1894 4849 2085 4908 dicere

437 4935 712 5007 loquendi
748 4934 1111 4999 necessitate,
1145 4950 1274 5004 quae
1301 4933 1488 5006 magis
1521 4934 1786 4992 homines
1817 4954 1884 4993 ex
1901 4939 2086 4995 homi-

440 5026 613 5081 nibus
655 5026 1001 5094 metiuntur,
1044 5023 1197 5079 sicut
1226 5027 1418 5079 autem
1460 5022 1839 5098 intelligenda
1876 5029 1947 5083 de
1987 5029 2083 5087 illo

438 5115 680 5171 suntvix
695 5131 727 5169 a
742 5112 942 5185 paucis
957 5117 1013 5168 et
1025 5112 1428 5185 spiritualibus
1456 5112 1879 5186 intelliguntur.
1919 5118 2086 5192 PrOp-

435 5208 523 5260 ter
535 5204 685 5276 quod
710 5202 1219 5275 providentissime
1238 5201 1536 5274 Scriptura
1549 5202 1743 5261 divina
1759 5206 1829 5262 de
1845 5206 1944 5263 illo
1964 5209 2083 5265 ine-

436 5293 618 5348 ffabili
632 5292 873 5363 loquens
886 5292 957 5347 ad
972 5292 1235 5364 quaedam
1249 5291 1424 5348 etiam
1436 5291 1611 5348 verba
1623 5292 1939 5363 descendit,
1955 5314 2082 5369 quae

427 5383 553 5453 jam
568 5381 906 5437 hominibus
922 5385 977 5436 et
998 5381 1142 5453 ipsis
1165 5380 1516 5450 carnalibus,
1539 5398 1665 5437 cum
1682 5383 1751 5439 de
1766 5384 1877 5441 Deo
1892 5402 2085 5443 sermo

435 5476 541 5541 est,
564 5469 836 5525 videntur
875 5470 1129 5525 absurda
1154 5475 1209 5527 ct
1238 5470 1509 5543 indigna:
1547 5477 1609 5526 ut
1640 5489 1773 5529 cum
1806 5474 2088 5531 timentur

434 5559 548 5616 ista
566 5559 647 5615 sic
677 5558 881 5630 accipi,
908 5560 1199 5631 quomodo
1225 5559 1283 5615 in
1320 5560 1660 5617 hominibus
1691 5563 1855 5630 solet,
1888 5568 1944 5620 et
1965 5565 2085 5622 dis-

502 5698 519 5731 ι
545 5694 630 5743 Sic
658 5693 712 5742 in
745 5692 866 5743 Mss.
895 5694 960 5745 At
980 5694 1032 5745 in
1064 5693 1238 5757 editis,
1272 5693 1470 5746 bonitas
1497 5695 1814 5760 cpitutantis.

837 342 1150 403 CONTRA
1193 337 1761 400 ADVEItSAlllUM
1808 333 2032 395 LEGIS
2080 331 2177 391 ΕΤ
2230 332 2850 405 PROPHETARUM.
2900 334 2965 395 S.
3013 332 3445 396 AUGUSTINI

3746 334 3870 401 628

2182 464 2488 520 cutiuntur
2500 468 2996 538 quemadmodum
3014 466 3083 522 de
3098 466 3212 522 Deo
3231 467 3375 523 bene
3390 465 3579 539 accipi
3605 466 3865 539 possint,

2189 553 2267 608 ibi
2293 554 2553 610 discatur
2581 556 2756 611 etiam
2782 555 2883 611 illa
2913 556 3333 628 qumbumanis
3357 557 3634 612 sensibus
3658 558 3720 611 in
3744 556 3864 611 eis-

2184 643 2315 698 dem
2349 644 2662 716 Scripturis
2686 646 2801 701 Deo
2816 647 2994 717 digna
3008 646 3505 711 videbantur,non
3522 646 3863 701 secundum

2185 733 2425 789 hominu
2438 752 2490 789 m
2510 752 2698 791 mores
2719 735 2965 808 intelligi
2982 735 3065 790 vel
3084 735 3245 803 credi
3260 737 3687 808 oportere.Cito
3701 738 3864 793 enim

2185 823 2418 879 videtur
2441 826 2801 896 poenitentia,
2826 825 2980 881 sicut
3025 827 3095 881 ab
3116 826 3459 882 hominibus
3483 826 3701 900 agitur,
3738 844 3862 882 non

2191 916 2398 971 cadere
2428 916 2485 970 in
2516 918 2730 973 Deum:
2760 917 2858 972 sed
2886 934 2999 973 non
3033 917 3145 973 cito
3176 918 3408 973 videtur
3428 918 3605 973 etiam
3628 919 3864 974 miseri-

2185 1006 2403 1077 cordia,
2453 1008 2608 1063 sicut
2645 1008 2913 1064 homines
2972 1009 3345 1079 miserentur,
3382 1027 3497 1066 non
3544 1011 3753 1066 cadere
3795 1011 3861 1066 in

2186 1098 2475 1155 Deum.Ex
2499 1098 2599 1154 illo
2627 1116 2764 1171 ergo
2800 1100 2955 1171 quod
2978 1099 3399 1171 requirendum
3431 1101 3868 1171 fatetur,discit

2188 1189 2361 1245 homo
2392 1190 2570 1245 ethoc
2593 1190 2908 1261 requirere,
2928 1190 3085 1262 quod
3101 1192 3224 1262 jam
3241 1191 3511 1247 sufﬁcere
3524 1191 3872 1249 arbitraba-

2186 1282 2300 1335 tur.
2328 1279 2422 1335 Sic
2452 1295 2589 1352 ergo
2622 1280 2849 1349 quando
2881 1297 3015 1335 eum
3047 1281 3308 1352 poenitet,
3346 1297 3461 1337 non
3489 1286 3773 1350 mutatur,
3800 1288 3864 1339 et

2188 1373 2413 1436 mutat;
2445 1368 2599 1424 sicut
2621 1371 2855 1441 quando
2878 1369 3172 1435 irascitur,
3194 1387 3306 1425 non
3333 1375 3619 1437 movetur,
3644 1376 3703 1426 et
3718 1371 3858 1427 vin-

2188 1456 2381 1525 dicat;
2414 1462 2471 1513 et
2495 1458 2726 1529 quando
2764 1458 3095 1525 miseretur,
3149 1476 3263 1514 non
3306 1458 3483 1531 dolet,
3516 1463 3575 1515 et
3604 1458 3861 1523 liberat;

2189 1550 2245 1602 et
2274 1548 2509 1618 quando
2538 1547 2706 1615 zelat,
2741 1564 2852 1603 non
2886 1548 3201 1614 cruciatur,
3233 1552 3293 1603 et
3320 1548 3563 1606 cruciat.

2258 1637 2344 1690 41.
2378 1636 2675 1709 Numquid
2699 1642 2894 1692 autem
2926 1637 2985 1692 in
3016 1636 3180 1693 libris
3212 1638 3572 1694 Testamenti
3591 1639 3727 1695 novi
3750 1640 3854 1696 de-

2187 1732 2327 1780 sunt
2356 1725 2477 1781 haec
2498 1727 2691 1797 verba,
2739 1744 2865 1797 quas
2906 1727 2954 1781 si
2988 1728 3352 1798 accipiantur
3382 1729 3534 1783 sicut
3566 1727 3624 1783 in
3658 1728 3854 1784 homi-

2187 1812 2361 1868 nibus
2386 1814 2628 1882 intelligi
2664 1816 2873 1882 solent,
2899 1815 3058 1870 nullo
3081 1816 3249 1871 modo
3279 1826 3613 1889 congruunt
3634 1818 3855 1873 divini-

2186 1904 2311 1967 tati,
2343 1907 2400 1957 et
2421 1919 2652 1975 gravem
2687 1904 2922 1975 pariunt
2953 1904 3333 1959 offensionem
3355 1903 3383 1959 ?
3412 1904 3559 1960 Cum
3598 1907 3754 1961 enim
3781 1908 3854 1962 de

2185 1990 2414 2047 Christo
2453 1992 2755 2048 verissime
2799 1993 2953 2049 dicat
2999 1994 3356 2066 evangelista
3386 1995 3540 2065 quod
3574 2012 3687 2051 non
3717 2012 3859 2068 opus

2186 2079 2423 2137 habebat
2452 2086 2513 2137 ut
2538 2084 2594 2136 ei
2621 2083 2907 2154 quisquam
2927 2084 3311 2139 testimonium
3329 2085 3642 2154 perhiberet
3654 2086 3724 2140 de
3749 2087 3856 2140 ho-

2184 2174 2369 2236 mine;
2399 2173 2513 2245 ipse
2541 2176 2693 2230 enim
2711 2175 2920 2230 sciebat
2937 2174 3077 2245 quid
3107 2182 3247 2229 esset
3272 2176 3331 2229 in
3361 2175 3849 2248 homine(Joan.11,

2180 2260 2308 2331 25);
2344 2278 2448 2316 cur
2477 2262 2602 2334 ipse
2650 2263 3006 2333 quibusdam
3067 2262 3228 2329 dicit,
3271 2264 3459 2319 Nescio
3504 2280 3593 2319 vos
3622 2264 3843 2333 (Matth.

2182 2366 2309 2416 xxv,
2343 2350 2431 2423 12)
2452 2350 2478 2406 ?
2502 2353 2668 2422 Ipsos
2697 2351 2949 2423 denique
2963 2358 3197 2407 sanctos
3211 2368 3350 2408 suos
3368 2369 3499 2408 cum
3519 2354 3849 2425 praescierit

2181 2442 2237 2494 et
2266 2439 2501 2512 elegerit
2516 2444 2649 2496 ante
2665 2442 2865 2497 mundi
2881 2442 3358 2497 constitutionem
3379 2460 3393 2509 ;
3410 2443 3547 2516 quid
3572 2448 3660 2498 est
3678 2461 3709 2516 q
3721 2445 3842 2499 uod

2180 2527 2320 2583 dicit
2350 2530 2680 2601 Apostolus,
2702 2532 2859 2586 Nunc
2885 2535 3070 2587 autem
3096 2541 3473 2603 cognoscentes
3506 2536 3840 2602 Deum,imo

2178 2621 2386 2691 cogniti
2407 2638 2442 2677 α
2471 2622 2575 2677 Deo
2619 2622 2818 2694 (Galat.
2854 2640 2930 2690 1v,
2960 2624 3047 2692 9);
3096 2622 3265 2695 quasi
3298 2640 3454 2679 nunc
3485 2640 3583 2679 eos
3615 2640 3841 2695 cogno-

2178 2709 2343 2775 verit,
2368 2727 2516 2781 quos
2550 2716 2722 2768 antea
2751 2712 3090 2768 nesciebat?
3114 2714 3273 2777 Quod
3288 2730 3421 2769 vero
3453 2713 3843 2784 ait,8piritum

2178 2804 2352 2859 nolite
2378 2805 2977 2878 exstinguereUThess,
3010 2824 3064 2872 v,
3100 2807 3209 2877 19),
3240 2811 3519 2879 tanquam
3541 2808 3847 2881 exstingui

2180 2892 2432 2964 Spiritus
2458 2895 2659 2964 possit,
2679 2896 2812 2965 quis
2837 2898 2981 2950 lerat
3012 2896 3185 2961 ‘,nisi
3204 2896 3304 2968 qui
3326 2913 3392 2952 ea
3423 2897 3847 2968 prudenterin-

2180 2981 2391 3053 telligit
2411 2983 2437 3037 ?
2461 2982 2662 3039 Nonne
2693 2984 2750 3038 in
2767 2984 3073 3057 Evangelio
3088 2985 3371 3057 scriptum
3392 2991 3515 3040 est:
3542 2986 3848 3055 Quicredit

2180 3075 2242 3129 in
2272 3076 2497 3141 Filium,
2514 3075 2674 3132 habet
2693 3076 2871 3132 vitam
2884 3072 3154 3145 xternam
3171 3094 3192 3139 ;
3206 3078 3301 3149 qui
3313 3084 3498 3134 autem
3519 3079 3849 3137 incredulus

2179 3172 2259 3220 est
2286 3165 2447 3232 Filio,
2480 3181 2589 3220 non
2617 3166 2826 3221 videbit
2857 3168 3045 3237 vitam,
3072 3166 3164 3221 sed
3193 3167 3284 3222 ira
3322 3169 3420 3223 Dei
3448 3179 3633 3224 manet
3661 3185 3841 3238 super

2178 3270 2303 3311 eum
2333 3255 2514 3325 (Joan.
2549 3256 2737 3327 111,36)
2769 3256 2797 3309 ?
2824 3254 3225 3312 Calumnietur
3247 3273 3386 3329 ergo
3417 3263 3473 3312 et
3494 3258 3630 3314 huic
3653 3260 3837 3315 verbo

2180 3344 2290 3399 iste
2317 3343 2717 3416 blasphemus,
2751 3348 2808 3400 et
2848 3345 3031 3401 dicat:
3057 3345 3255 3409 Qualis
3287 3353 3375 3403 est
3406 3347 3507 3418 qui
3538 3348 3840 3415 irascitur,

2181 3449 2313 3489 cum
2338 3432 2622 3503 scriptum
2655 3432 2750 3500 sit,
2784 3434 3078 3489 Iracundia
3132 3435 3261 3502 viri,
3280 3438 3570 3506 justitiam
3593 3438 3692 3494 Dei
3718 3454 3838 3494 non

2181 3531 2439 3596 aperatur
2469 3522 2676 3594 (Jacobi
2705 3540 2744 3587 1,
2776 3523 2867 3594 20)
2898 3523 2925 3577 ?
2965 3522 3374 3580 Calumnietur
3418 3527 3527 3582 isto
3575 3527 3749 3582 modo
3782 3537 3842 3583 et

2184 3609 2461 3683 Apostolo
2491 3610 2726 3676 dicenti,
2759 3611 3039 3682 Numquid
3069 3613 3296 3685 iniquus
3359 3619 3504 3671 Deus
3534 3617 3631 3687 qui
3658 3617 3839 3687 infert

2170 3703 2327 3757 ‘iram
2356 3702 2531 3772 (Rom.
2567 3718 2651 3767 111,
2684 3700 2780 3769 5)?
2809 3700 2939 3756 Jam
2973 3718 3143 3774 porro
3166 3702 3213 3757 si
3248 3704 3563 3776 quisquam
3596 3705 3841 3777 diceret,

2184 3791 2583 3847 Confundetur
2613 3789 2903 3858 Christus,
2934 3796 2991 3846 et
3022 3791 3130 3847 hoc
3160 3808 3227 3848 eo
3257 3798 3518 3866 tempore
3546 3795 3840 3867 qnejudi-

2185 3884 2423 3937 caturus
2453 3884 2543 3935 est
2569 3880 2729 3936 vivos
2758 3884 2816 3935 et
2834 3885 3129 3949 mortuos;
3157 3882 3289 3954 quis
3312 3899 3446 3938 eum
3479 3883 3842 3941 christianus

2186 3970 2473 4042 patienter
2500 3968 2728 4025 audiret
2755 3969 2783 4024 ?
2807 3970 3025 4026 Tamen
3054 3970 3113 4025 in
3139 3971 3583 4043 Evangelio,Qui
3611 3990 3719 4039 me,
3754 3976 3844 4030 in-

2188 4059 2332 4132 quit,
2365 4059 2624 4130 con/usus
2649 4060 2841 4130 fuerit,
2853 4061 3080 4115 etverba
3093 4077 3246 4129 mea,
3275 4062 3701 4132 ingeneratione
3732 4065 3844 4120 ista

2186 4148 2435 4205 adultera
2464 4152 2515 4204 et
2540 4149 2855 4219 peccatrice,
2887 4153 2938 4204 et
2969 4148 3157 4206 Filius
3187 4150 3427 4207 hominis
3472 4152 3842 4223 confundetur

2186 4255 2309 4295 eum
2340 4254 2465 4293 cum
2490 4240 2704 4295 venerit
2724 4238 2782 4293 in
2839 4238 3025 4309 gloria
3054 4239 3076 4273 ²
3105 4240 3292 4295 Patris
3339 4243 3430 4296 sui
3456 4257 3585 4297 cum
3624 4243 3843 4315 Angelis

2187 4328 2388 4384 sanctis
2416 4328 2601 4399 (Marc.
2634 4344 2754 4391 νιιι,
2787 4327 2898 4399 38).
2931 4328 3047 4384 Cur
3067 4332 3260 4384 autem
3296 4336 3530 4387 orantes
3561 4332 3839 4406 dicimus,

2188 4416 2570 4487 Sunctiﬁcetur
2623 4432 2823 4472 nomen
2869 4424 3025 4472 tuum
3059 4418 3277 4487 (Matth.
3311 4435 3384 4487 v1,
3416 4419 3493 4490 9),
3526 4420 3575 4477 si
3609 4438 3844 4493 semper

2188 4512 2277 4563 est
2302 4512 2568 4563 sanctum
2601 4531 2615 4575 ;
2645 4506 2755 4561 nisi
2782 4506 2921 4579 quia
2949 4524 3149 4563 verum
3182 4513 3270 4563 est
3285 4512 3342 4563 et
3362 4510 3517 4580 quod
3549 4511 3834 4584 scriptum

2189 4601 2276 4652 est
2306 4598 2376 4651 de
2407 4596 2785 4667 quibusdam,
2811 4596 3483 4668 quiapoltueruntnomen
3498 4601 3721 4657 Domini
3742 4603 3842 4659 Dei

2186 4688 2276 4742 sui
2305 4685 2518 4758 (Ezech.
2552 4685 2825 4757 x1.111,8)?
2857 4687 2923 4740 Et
2946 4702 3049 4741 cur
3070 4687 3289 4742 dictum
3322 4692 3411 4744 est
3426 4689 3687 4759 Domino,
3739 4692 3841 4747 Me—

2190 4784 2368 4832 mento
2398 4778 2511 4831 mei
2519 4792 2640 4831 cum
2658 4777 2865 4831 veneris
2879 4778 2937 4831 in
2953 4792 3185 4847 regnum
3215 4778 3515 4849 tuum(Luc
3530 4796 3624 4835 xxx
3638 4798 3649 4834 1
3663 4798 3705 4846 ι,
3730 4780 3843 4854 12),

2190 4866 2240 4922 si
2272 4864 2417 4921 nihil
2448 4863 2849 4932 obliviscitur;
2884 4864 2996 4920 nisi
3030 4866 3168 4937 quia
3203 4881 3317 4921 non
3343 4866 3706 4939 insipienter,
3739 4872 3841 4927 sed

2190 4953 2371 5010 intelli
2380 4958 2581 5025 genter
2601 4952 2652 5009 ei
2682 4954 2915 5022 dicitur,
2933 4954 3253 5011 Obliviceris
3266 4956 3509 5027 inopiam
3528 4963 3776 5015 nostram
3796 4964 3847 5016 et

2193 5047 2603 5102 tribulationem
2617 5049 2858 5101 nostram
2887 5045 3226 5115 (Psal.x1.111,
3258 5046 3396 5118 24)?
3423 5046 3568 5118 Ergo
3590 5052 3645 5103 et
3657 5049 3845 5105 scien-

2191 5140 2279 5193 ter
2310 5135 2526 5203 nescit;
2560 5140 2618 5191 et
2647 5135 2797 5206 quod
2829 5151 3062 5206 semper
3092 5134 3606 5208 scivit,aliquando
3627 5154 3843 5210 cogno-

2192 5224 2329 5293 scit;
2361 5228 2570 5280 etcum
2604 5223 2995 5296 exstinguitur
3024 5242 3055 5279 a
3081 5223 3442 5296 negantibus,
3465 5225 3845 5301 inexstingui-

2191 5313 2328 5371 bilis
2349 5317 2687 5387 permanet;
2720 5317 2775 5369 et
2794 5312 3429 5385 tranquilleirascitur;
3463 5322 3520 5371 et
3558 5316 3839 5374 confundi

2258 5511 2519 5622 :Veteres
2575 5508 2801 5565 codices,
2873 5508 2986 5573 quis
3014 5511 3180 5559 eruat.
3230 5510 3387 5561 Forte
3442 5523 3559 5575 pro,
3587 5512 3705 5579 quis
3730 5527 3833 5564 seru

2191 5588 2294 5624 vat.

2255 5638 2276 5673 ³
2306 5637 2363 5686 In
2394 5637 2470 5704 3.,
2500 5633 2819 5704 inglorium.
2852 5632 3183 5704 Meliuscum
3214 5633 3297 5704 Er.
3320 5638 3373 5685 et
3391 5636 3695 5704 Vulgatajn
3722 5638 3829 5704 glo-

2188 5698 2310 5762 ria;
2337 5700 2422 5750 cui
2450 5697 2666 5751 lectioni
2692 5709 2923 5762 graecum
2944 5697 3316 5763 adstipulatur,
3346 5713 3408 5750 en
3439 5697 3663 5753 teiioxe'.
3722 5697 3827 5755 ⁷η.
