4094 6456
187 392 310 451 629

187 539 309 577 non
342 526 553 595 potest,
585 522 761 579 etiam
793 523 1026 594 quando
1078 521 1492 590 confunditur;
1542 526 1598 576 et
1629 536 1838 575 nomen

186 612 322 683 ejus
355 611 536 684 pollui
571 628 685 666 non
720 617 929 682 potest,
964 612 1137 668 etiam
1170 613 1405 683 quando
1437 611 1758 683 polluitur;
1791 612 1847 664 et

182 701 455 757 oblivisci
488 717 600 755 non
636 706 843 773 potest,
876 701 1053 757 etiam
1087 702 1323 773 quando
1350 700 1753 765 obliviscitur;
1788 702 1847 754 et

186 790 481 853 meminit,
518 790 695 845 etiam
728 791 959 861 quando
991 792 1358 846 admonetur.
1393 791 1486 846 Sic
1514 794 1604 845 est
1641 788 1845 843 ineffa-

184 879 347 935 bil—is.
381 884 512 934 Haec
559 880 715 935 enim
750 880 820 935 de
851 880 950 935 illo
996 881 1289 949 dicuntur,
1328 881 1397 935 de
1429 896 1542 951 quo
1594 877 1737 933 nihil
1770 878 1841 932 ab

184 969 432 1024 homine
460 968 548 1024 vel
572 968 832 1025 hominis
861 970 1007 1025 satis
1038 970 1209 1040 digne
1240 975 1295 1025 et
1325 969 1471 1024 satis
1502 973 1841 1039 competen-

185 1062 281 1115 ter
326 1059 561 1114 dicitur.
597 1061 731 1125 Qua)
776 1076 909 1114 cum
946 1062 1024 1114 ita
1054 1060 1192 1126 sint,
1228 1060 1327 1130 qui
1380 1058 1688 1129 religiosus
1726 1073 1841 1111 non

182 1146 373 1203 istum
405 1148 673 1204 exsufﬂet
704 1155 769 1203 ut
813 1149 1129 1220 pulverem,
1164 1164 1337 1219 quem
1372 1146 1605 1218 projicit
1634 1150 1842 1201 ventus

185 1254 220 1292 a
250 1238 398 1293 facie
428 1242 593 1293 terras
626 1237 803 1309 (Psal.
837 1256 877 1306 1,
910 1238 965 1309 4)
998 1256 1011 1294 :
1047 1239 1147 1310 qui
1180 1242 1415 1291 tumens
1444 1240 1502 1290 et
1531 1236 1718 1290 elatus
1749 1237 1842 1289 at-

185 1344 306 1399 que
336 1327 566 1383 irruens
598 1328 657 1382 in
696 1327 897 1383 oculos
947 1327 1338 1395 infirmorum,
1371 1341 1588 1396 eosque
1617 1327 1842 1395 pertur-

184 1416 360 1483 bans,
389 1417 622 1472 videtur
673 1416 782 1472 sibi
814 1416 1035 1488 aliquid
1085 1415 1294 1484 dicere,
1328 1413 1625 1485 arguendo
1670 1411 1844 1468 verba

184 1503 247 1559 in
284 1505 481 1560 Vetere
530 1506 903 1561 Testamento
952 1522 1079 1576 quae
1113 1521 1226 1559 non
1271 1502 1567 1575 intelligit,
1616 1518 1721 1557 nec
1748 1499 1841 1556 in-

182 1595 407 1650 tuendo
432 1612 558 1666 quas
589 1595 647 1649 in
684 1612 830 1650 novo
863 1592 1183 1667 intelligit?

259 1684 350 1737 42.
381 1683 496 1739 Hoc
518 1688 711 1739 autem
736 1684 804 1739 de
828 1684 1167 1756 paenitentia
1189 1682 1311 1749 Dei,
1336 1682 1490 1737 unde
1512 1681 1728 1735 factum
1752 1683 1842 1735 est

184 1776 255 1827 ut
288 1771 681 1844 loqueremur,
703 1789 837 1827 cum
854 1788 1452 1827 commemoraremus
1472 1769 1838 1841 pr0phetiam

185 1862 261 1918 de
291 1861 543 1927 Christo,
575 1862 674 1918 ubi
708 1862 928 1917 dictum
960 1868 1070 1927 est,
1100 1863 1316 1918 Juravit
1360 1861 1620 1915 Dominus
1648 1863 1703 1913 et
1730 1874 1840 1914 non

179 1953 477 2024 paenitebit
505 1968 651 2017 eum,
676 1953 749 2006 Tu
776 1968 831 2008 es
861 1951 1110 2007 sacerdos
1140 1953 1201 2007 in
1227 1955 1519 2015 aeternum,
1544 1947 1843 2004 secundum

186 2042 445 2097 ordinem
493 2041 873 2107 Melchisedee,
916 2041 987 2096 ad
1037 2039 1571 2096 commendandum
1618 2037 1840 2093 sacriﬁ-

185 2129 347 2185 cium
372 2128 713 2200 salutare,in
733 2147 847 2202 quo
872 2146 974 2201 pro
987 2129 1155 2185 nobis
1176 2146 1340 2184 sacer
1361 2126 1604 2200 sanguis
1624 2128 1843 2182 effusus

185 2228 299 2287 est,
335 2220 506 2289 cujus
536 2219 758 2275 umbra:
799 2220 1027 2274 fuerant
1058 2219 1364 2286 sacriﬁcia,
1398 2234 1527 2289 quae
1573 2218 1642 2272 de
1676 2232 1842 2288 peco-

186 2307 357 2363 ribus
385 2308 965 2379 immaculatisjussa
994 2306 1581 2364 suntimmolarizhoc
1612 2322 1750 2377 ergo
1772 2306 1843 2361 de

187 2397 537 2469 pcenitentia
559 2397 682 2465 Dei,
702 2414 773 2453 ne
805 2398 889 2454 sic
919 2414 1047 2452 eam
1084 2402 1313 2470 putaret
1335 2396 1756 2468 accipiendam,
1779 2400 1845 2451 ut

184 2500 258 2541 ex
280 2502 346 2541 eo
377 2487 529 2558 quod
552 2504 666 2542 non
685 2486 1047 2559 intelligit,in
1070 2486 1570 2558 blasphemiarum
1595 2485 1844 2541 latratus

184 2577 433 2632 rabidus
463 2576 769 2647 insaniret,
802 2576 1055 2632 habebat
1106 2578 1259 2631 unde
1290 2582 1757 2632 commoneretur
1784 2575 1841 2630 in

182 2667 475 2738 proximo.
506 2666 634 2737 Ipse
653 2666 870 2738 quippe
888 2665 1367 2721 commemoravit
1384 2670 1563 2721 Deum
1587 2666 1839 2720 dixisse:

180 2757 422 2811 Paenitet
448 2772 538 2811 me
565 2757 791 2811 unxisse
820 2756 954 2810 Saul
987 2757 1047 2810 in
1077 2757 1313 2827 regem‘.
1347 2755 1465 2810 Hoc
1491 2759 1687 2810 autem
1709 2754 1847 2809 scri-

185 2848 360 2916 ptum
392 2849 481 2899 est
510 2844 769 2899 Samueli
804 2850 1007 2900 sancto
1039 2844 1260 2899 dictum
1293 2844 1491 2912 fuisse,
1526 2860 1628 2915 per
1668 2859 1844 2915 quem

185 2934 345 2990 Deus
368 2933 563 3006 arguit
584 2934 1009 3005 Saﬁlem,quod
1034 2934 1256 2988 homini
1286 2949 1461 3005 quem
1490 2934 1636 2989 Deus
1658 2933 1843 2988 occidi

187 3023 469 3094 iusserat,
497 3022 868 3095 pepercisset,
892 3022 1171 3078 exhibens
1199 3022 1359 3077 velut
1380 3022 1841 3077 misericordiam

188 3117 422 3167 contem
433 3116 531 3183 pta
553 3112 907 3168 obedientia:
926 3112 1091 3184 quasi
1116 3128 1247 3167 vero
1262 3110 1473 3167 melius
1489 3116 1684 3167 nosset
1700 3110 1840 3183 quid

188 3201 265 3256 de
290 3200 525 3256 homine
546 3201 669 3257 ﬁeri
693 3202 980 3267 debuerit,
1004 3218 1180 3273 quam
1206 3200 1302 3255 ille
1324 3201 1422 3273 qui
1446 3200 1742 3256 hominem
1766 3201 1843 3256 fe-

191 3290 296 3345 cit.
322 3288 427 3345 Ubi
450 3291 605 3361 quod
629 3289 1082 3347 saluberrimum
1105 3294 1195 3345 est
1216 3290 1592 3355 discimus,ut
1610 3305 1844 3361 semper

191 3378 460 3433 divinum
479 3387 854 3451 praeceptum,
878 3378 1204 3435 humanum
1224 3379 1280 3433 in
1307 3379 1475 3434 nobis
1492 3378 1684 3434 vincat
1703 3379 1837 3434 affe-

188 3473 375 3523 ctum.
406 3469 563 3523 Idem
584 3474 777 3523 tamen
803 3468 1036 3524 Samuel
1058 3468 1149 3523 cui
1173 3467 1397 3523 dixerat
1414 3468 1587 3536 Deus,
1606 3470 1841 3525 Paenitet

187 3573 279 3613 me
295 3560 521 3613 unxisse
540 3556 681 3613 Saul
703 3560 761 3613 in
784 3573 995 3629 regem;
1015 3557 1496 3624 dicit’evidenter,
1520 3561 1699 3612 Deum
1721 3574 1836 3613 non

175 3647 640 3720 pmnitereNam
669 3646 750 3701 ita
771 3646 1056 3719 scriptum
1079 3650 1271 3701 est:Et
1291 3648 1499 3717 factum
1518 3650 1594 3702 est
1609 3647 1838 3701 verbum

180 3738 413 3793 Domini
447 3738 522 3792 ad
567 3737 805 3803 Samuel,
837 3736 1046 3805 dicens,
1078 3737 1307 3791 Paenitet
1332 3752 1419 3790 me
1466 3738 1607 3807 quod
1634 3738 1834 3791 consti-

178 3829 381 3882 tuerim
412 3827 555 3882 Saitl
587 3828 643 3881 in
675 3843 877 3897 regem,
909 3828 1167 3898 quoniam
1210 3842 1435 3881 aversus
1463 3830 1540 3881 est
1577 3843 1615 3881 a
1643 3842 1748 3897 me,
1780 3832 1835 3881 et

174 3916 348 3974 verba
375 3933 499 3971 mea
528 3932 639 3971 non
666 3915 960 3971 custodiuit
992 3934 1010 3971 :
1044 3916 1111 3969 Et
1141 3915 1313 3987 paulo
1347 3920 1477 3986 post
1506 3915 1662 3971 Sauli
1694 3915 1839 3971 dixit

175 4007 310 4079 ipse
333 4006 849 4077 SamuelzDisrupit
868 4007 1131 4061 Dominus
1150 4020 1378 4076 regnum
1390 4006 1563 4061 Israel
1581 4005 1647 4062 de
1669 4023 1838 4061 manu

181 4105 285 4153 tua
315 4095 491 4165 hodie,
522 4103 576 4151 et
601 4096 753 4151 dabit
782 4096 922 4150 illud
938 4097 1191 4168 proximo
1222 4099 1312 4150 tuo
1340 4095 1478 4151 bono
1507 4111 1671 4166 super
1698 4104 1765 4162 te,
1788 4099 1840 4152 et

180 4185 461 4242 dividetur
489 4186 660 4241 Israel
690 4187 749 4240 in
778 4184 882 4240 duo
906 4201 919 4239 :
944 4194 995 4240 et
1020 4201 1131 4239 non
1150 4189 1514 4253 convertetur,
1536 4201 1707 4256 neque
1721 4202 1842 4256 pw-

180 4275 387 4330 nitebit
414 4290 542 4331 eum
561 4291 582 4337 ;
613 4276 876 4347 quoniam
904 4292 1018 4330 non
1047 4278 1129 4329 est
1148 4276 1289 4329 sicut
1307 4274 1561 4341 homo,ut
1583 4277 1845 4345 paeniteat

178 4380 309 4422 eum
342 4366 386 4436 (ι
414 4365 542 4432 Reg.
574 4380 664 4435 xv,
709 4365 796 4434 11,
826 4364 916 4435 28,
947 4362 1058 4435 29).
1112 4364 1254 4418 Ecce
1286 4362 1386 4434 qui
1432 4370 1671 4418 noverat
1700 4364 1722 4397 ³
1753 4364 1842 4418 in-

176 4453 447 4526 telligere
478 4453 663 4509 Deum
696 4452 822 4509 sine
854 4453 1132 4508 miseria3
1167 4452 1562 4518 miserantem,
1595 4452 1725 4508 sine
1756 4452 1843 4508 ira

177 4545 554 4609 irascentem,
571 4541 696 4600 sine
718 4543 839 4598 zelo
860 4541 1299 4611 zelantem,sine
1322 4540 1612 4597 oblivione
1634 4541 1837 4597 oblivi-

178 4633 600 4700 scentem,sine
622 4631 953 4704 ignorantia
973 4631 1483 4697 nescientem,sine
1501 4631 1844 4702 pcsnitentia

183 4720 731 4795 pmnitentemznon
750 4722 858 4778 iste
876 4722 1311 4795 quiescundum
1338 4720 1578 4776 verbum
1606 4720 1702 4776 Dei
1726 4736 1841 4776 non

182 4810 566 4882 loquendo,et
588 4811 834 4867 Litteras
856 4813 981 4883 ejus
1004 4828 1119 4866 non
1142 4810 1585 4880 considerando,
1600 4814 1657 4865 et
1679 4826 1844 4866 voces

187 4917 397 4958 earum
429 4917 544 4955 non
591 4902 961 4966 advertendo,
994 4901 1181 4956 factus
1211 4904 1299 4957 est
1350 4903 1550 4956 mutus
1579 4899 1843 4967 latrator,

192 5006 389 5048 caecus
417 4989 618 5060 lector,
650 4991 867 5046 surdus
897 4990 1150 5046 auditor.

265 5080 356 5134 43.
394 5079 717 5146 Obliviosus,
757 5079 973 5153 inquit,
1005 5084 1149 5135 Deus
1178 5082 1233 5135 et
1279 5085 1529 5135 emortua
1574 5080 1845 5135 memoria

191 5185 390 5227 areum
411 5171 595 5241 posuit
615 5171 675 5224 in
690 5170 946 5239 nubibus,
966 5171 1066 5241 qui
1084 5170 1185 5225 iris
1200 5170 1431 5238 dicitur,
1454 5167 1596 5225 unde
1613 5185 1845 5226 commo-

189 5268 395 5317 neatur
428 5275 539 5315 non
586 5259 823 5330 amplius
873 5258 1175 5314 humanum
1217 5275 1388 5330 genus
1415 5257 1596 5315 delere
1640 5258 1847 5315 diluvio

190 5349 352 5425 (Gen.
378 5366 454 5419 1x,
482 5348 683 5421 12-17),
707 5349 841 5421 quid
862 5358 987 5420 agat
1014 5350 1234 5404 omnino
1253 5351 1518 5417 nesciens,
1542 5350 1633 5404 cui
1651 5349 1848 5405 merito

188 5454 333 5513 opus
373 5441 445 5493 sit
468 5437 685 5493 assiduo
710 5441 994 5493 monitore.
1019 5440 1129 5495 Iste
1147 5454 1279 5493 vero
1294 5455 1406 5494 non
1431 5438 1731 5508 memoria,
1747 5438 1847 5495 sed

1605 387 1836 448 LIBER
1883 387 2198 450 PRIMUS.

3477 401 3596 462 630

1953 522 2340 592 apertioribus
2365 524 2773 594 calumniatur,
2793 532 3007 599 quanto
3039 529 3227 602 magis
3258 530 3469 604 caligat
3492 535 3508 569 ¹
3534 533 3593 589 in

1949 614 2225 683 nubibus,
2250 620 2307 668 et
2335 615 2583 670 delirare
2603 617 3017 687 compellitur?
3042 618 3143 673 Cui
3175 624 3370 675 tamen
3394 626 3459 676 ut
3478 623 3592 678 cito

1947 703 2352 773 respondeam,
2385 703 2465 759 ita
2511 706 2639 760 dico
2671 704 2853 761 Deum
2886 708 3184 763 admoneri
3225 726 3287 765 se
3317 710 3589 781 voluisse,

1947 793 2218 863 quamvis
2242 810 2355 848 non
2378 793 2453 848 sit
2474 793 2710 859 oblitus,
2738 795 2889 850 sicut
2910 795 3173 853 Christus
3194 799 3385 854 doceri
3408 816 3470 855 se
3492 818 3588 856 vo-

1946 878 2057 935 luit
2085 882 2183 936 ubi
2221 883 2463 937 Lazarus
2496 883 2720 953 positus
2766 883 2960 949 fuerit,
2994 888 3261 956 quamvis
3290 905 3402 943 non
3435 893 3591 944 esset

1944 968 2355 1040 ignarus.Nolo
2378 970 2530 1026 enim
2557 971 2921 1042 dicere,quos
2939 990 3108 1030 arcus
3132 975 3227 1030 ille
3249 975 3585 1051 signiﬁcet”,

1945 1058 2325 1129 resplendene
2342 1077 2371 1115 e
2389 1062 2645 1116 nubibus
2665 1061 2908 1133 fulgore,
2927 1067 2981 1117 et
3000 1064 3179 1119 radiis
3204 1063 3448 1122 luminis
3472 1084 3587 1138 quo

1946 1148 2176 1202 roscida
2208 1148 2537 1204 illustratur
2566 1150 2911 1217 obscuritas,
2943 1158 3107 1221 grata
3138 1154 3391 1224 quodam
3416 1157 3588 1211 modo

1945 1237 2307 1293 confessione
2328 1240 2720 1310 respondens;
2744 1244 2803 1295 et
2831 1243 3123 1311 quomodo
3148 1247 3295 1298 Deus
3318 1260 3433 1299 non
3458 1260 3589 1316 per-

1944 1325 2044 1380 dat
2059 1326 2257 1381 orbem
2275 1326 2493 1382 diluvio
2521 1327 2833 1399 spirituali,
2857 1330 2995 1384 dum
3014 1335 3106 1386 est
3124 1347 3324 1386 eorum
3344 1348 3587 1407 memor,

1945 1430 2196 1486 quorum
2228 1415 2569 1472 illuminatze
2600 1418 2783 1473 nubes
2816 1419 3064 1490 ﬁguram
3098 1426 3305 1491 gerunt
3339 1438 3351 1477 :
3378 1421 3589 1478 horum

1944 1503 2100 1558 enim
2123 1505 2361 1560 nomina
2381 1505 2598 1577 scripta
2619 1512 2758 1562 sunt
2779 1507 2837 1562 in
2861 1508 3040 1577 ccelis,
3058 1513 3123 1564 ut
3143 1526 3369 1566 memor
3390 1510 3468 1566 sit
3489 1528 3590 1567 eo-

1944 1609 2075 1646 rum
2115 1598 2285 1648 Pater
2315 1594 2414 1666 qui
2446 1598 2536 1650 est
2570 1596 2629 1650 in
2677 1596 2877 1664 oculis;
2912 1597 3190 1669 quoniam
3223 1616 3337 1654 non
3368 1600 3440 1656 de
3482 1617 3589 1657 suo

1944 1680 2136 1737 lucere
2156 1699 2218 1737 se
2238 1682 2450 1747 sciunt,
2475 1684 2574 1738 sed
2599 1685 2667 1739 de
2689 1685 2809 1741 sole
2825 1686 3249 1756 justitia,sicut
3270 1688 3378 1743 illa:
3401 1689 3587 1746 nubes

1944 1770 2014 1826 de
2046 1770 2167 1827 sole
2196 1771 2433 1827 visibili.
2465 1772 2575 1827 Sed
2599 1790 2665 1828 ex
2688 1773 2784 1829 illo
2809 1777 2962 1847 quod
2993 1778 3464 1845 commemoravi,
3490 1794 3586 1833 ur-

1942 1862 2165 1932 gendus
2185 1862 2591 1933 est,quomodo
2614 1862 2860 1935 accipiat
2881 1864 3195 1921 Dominum
3209 1866 3498 1923 dicentem
3516 1868 3588 1924 de

1943 1950 2177 2018 Lazaro,
2204 1951 2305 2007 Ubi
2334 1954 2595 2022 posuistis
2618 1968 2741 2007 eum
2772 1954 2948 2024 (Joan.
2978 1971 3058 2025 xx,
3080 1955 3206 2027 34);
3240 1961 3298 2011 et
3316 1955 3480 2011 locus
3511 1957 3586 2028 ei,

1942 2043 2220 2111 tanquam
2244 2039 2493 2112 ignoret,
2516 2041 2864 2097 ostenditur.
2890 2043 3011 2098 Nisi
3029 2045 3186 2098 enim
3212 2043 3430 2117 aliquid
3454 2062 3590 2101 eum

1942 2127 2197 2200 ista,qua
2217 2130 2483 2186 nesciens
2495 2130 3207 2203 videbatur,inquisitione
3228 2133 3593 2206 signiﬁcasse

1943 2218 2549 2290 fateamur,quomodo
2562 2220 2949 2290 pradicamus
2962 2220 3255 2277 Christum
3270 2240 3385 2279 non
3399 2223 3592 2280 solum

1944 2308 2127 2363 scisse
2149 2308 2683 2379 praesentia,verum
2706 2309 2879 2364 etiam
2903 2311 3100 2366 futura
3123 2312 3592 2383 praescisse?Ma-

1944 2393 2099 2449 xime
2112 2394 2250 2466 quia
2264 2395 2373 2450 iste
2389 2394 2447 2449 in
2461 2412 2584 2451 eam
2600 2413 2662 2451 se
2673 2397 3054 2469 precipitavit
3072 2398 3322 2455 mirabili
3336 2400 3593 2456 excitate
3616 2412 3621 2417 '

1944 2484 2320 2550 sententiam,
2339 2489 2403 2540 ut
2432 2485 2668 2553 diceret,
2686 2487 2854 2542 Nemo
2874 2488 2987 2541 nisi
3005 2504 3234 2559 ignarus
3253 2490 3594 2561 interrogat!

1945 2573 2051 2628 Ubi
2085 2573 2338 2646 cogitare
2360 2590 2474 2629 non
2499 2575 2709 2646 potuit,
2736 2576 2963 2647 quoties
2985 2576 3248 2634 Christus
3269 2578 3588 2650 interroga-

1943 2663 2323 2718 verit.Annon
2349 2662 2666 2735 interrogat
2678 2664 2820 2735 quid
2842 2664 3017 2720 dicit:
3047 2666 3186 2733 Quid
3206 2667 3355 2722 vobis
3372 2668 3592 2724 videtur

1942 2752 2010 2807 de
2033 2750 2242 2807 Christo
2262 2754 2288 2805 .9
2304 2753 2462 2824 cujus
2482 2760 2561 2807 est
2580 2752 2731 2822 ﬁlius
2759 2753 2963 2825 (Matth.
2986 2771 3124 2823 χχιι,
3149 2755 3276 2827 42)?
3299 2756 3447 2821 Quid
3480 2757 3590 2814 hoc

1944 2841 2278 2897 testimonio
2301 2842 2672 2897 manifestius
2692 2842 2721 2897 ‘I
2750 2844 2910 2908 Quod
2930 2842 2979 2899 si
3003 2844 3252 2900 nimium
3274 2846 3457 2902 durus
3479 2850 3588 2915 est,

1945 2930 2231 3001 numquid
2262 2929 2438 2985 etiam
2472 2930 2550 2985 ibi
2584 2931 2820 3003 negabit
2846 2932 3241 3005 interrogasse
3267 2934 3588 3003 Christum,

1945 3017 2045 3073 ubi
2074 3035 2135 3074 se
2164 3018 2290 3090 ipse
2311 3018 2666 3091 interrogare
2681 3024 2949 3088 testatur,
2970 3021 3205 3091 dicens;
3239 3025 3592 3095 Interrogabo

1942 3124 2035 3164 vos
2063 3115 2113 3163 et
2137 3124 2232 3177 ego
2253 3125 2428 3163 unum
2451 3124 2789 3172 sermonem;
2821 3126 2982 3181 quem
3000 3112 3051 3166 si
3069 3110 3326 3169 dixeritis
3353 3114 3516 3183 mihi,
3542 3123 3594 3171 et

1942 3214 2037 3268 ego
2066 3198 2216 3253 vobis
2246 3197 2423 3253 dicam
2450 3199 2508 3254 in
2539 3215 2647 3270 qua
2673 3203 2933 3271 potestate
2962 3200 3081 3257 haec
3107 3203 3252 3272 facio
3272 3220 3291 3257 :
3315 3204 3595 3275 Baptisma

1939 3289 2173 3345 Joannis
2201 3288 2346 3343 unde
2373 3290 2491 3344 erat
2510 3291 2535 3341 .9
2562 3305 2592 3344 e
2618 3289 2771 3360 ciete,
2793 3307 2870 3346 an
2900 3306 2969 3346 ex
2998 3290 3313 3349 hominibus
3342 3293 3441 3365 (Id.
3474 3311 3590 3364 xxx,

1940 3377 2031 3445 24,
2062 3377 2202 3449 25)?
2234 3376 2340 3432 Ubi
2364 3394 2519 3433 nunc
2545 3395 2607 3433 se
2639 3381 2957 3435 abscondet
2978 3380 3432 3453 loquacissimus
3453 3400 3591 3439 con-

1940 3470 2032 3521 tra
2060 3466 2268 3532 Deum,
2295 3471 2354 3523 et
2400 3467 2917 3538 desperatissimus
2961 3470 3337 3542 disputator?
3368 3471 3473 3528 Ubi
3502 3476 3592 3529 est

1940 3556 2096 3627 quod
2120 3556 2393 3624 ait,Nemo
2414 3558 2532 3612 nisi
2550 3558 2777 3627 ignarus
2796 3559 3139 3628 interrogat?
3158 3560 3300 3616 Ecce
3321 3560 3589 3618 Christus

1939 3645 2179 3717 ignarus
2221 3662 2333 3700 non
2364 3650 2471 3713 est,
2505 3651 2562 3701 et
2608 3650 2801 3703 tamen
2835 3647 3175 3721 interrogat.
3228 3649 3327 3706 His
3378 3667 3589 3723 nempe

1937 3733 2124 3789 oculis
2155 3734 2525 3806 reprehendit
2544 3735 2967 3807 Prophetarum
2998 3737 3202 3806 Deum,
3236 3739 3449 3811 quibus
3470 3756 3587 3798 non

1938 3824 2095 3880 videt
2107 3824 2541 3880 Christum.Sed
2557 3824 2614 3879 in
2632 3824 2850 3881 talibus
2864 3826 3417 3900 interrogationibus
3430 3846 3591 3903 aper-

1938 3912 2166 3969 tissime
2184 3914 2387 3969 doctor
2406 3920 2493 3969 est
2512 3914 2871 3971 Christus.ln
2897 3916 2989 3971 his
3012 3922 3209 3973 autem
3231 3919 3465 3990 quando
3487 3920 3589 3991 ait,

1946 4005 2046 4062 Ubi
2072 4004 2331 4076 posuistis
2352 4003 2515 4058 eum?
2546 4008 2623 4071 et,
2664 4007 2801 4074 Quis
2829 4022 2913 4061 me
2940 4007 3117 4079 tetigit
3138 4009 3287 4079 (Luc.
3310 4025 3433 4077 vm,
3457 4010 3547 4081 45)
3566 4009 3595 4064 ‘t

1941 4098 1999 4150 et
2030 4094 2079 4149 si
2114 4092 2253 4165 quid
2308 4093 2525 4149 dixisse
2574 4093 2917 4164 hujusmodi
2945 4094 3177 4169 legitur,
3225 4097 3456 4153 videtur
3480 4100 3595 4169 {do-

1942 4183 2057 4241 ceri
2091 4182 2235 4238 velle
2268 4183 2421 4254 quod
2454 4182 2661 4249 nescit,
2683 4188 2740 4238 et
2771 4188 2971 4239 tamen
3003 4185 3134 4241 scit.
3169 4186 3263 4241 Sic
3293 4203 3429 4259 ergo
3460 4188 3594 4243 etin

1942 4272 2060 4329 illis
2094 4271 2279 4328 Libris
2314 4273 2462 4328 Deus
2508 4276 2790 4343 tanquam
2840 4272 3057 4330 oblitus
3089 4275 3458 4347 admonetur,
3490 4277 3593 4333 sed

1941 4366 2138 4418 tamen
2171 4361 2326 4417 absit
2357 4365 2422 4416 ut
2452 4362 2735 4433 quidnam
2768 4378 3030 4434 unquam
3063 4363 3456 4422 obliviscatur.

2013 4452 2102 4507 44.
2136 4451 2282 4515 Quid
2316 4449 2481 4505 illum
2512 4450 2709 4523 ipsum
2742 4451 2894 4523 quod
2929 4452 3075 4507 dixit
3109 4454 3389 4510 Dominus
3419 4454 3595 4511 disci-

1943 4540 2097 4613 pulis
2120 4541 2265 4610 suis,
2284 4539 2541 4607 Gaudete,
2570 4542 2700 4611 quia
2724 4542 2955 4597 nomina
2974 4550 3153 4598 vestra
3167 4545 3370 4615 scripta
3388 4548 3515 4600 sunt
3536 4548 3597 4601 in

1942 4630 2093 4687 caelis
2124 4629 2224 4701 (id.
2247 4646 2303 4694 x,
2321 4630 2434 4696 20),
2467 4646 2659 4684 nonne
2688 4628 2919 4685 videtur
2944 4635 3224 4703 tanquam
3251 4649 3318 4688 ex
3339 4633 3436 4690 illo
3458 4650 3595 4691 arcu

1945 4720 2043 4792 qui
2061 4718 2842 4791 refulgetexnubibus,velut
2855 4719 3210 4792 quibusdam
3224 4722 3284 4776 in
3298 4722 3597 4781 ccrloDeus

1944 4808 2155 4864 litteris
2186 4807 2483 4862 admoneri
2506 4806 2534 4861 ‘t
2566 4807 2687 4863 Nisi
2720 4808 2842 4864 haec
2872 4809 2966 4881 pie
2997 4809 3377 4882 accipiantur.
3410 4812 3595 4868 donec

1946 4897 2090 4953 fides
2108 4897 2379 4969 impetret
2400 4900 2466 4952 ut
2486 4895 2911 4970 intelligantur,
2932 4914 3124 4954 nonne
3146 4904 3211 4954 ut
3232 4899 3497 4956 fabulosa
3517 4900 3597 4956 ri-

1946 4988 2159 5044 dentur
2176 4986 2204 5041 ?
2232 4985 2455 5053 Quibus
2478 4986 2826 5057 ridentibus,
2852 4986 2966 5043 nisi
2990 4986 3427 5059 insipientibus,
3450 4993 3509 5045 et
3528 5005 3595 5046 eo

1947 5078 2075 5151 ipso
2099 5093 2213 5149 quo
2226 5075 2520 5147 sapientes
2542 5075 2652 5132 sibi
2674 5076 3163 5149 videntur,magis
3182 5077 3486 5149 magisque
3502 5078 3599 5135 de-

1950 5165 2421 5231 mentibusi’Quis
2444 5164 2598 5221 enim
2621 5165 2837 5238 cogitat
2849 5166 3139 5237 quomodo
3155 5166 3227 5221 ad
3252 5166 3595 5223 memoriam

1950 5256 2050 5314 Dei
2070 5256 2403 5313 scribantur
2421 5256 2479 5312 in
2499 5254 2658 5311 oculis
2675 5259 2985 5327 sequentes
3002 5254 3598 5321 Dominum,derelin-

1950 5350 2401 5420 quentesautem
2416 5345 2730 5400 Dominum
2755 5343 3088 5399 scribantur
3107 5343 3164 5397 in
3189 5345 3449 5414 terra,de
3466 5344 3597 5417 qui-

1949 5438 2063 5494 bus
2089 5435 2369 5510 propheta
2382 5434 2664 5491 Jeremias
2677 5432 3093 5491 dicitzUniversi
3102 5435 3200 5505 qui
3213 5433 3603 5508 derelinquunt

192 5529 397 5586 anima
430 5532 665 5584 mortua
695 5529 832 5599 quid
867 5528 1138 5599 loquatur
1182 5527 1470 5598 nesciens,
1505 5528 1555 5584 si
1586 5528 1645 5583 in
1677 5528 1851 5586 rebus
1952 5530 2022 5601 te,
2051 5525 2499 5597 confundantur;
2540 5525 2847 5579 recedentes
2868 5524 2909 5591 ³,
2932 5539 3099 5595 super
3128 5527 3335 5580 terram
3361 5525 3603 5581 scriban-

262 5674 283 5710 ι
318 5672 461 5732 Mss"
492 5672 550 5721 in
578 5686 813 5735 regnum.

262 5737 287 5773 ³
318 5736 376 5784 ln
406 5737 549 5797 Mss,
578 5736 843 5784 noverant.

263 5800 288 5836 ⁸
315 5798 395 5852 ιιι
421 5796 545 5851 Mss.
576 5797 714 5851 Editi
743 5810 890 5859 vero,
917 5796 1026 5848 sine
1051 5796 1416 5849 misericordia.

2020 5673 2035 5707 ι
2069 5670 2211 5727 Μειει..
2244 5667 2572 5730 caliginatur.
2597 5667 2736 5725 Am.,
2761 5664 3035 5730 caligatur.

2016 5735 2038 5769 ³
2067 5733 2150 5783 Sic
2174 5733 2297 5781 Mss.
2328 5727 2463 5781 Editi
2489 5734 2686 5787 autem,
2718 5729 2845 5793 quid
2863 5727 3018 5779 arcus
3047 5727 3132 5793 itte
3159 5728 3432 5793 significet:

2016 5798 2040 5833 ³
2060 5795 2200 5847 Editi
2228 5794 2449 5852 addunt,
2482 5806 2513 5841 a
2546 5794 2633 5855 te;
2660 5790 2804 5857 quod
2835 5807 2867 5843 s
2893 5793 3019 5845 Mss.
3052 5790 3284 5845 abest'et
3312 5805 3343 5841 a
3372 5790 3515 5843 LXX.
