4094 6468
444 417 557 482 631

447 564 543 615 tur
573 554 784 625 (Jsrem.
811 564 946 612 xvu,
984 547 1071 617 13)
1090 544 1118 600 ?
1145 547 1298 611 Quos
1324 544 1469 597 bene
1498 537 1841 609 intelligitur
1871 532 2095 605 signiﬁ-

855 410 1166 475 CUN'I‘RA
1207 404 1774 470 ADVERSAItlUM
1825 400 2048 460 LEGIS
2096 398 2194 456 ΕΤ
2240 390 2863 465 PROPHETARUM,
2909 389 2974 449 S.
3007 386 3434 450 AUGUSTINI

3735 384 3857 443 632

2206 544 2335 583 rum
2370 524 2630 598 gentium
2655 528 2793 579 sunt
2820 522 3179 594 impietatem
3200 519 3604 591 malitiamque
3622 518 3857 589 sectati,

456 607 622 700 casse
649 640 840 708 Jesus,
863 607 1093 709 quando
1122 607 1308 690 Judzei
1335 631 1467 688 victi
1492 639 1665 700 atque
1690 607 1945 693 confusi,
1964 638 2098 680 cum
2202 616 2509 709 exquibus
2533 620 2728 669 tamen
2750 613 2948 709 carnis
2965 612 3247 709 originem
3271 627 3383 665 non
3407 607 3857 709 ducebant-Sed

461 733 783 795 audissent,
816 729 922 797 Qui
968 729 1091 781 sine
1130 731 1345 792 peccato
1374 726 1474 787 est,
1506 721 1660 791 prior
1686 720 1747 773 in
1773 718 1927 771 illam
1961 714 2101 783 lapi-

468 822 589 877 dem
611 821 805 892 jaciat,
826 834 981 872 unus
998 819 1129 887 post
1156 817 1403 867 alterum
1422 813 1804 865 recesserunt.
1821 806 1983 860 Tunc
2008 819 2107 857 au-

465 916 582 967 tem
640 908 737 963 ille
784 906 1100 961 ostendens
1130 904 1200 957 de
1245 918 1359 973 quo
1391 916 1631 954 numero
1680 899 1893 962 essent,
1927 892 2106 963 digito

467 999 758 1057 scribebat
787 996 845 1050 in
878 1002 1031 1049 terra
1064 995 1238 1064 (Joan.
1273 1007 1393 1057 VIII,
1427 990 1560 1059 7-9).

540 1086 768 1143 CAPUT
789 1085 926 1140 XXI.
952 1115 1019 1124 —
1044 1084 1130 1137 45.
1155 1082 1217 1137 Si
1235 1090 1503 1152 putamus,
1530 1077 1739 1148 inquit,
1764 1076 1959 1128 merito
1978 1087 2109 1126 con-

468 1178 788 1234 versationis
808 1188 922 1229 suae
942 1174 1189 1227 homines
1209 1170 1407 1225 diluvii
1425 1169 1693 1238 excepisse
1711 1164 2116 1228 sententiam,et

474 1270 592 1324 Noe
604 1266 819 1337 justum
830 1262 899 1316 ad
920 1260 1318 1333 reparationem
1331 1266 1594 1313 creaturae
1611 1256 1856 1311 melioris
1869 1268 1982 1308 esse
2001 1268 2113 1307 ser-

477 1364 704 1421 vatum,-
734 1369 831 1407 cur
858 1350 1056 1406 exinde
1068 1351 1278 1421 pejores
1293 1349 1565 1413 oriuntur,
1589 1350 1637 1401 et
1660 1348 1716 1401 in
1740 1343 1945 1399 eosdem
1969 1346 2119 1397 actus

476 1447 607 1501 vita
625 1442 912 1507 sordentis,
928 1441 1160 1495 humani
1174 1439 1385 1507 generis
1403 1440 1569 1493 etiam
1589 1452 1737 1491 nunc
1755 1435 2021 1489 nativitas
2038 1446 2121 1487 re-

477 1536 713 1591 volvitur
733 1532 760 1586 ?
792 1532 875 1585 Ita
896 1531 1002 1584 hoc
1026 1528 1185 1594 dicit,
1217 1533 1497 1599 tanquam
1523 1526 1727 1582 vixerit
1757 1541 1889 1580 cum
1910 1524 1994 1580 eis
2020 1521 2121 1594 qui

481 1621 696 1679 diluvio
720 1620 1106 1692 perierunt,et
1126 1618 1261 1673 inde
1292 1617 1513 1673 noverit
1539 1617 1691 1688 quod
1718 1631 1871 1669 nunc
1898 1614 2124 1684 pejores

483 1714 772 1769 oriuntur.
805 1709 916 1765 Sed
951 1709 1069 1763 sive
1100 1709 1158 1763 in
1192 1708 1406 1779 pejore,
1440 1708 1559 1761 sive
1584 1705 1641 1761 in
1674 1706 1901 1768 eodem,
1926 1702 2043 1757 sive
2066 1701 2125 1755 in

483 1799 722 1857 meliore
754 1802 885 1855 actu
918 1803 1052 1870 post
1090 1796 1374 1852 diluvium
1405 1811 1590 1869 genus
1620 1798 1883 1849 versetur
1915 1793 2127 1847 buma-

488 1908 655 1953 num,
688 1892 828 1961 puto
860 1888 975 1942 Deo
1025 1886 1442 1941 dimittendum
1474 1902 1601 1940 esse
1640 1882 1930 1955 judicium
1955 1884 1996 1948 ¹,
2030 1879 2130 1951 qui

486 1979 650 2037 novit
680 1976 997 2032 retribuere
1030 1977 1345 2045 unicuique
1376 1974 1698 2029 secundum
1734 1972 1943 2027 merita
1962 1972 2090 2041 ejus
2116 1988 2129 2025 :

491 2085 608 2123 non
643 2067 776 2122 huic
806 2066 934 2121 cani
969 2065 1168 2119 rabido
1199 2066 1476 2119 adversus
1509 2063 1819 2118 Dominum
1852 2078 2025 2116 suum
2050 2060 2131 2114 la-

491 2155 792 2222 tranti,vel
812 2154 975 2210 asino
998 2154 1179 2209 stulto
1200 2154 1478 2208 adversus
1499 2151 1806 2208 stimulum
1828 2150 2132 2206 calcitran-

490 2245 556 2301 ti.
593 2243 899 2317 Apostolus
942 2242 1177 2306 clamat,
1210 2242 1248 2298 0
1279 2242 1517 2298 altitudo
1561 2241 1885 2297 divitiarum
1914 2242 2133 2311 sapien-

490 2336 588 2391 tiae
616 2344 669 2390 et
696 2336 944 2389 scientiw
983 2334 1117 2387 Dei!
1146 2348 1310 2403 quam
1340 2332 1727 2387 inscrutabilia
1771 2335 1901 2386 sunt
1931 2330 2138 2399 judicia

487 2427 626 2497 ejus,
658 2428 713 2478 et
759 2422 1165 2490 investigabiles
1192 2423 1303 2476 via:
1332 2422 1450 2492 ejus
1478 2425 1498 2476 .'
1542 2422 1673 2490 Quis
1700 2423 1849 2476 enim
1869 2422 2135 2492 cognovit,

486 2530 707 2571 sensum
734 2513 971 2577 Domini,
986 2517 1083 2566 aut
1099 2513 1219 2583 quis
1235 2513 1564 2566 consiliarus
1582 2513 1699 2577 eius
1730 2513 1838 2580 fuit
1858 2512 2032 2583 (Rom.
2058 2527 2138 2576 x1,

490 2604 581 2673 33,
612 2602 755 2674 34)?
776 2605 829 2657 et
861 2600 1073 2655 isteilli
1106 2600 1414 2655 cuinullus
1431 2606 1518 2656 est
1550 2600 1942 2665 consiliarius,
1967 2600 2143 2655 audet

493 2708 625 2748 esse
674 2688 1061 2746 adversarius.
1095 2689 1243 2753 Quid
1295 2694 1486 2745 autem
1537 2689 1797 2755 interest,
1843 2690 2143 2745 morituris

496 2781 1046 2851 cunctis,quantum
1066 2779 1133 2833 ad
1152 2783 1397 2834 mortem
1420 2779 1630 2834 attinet
1645 2779 1924 2851 corporis,
1944 2784 2141 2834 utrum

502 2868 957 2943 singillatim,an
989 2867 1165 2923 simul
1193 2884 1398 2923 omnes
1416 2868 1745 2940 pariterque
1778 2868 2142 2937 moriantur;

499 2959 614 3015 nisi
647 2958 798 3030 quod
820 2974 953 3012 cum
976 2955 1192 3028 singuli
1218 2956 1568 3025 moriuntur,
1587 2962 1644 3012 et
1673 2974 1877 3013 omnes
1898 2963 2145 3012 mortem

500 3052 557 3104 et
587 3064 791 3103 omnes
821 3046 891 3101 de
922 3046 1174 3100 mortuis
1212 3045 1515 3116 patiuntur
1542 3045 1801 3102 dolorem
1828 3064 1841 3113 ;
1876 3063 2007 3101 cum
2040 3063 2149 3101 au-

504 3142 621 3192 tem
643 3134 821 3191 simul
839 3134 1141 3190 universos
1167 3134 1319 3206 rapit
1337 3151 1489 3189 unus
1509 3135 1798 3199 interitus,
1818 3134 2028 3191 saltem
2052 3152 2149 3190 ne-

505 3224 650 3281 mini
682 3222 1294 3295 relinquiturluctus?
1328 3223 1534 3279 Verum
1565 3223 1740 3279 etiam
1764 3222 1941 3279 altius
1964 3226 2021 3279 in
2054 3223 2152 3280 illo

497 3313 716 3371 diluvio
728 3311 1039 3368 consilium
1055 3312 1152 3367 Dei
1170 3312 1477 3384 fuit,quam
1496 3329 1594 3368 cor
1608 3312 1933 3369 Infidelium
1946 3314 2033 3369 vel
2048 3330 2154 3369 no-

498 3403 583 3459 vit
612 3402 699 3458 vel
730 3401 1019 3473 capit.Sed
1055 3400 1187 3456 nolo
1221 3419 1332 3471 me,
1348 3402 1677 3473 apostolum
1703 3404 1935 3458 Petrum
1961 3404 2154 3475 potius

503 3492 706 3549 audiat
736 3491 847 3547 iste
869 3491 1155 3547 dicentem
1183 3508 1195 3547 :
1223 3492 1279 3546 In
1302 3492 1495 3547 diebus
1514 3493 1623 3549 Noe
1641 3509 1765 3548 cum
1785 3494 2158 3565 fabricaretur

503 3598 651 3647 arca,
674 3584 787 3637 octo
813 3582 1028 3635 animus
1047 3583 1227 3636 salvas
1246 3584 1422 3652 factas
1441 3598 1539 3653 per
1558 3600 1759 3653 aquam
1779 3601 1798 3637 :
1820 3583 1959 3655 quod
1979 3592 2028 3638 et
2047 3599 2155 3652 vos,

506 3670 721 3740 inquit,
746 3670 921 3724 simili
938 3672 1125 3738 forma
1144 3671 1426 3741 Baptisma
1454 3673 1629 3726 salvos
1648 3674 1804 3742 facit,
1836 3689 1947 3728 non
1974 3674 2159 3727 carnis

511 3759 776 3829 depositio
798 3759 1073 3819 sordium;
1111 3758 1204 3813 sed
1224 3761 1575 3816 conscientiae
1606 3762 1759 3817 bona
1797 3763 2160 3829 interrogatio

513 3850 571 3903 in
597 3848 763 3902 Deum
780 3863 881 3917 per
899 3850 1355 3903 resurrectionem
1372 3850 1500 3904 Jesu
1528 3849 1731 3904 Christi
1741 3850 1785 3919 (Ι
1806 3850 1951 3905 Petr.
1976 3850 2157 3916 111,20,

513 3938 626 4007 21).
660 3937 802 3990 Ecce
832 3935 1007 3990 habet
1023 3937 1349 4007 expositum
1370 3936 1564 3991 diluvii
1584 3948 2028 3994 sacramentum.
2054 3938 2161 3995 Ubi

519 4031 825 4098 propterea
881 4034 969 4079 est
1027 4025 1314 4095 additum,
1370 4043 1472 4097 per
1524 4030 1973 4083 resurrectionem
2028 4034 2162 4086 Jesu

518 4115 741 4179 Christi,
777 4119 840 4169 ut
869 4114 1021 4169 diem
1044 4113 1518 4187 intellegeremus
1547 4121 1836 4184 octavum,
1860 4120 2012 4189 quod
2038 4118 2160 4190 sig-

518 4204 777 4260 nificavit
805 4203 863 4258 in
898 4220 1033 4259 arca
1065 4221 1346 4261 numerus
1387 4204 1692 4261 hominum
1728 4225 1741 4263 :
1775 4212 1973 4263 octavo
2003 4207 2160 4263 enim

517 4294 631 4362 die,
663 4293 772 4349 hoc
820 4299 927 4360 est,
963 4299 1095 4365 post
1141 4296 1457 4367 septimum
1501 4296 1726 4351 sabbati
1760 4296 2041 4352 Dominus
2074 4314 2159 4353 re-

515 4383 786 4438 surrexit.
821 4382 915 4438 Sic
940 4399 1077 4454 ergo
1109 4381 1209 4437 illa
1239 4400 1364 4455 quae
1409 4390 1574 4456 gesta
1604 4392 2159 4453 commemorantur,

514 4471 563 4527 si
596 4470 731 4542 quis
762 4471 1055 4543 intelligit,
1088 4473 1262 4527 etiam
1288 4473 1601 4545 prophetia:
1635 4475 1887 4531 fuerunt.
1910 4476 2020 4531 Sed
2052 4476 2164 4531 iste

518 4566 726 4633 prteler
756 4577 975 4626 arcam,
994 4562 1051 4615 id
1081 4568 1188 4632 est,
1209 4569 1414 4633 praeter
1440 4563 1757 4619 Ecclesiam
1788 4567 2161 4635 constitutus,

519 4651 865 4706 submersus
896 4655 984 4704 est
1010 4649 1245 4718 diluvio,
1280 4668 1395 4707 non
1427 4653 1684 4709 ablutus.

594 4738 821 4795 CAPUT
854 4737 1019 4793 XXII.
1043 4741 1218 4796 -46,
1254 4741 1331 4797 De
1360 4744 1696 4799 testimonio
1743 4761 1973 4817 quoque
2006 4744 2164 4799 Isaia:

521 4829 813 4903 prophetas
844 4828 1242 4885 calumniatur
1271 4835 1444 4902 atque
1493 4832 1881 4904 blasphemat,
1914 4851 1980 4890 eo
2011 4836 2160 4906 quod

526 4920 755 4987 dixerit,
786 4912 1156 4990 Filiosfgenui
1185 4929 1238 4976 et
1265 4922 1532 4989 exaltavi,
1567 4923 1673 4993 ipsi
1696 4932 1878 4978 autem
1907 4940 1995 4979 me
2012 4940 2166 4995 spre-

520 5012 754 5077 verunt;
804 5012 863 5064 et
900 5009 1136 5064 eosdem
1168 5008 1336 5080 paulo
1385 5015 1516 5081 post
1550 5012 1924 5083 appellaverit
1967 5030 2166 5069 semen

524 5099 1007 5170 pessimum(Isai.
1025 5101 1207 5171 1,2-4),
1230 5103 1509 5171 tanquam
1534 5117 1595 5155 se
1610 5102 1922 5157 ostendens
1945 5102 2167 5174 genito-

520 5203 641 5243 rem
661 5187 1151 5258 malorum,cujus
1174 5188 1278 5242 filii
1304 5192 1663 5255 suntfsemen
1689 5192 2008 5261 pessimum
2030 5211 2045 5245 :
2068 5208 2169 5247 ne-

519 5276 710 5331 sciens
728 5277 801 5331 ob
815 5275 922 5332 hoc
941 5292 1038 5332 eos
1052 5276 1164 5331 dici
1184 5293 1381 5333 semen
1400 5278 2025 5350 pessimum,quoniam
2041 5296 2170 5352 gra-

516 5366 608 5419 tias
640 5363 739 5419 Dei
772 5382 890 5436 qua
920 5366 1048 5435 ejus
1078 5364 1182 5419 lilii
1215 5366 1349 5421 facti
1383 5368 1636 5437 fuerant,
1670 5370 1961 5440 peccando
1993 5370 2167 5439 dege-

520 5470 687 5508 neres
708 5453 1280 5520 exstiterunt,eorum
1299 5455 1399 5510 ﬁlii
1424 5458 1556 5511 facti
1575 5474 1823 5528 quorum
1847 5458 2169 5513 imitatores

524 5557 653 5598 esse
674 5541 1177 5599 voluerunt.Unde
1205 5543 1321 5601 illis
1343 5545 1455 5600 alio
1479 5546 1602 5602 loco
1621 5547 2027 5613 dicitur,Pater
2045 5551 2171 5601 tuus

527 5630 897 5699 Amorrhaeus,
912 5638 966 5687 et
982 5642 1156 5688 mater
1182 5638 1282 5691 tua
1306 5634 1517 5692 Cetha’a
1542 5636 1755 5708 (Ezech.
1781 5654 1894 5703 xw,
1917 5638 2003 5708 3):
2027 5654 2169 5709 qua-

604 5760 618 5793 ³
646 5758 801 5818 Editi,
824 5758 917 5827 Dei
938 5759 1299 5827 dimittendum
1323 5776 1426 5812 esse
1436 5762 1651 5827 judicio.
1670 5764 2010 5825 Concinnius,
2026 5764 2170 5827 Mss.,

532 5820 640 5871 Deo
673 5860 685 5873 .
717 5858 729 5872 .
765 5859 778 5873 .
812 5854 825 5870 .
848 5822 1119 5885 judicium.

2205 706 2388 762 solvat
2419 705 2526 758 iste
2558 703 2937 775 quaestionem
2971 701 3384 773 evangelicam,
3420 700 3517 754 ubi
3568 698 3863 754 Dominus

2207 795 2346 850 dicit
2377 812 2389 849 :
2422 796 2488 848 si
2516 810 2603 848 vos
2635 810 2761 847 cum
2790 793 2915 847 sitis
2944 791 3107 857 mali,
3139 792 3311 845 nostis
3334 792 3468 845 bona
3492 791 3625 844 data
3642 790 3779 843 dare
3793 789 3862 859 ﬁ-

2208 885 2304 939 liis
2332 885 2563 944 vestris;
2602 888 2805 952 quanto
2835 882 3014 949 magis
3063 884 3229 935 Pater
3270 884 3442 933 vester
3480 881 3574 951 qui
3601 882 3659 933 in
3707 880 3864 933 ccetis

2209 978 2308 1037 est,
2341 972 2493 1027 dabit
2521 972 2661 1027 bona
2688 971 2995 1042 petentibus
3008 986 3069 1024 se
3094 971 3242 1040 (Luc.
3276 986 3351 1035 ιι,
3376 969 3462 1040 13)
3489 972 3510 1023 Ρ
3539 968 3704 1023 Dicat
3727 983 3866 1039 que-

2214 1062 2592 1118 madmodum
2613 1060 2689 1114 sit
2719 1060 2908 1114 bonus
2926 1058 3080 1113 Deus
3101 1058 3386 1112 malorum
3410 1064 3603 1129 pater:
3632 1060 3866 1111 utrum-

2215 1170 2327 1224 que
2357 1152 2513 1207 enim
2544 1149 2773 1204 Veritas
2824 1148 2986 1203 dixit.
3044 1150 3246 1202 Annon
3279 1153 3445 1201 erant
3477 1146 3613 1202 mali
3648 1147 3871 1218 quibus

2217 1242 2383 1307 ait,Si
2403 1256 2527 1311 ergo
2547 1256 2635 1295 vos
2656 1255 2782 1295 cum
2802 1239 2922 1293 sitis
2946 1237 3117 1292 mali?
3137 1239 3342 1292 Annon
3366 1236 3662 1291 habebant
3686 1239 3872 1291 Deum

2219 1331 2438 1386 bonum
2468 1335 2687 1401 patrem
2717 1327 2931 1399 quibus
2955 1326 3052 1397 ait,
3077 1327 3291 1394 Quanto
3312 1328 3489 1396 magis
3518 1327 3683 1381 Pater
3702 1335 3875 1382 vester

2220 1422 2317 1492 qui
2334 1422 2392 1474 in
2412 1420 2566 1476 caelis
2586 1422 2681 1487 est,
2704 1417 2851 1472 dabit
2874 1418 3011 1471 bona
3016 1416 3321 1487 petentibus
3342 1418 3435 1470 se?
3461 1415 3633 1471 Porro
3658 1416 3707 1471 si
3732 1417 3875 1470 mali

2224 1509 2496 1583 appellati
2527 1516 2663 1565 sunt
2694 1515 2929 1581 propter
2959 1513 3214 1578 peccata,
3241 1506 3367 1562 sine
3399 1506 3615 1578 quibus
3648 1523 3763 1562 non
3786 1512 3876 1562 est

2228 1604 2285 1657 in
2335 1603 2444 1658 hac
2477 1602 2814 1656 infirmitate
2865 1598 3202 1655 mortalium
3251 1598 3650 1669 quorumlibet
3696 1599 3873 1653 etiam

2226 1695 2344 1749 vita
2367 1696 2669 1765 justorum
2700 1710 2712 1759 ;
2748 1696 2969 1763 quanto
3019 1690 3453 1746 convenientia:
3510 1708 3710 1747 semen
3746 1707 3875 1763 pes-

2230 1787 2446 1841 simum
2481 1785 2788 1852 diceretur,
2821 1784 2975 1855 quod
3026 1788 3361 1839 nasceretur
3391 1783 3575 1856 impia
3604 1782 3878 1838 volunta«

2231 1880 2306 1948 te,
2342 1882 2395 1932 et
2427 1876 2689 1931 moribus
2719 1876 3092 1931 exsecrabilis
3127 1874 3485 1947 pullularet?

2305 1971 2392 2024 47.
2425 1968 2529 2024 Sed
2559 1970 2723 2033 hunc,
2756 1968 2964 2039 inquit,
2996 1968 3165 2022 Deum
3198 1969 3459 2023 Dominus
3492 1968 3739 2023 Christus
3771 1983 3882 2037 ap-

2228 2062 2456 2134 pellavit
2485 2060 2734 2116 arborem
2766 2060 2969 2114 malam
2988 2060 3279 2129 facientem
3297 2061 3516 2131 fructus
3544 2060 3737 2113 malos.
3762 2062 3886 2112 Imo

2234 2170 2366 2208 vero
2398 2152 2576 2221 hujus
2606 2150 2747 2204 talia
2778 2149 3082 2205 sentientis
3114 2154 3396 2221 tanquam
3431 2149 3593 2204 malas
3636 2148 3885 2215 arboris,

2236 2245 2346 2300 iste
2368 2244 2492 2315 ipse
2519 2259 2707 2297 sermo
2725 2240 3125 2312 blasphemus,
3149 2242 3374 2296 fructus
3396 2246 3484 2296 est
3502 2240 3713 2296 malus.
3741 2241 3888 2295 Nam

2238 2335 2511 2389 hominen
2536 2330 2758 2387 malum
2778 2329 2991 2385 dixisse
3014 2329 3328 2385 Dominum
3355 2332 3619 2386 arborem
3645 2331 3889 2397 malam,

2239 2424 2408 2495 cujus
2444 2423 2669 2476 fructus
2694 2419 2833 2475 mali
2864 2423 3062 2474 essent
3093 2436 3267 2491 opera
3284 2419 3477 2487 mala;
3510 2429 3562 2474 et
3586 2420 3893 2474 hominem

2240 2514 2459 2568 bonum
2491 2512 2755 2566 arborem
2790 2510 3022 2577 bonam,
3056 2510 3223 2579 cujus
3267 2509 3493 2564 fructus
3526 2509 3663 2563 boni
3694 2512 3900 2564 essent

2241 2618 2417 2675 opera
2446 2601 2600 2655 bona
2649 2598 2855 2671 (Matth.
2878 2616 2976 2663 v11,
3014 2599 3238 2669 15-20);
3271 2598 3327 2653 id
3361 2603 3467 2665 est,
3505 2598 3665 2671 ipsas
3699 2597 3895 2653 homi-

2244 2708 2385 2747 num
2403 2687 2844 2755 voluntates,vel
2869 2686 3084 2742 malam
3110 2688 3247 2742 mali
3266 2686 3543 2752 hominis,
3566 2688 3655 2742 vel
3678 2688 3897 2742 bonam

2245 2782 2379 2837 boni
2413 2779 2669 2834 hominis
2687 2778 2945 2832 diversas
2962 2793 3091 2832 esse
3121 2777 3357 2831 arbores
3382 2778 3642 2832 diversos
3668 2777 3901 2831 fructus

2244 2872 2516 2934 ferentes,
2551 2868 2695 2923 satis
2726 2867 3024 2922 evidenter
3048 2866 3172 2936 ipse
3204 2871 3475 2931 testatur,
3505 2866 3705 2921 dicens
3742 2882 3755 2920 :
3792 2868 3906 2921 Bo—

2247 2976 2352 3014 nus
2384 2960 2538 3013 homo
2567 2957 2632 3011 de
2663 2958 2797 3011 bono
2828 2955 3080 3010 thesauro
3105 2954 3280 3011 cordis
3307 2957 3398 3009 sui
3423 2957 3638 3026 profert
3670 2957 3835 3022 bona,
3858 2962 3908 3010 et

2250 3049 2429 3104 malus
2460 3047 2615 3102 homo
2644 3046 2707 3101 de
2737 3046 2883 3099 malo
2905 3044 3158 3100 thesauro
3188 3044 3365 3099 cordis
3384 3046 3474 3099 sui
3500 3046 3709 3115 pro/ert
3729 3045 3903 3099 mala.

2252 3136 2547 3204 Quomodo
2580 3140 2773 3189 autem
2806 3134 3043 3199 diceret,
3094 3135 3200 3189 Aut
3225 3136 3394 3204 facite
3424 3136 3676 3189 arborem
3707 3134 3908 3188 bonam

2253 3232 2301 3285 et
2330 3230 2576 3299 fructum
2608 3228 2727 3298 ejus
2749 3228 2946 3281 bonum
2963 3230 3089 3293 ;aut
3117 3226 3281 3296 facile
3302 3225 3551 3279 arborem
3572 3224 3779 3279 malam
3802 3241 3825 3286 ;
3859 3228 3909 3279 et

2253 3323 2497 3390 fructum
2526 3318 2643 3385 eius
2672 3316 2879 3369 malum
2909 3314 3006 3388 (Id.
3031 3331 3131 3383 xu,
3163 3315 3251 3380 35,
3285 3315 3374 3385 32)
3401 3332 3412 3381 ;
3448 3313 3559 3368 nisi
3578 3313 3756 3367 homo
3779 3330 3907 3384 pos.

2258 3410 2345 3461 set
2375 3422 2529 3460 nunc
2562 3406 2620 3459 in
2668 3399 2800 3474 hoc,
2834 3420 2991 3459 nunc
3039 3404 3095 3458 in
3140 3402 3284 3459 illud
3337 3407 3561 3458 mutata
3607 3402 3911 3459 voluntate

2258 3496 2513 3550 converti
2538 3499 2561 3549 Ρ

2330 3584 2559 3639 CAPUT
2590 3582 2779 3638 XXIII.
2820 3613 2887 3622 —
2918 3583 3005 3637 48.
3058 3582 3157 3637 Sed
3209 3586 3323 3653 ipse
3354 3583 3513 3648 Deus,
3564 3582 3779 3653 inquit,
3813 3597 3914 3653 per

2258 3674 2508 3729 eumdem
2553 3673 2869 3743 prophetam
2916 3673 3140 3742 fatetur,
3167 3680 3218 3726 et
3263 3672 3424 3739 dicit,
3460 3673 3565 3741 Ego
3603 3688 3728 3725 sum
3778 3673 3911 3727 Deus

2258 3764 2469 3835 faciens
2500 3762 2637 3817 bona
2666 3765 2716 3815 et
2745 3777 2945 3816 creans
2975 3762 3122 3815 mala
3153 3762 3308 3832 (Isai.
3341 3777 3466 3828 XLV,
3490 3761 3566 3831 7).
3596 3761 3683 3814 lta
3706 3759 3913 3831 plane:

2260 3852 2385 3925 ipse
2417 3856 2504 3906 est
2541 3851 2697 3906 enim
2748 3850 2921 3917 Deus,
2956 3851 3025 3905 de
3052 3867 3167 3921 quo
3200 3850 3341 3905 dicit
3387 3849 3724 3921 Apostolus,
3764 3850 3917 3905 Vides

2261 3958 2384 4013 ergo
2417 3941 2707 3997 bonitatem
2738 3945 2790 3995 et
2814 3941 3162 3994 severitatem
3196 3942 3293 3995 Dei
3321 3940 3496 4007 (Rom.
3529 3955 3608 4005 χι,
3641 3939 3752 4008 22).
3789 3939 3920 3993 Hinc

2263 4037 2458 4086 autem
2501 4030 2773 4085 severitas
2804 4030 2933 4100 ejus
2982 4028 3419 4083 damnabilibus
3453 4027 3608 4082 mala
3640 4032 3752 4093 est,
3780 4029 3921 4099 quia

2264 4120 2485 4176 malum
2513 4119 2628 4173 illis
2660 4118 3054 4173 damnationis
3088 4117 3383 4189 importat.
3420 4117 3564 4171 Nam
3590 4117 3729 4187 quia
3754 4118 3921 4189 justa

2264 4214 2371 4280 est,
2407 4208 2518 4263 alio
2553 4208 2722 4262 modo
2758 4207 3040 4279 reperitur
3069 4208 3221 4262 bona
3250 4224 3263 4260 :
3297 4223 3469 4261 omne
3501 4207 3657 4261 enim
3681 4207 3919 4277 justum

2266 4298 2504 4354 bonum.
2541 4301 2726 4364 Quam
2756 4314 2888 4352 vero
2919 4296 3216 4368 eleganter
3246 4295 3357 4352 sibi
3388 4295 3621 4350 videtur
3647 4295 3759 4350 iste
3790 4313 3921 4351 ver-

2268 4389 2341 4443 ba
2388 4386 2679 4441 discutere
2731 4392 2904 4457 atque
2954 4385 3305 4454 discernere,
3339 4386 3604 4440 nesciens
3654 4384 3799 4457 quid
3844 4385 3926 4440 lo-

2268 4475 2530 4547 quatur?
2562 4475 3044 4545 Quandoquidem
3068 4475 3175 4529 hoc
3206 4475 3400 4546 ipsum
3421 4475 3573 4545 quod
3609 4474 3690 4529 ita
3720 4475 3925 4545 posuit

2269 4565 2377 4620 hoc
2421 4564 2846 4634 testimonium,
2882 4569 2946 4619 ut
2991 4580 3105 4618 non
3138 4564 3448 4633 diceretur,
3482 4563 3723 4618 Faciens
3772 4565 3927 4619 bona

2270 4659 2326 4710 et
2359 4654 2548 4721 mala;
2602 4658 2723 4719 aut,
2774 4670 2977 4709 creans
3026 4654 3178 4708 bona
3225 4658 3280 4707 et
3311 4652 3507 4717 mala;
3559 4657 3679 4721 aut,
3715 4670 3925 4709 creans

2269 4744 2419 4799 bona
2450 4750 2507 4799 et
2556 4743 2774 4798 faciens
2824 4741 3017 4811 mala;
3053 4742 3175 4805 sed,
3211 4744 3421 4813 faciens
3467 4744 3607 4797 bona
3636 4748 3690 4797 et
3730 4759 3925 4798 creans

2268 4835 2421 4887 mala
2451 4850 2469 4886 :
2499 4831 2622 4886 vult
2669 4836 2890 4886 vertere
2933 4830 2990 4885 in
3036 4831 3294 4899 crimen;
3344 4835 3402 4885 et
3430 4836 3678 4886 conatur
3721 4838 3923 4886 osten-

2269 4923 2425 4989 dere,
2459 4922 2612 4993 quod
2661 4920 2746 4985 ﬁt,
2780 4921 3104 4976 forinsecus
3135 4920 3298 4986 fieri;
3344 4920 3498 4992 quod
3533 4924 3733 4975 autem
3762 4937 3921 4975 crea-

2270 5016 2386 5076 tur,
2419 5011 2573 5082 apud
2618 5009 2814 5081 ipsum
2847 5026 2976 5065 esse
3028 5015 3367 5077 creatorem,
3419 5013 3589 5079 atque
3620 5010 3755 5065 inde
3786 5026 3919 5082 pro-

2271 5100 2473 5155 cedere
2506 5115 2518 5154 :
2556 5103 2619 5153 ut
2658 5098 2923 5155 videlicet
2969 5099 3122 5154 Deus
3166 5098 3586 5170 PrOphetarum
3636 5103 3921 5169 tanquam

2272 5188 2529 5245 extranei
2561 5206 2594 5243 a
2623 5204 2684 5243 se
2717 5188 2851 5243 boni
2884 5188 3064 5243 factor
3086 5187 3398 5258 aliquando
3430 5188 3612 5243 fuisse
3634 5188 3926 5257 videatur,

2273 5284 2497 5335 creator
2526 5283 2720 5333 autem
2771 5277 2911 5332 mali
2961 5283 3238 5348 tanquam
3276 5281 3480 5330 natura
3521 5276 3715 5331 malus
3765 5278 3837 5331 de
3865 5294 3930 5333 se

2272 5368 2399 5439 ipso
2462 5368 2758 5438 proferens
2816 5368 2968 5437 quod
3030 5366 3259 5420 creavit.
3322 5366 3459 5429 Qua:
3515 5367 3691 5420 verba
3750 5366 3802 5422 si
3860 5384 3931 5423 ex

2274 5456 2693 5512 consuetudine
2755 5456 3191 5511 consideremus
3261 5454 3572 5510 locutionis
3625 5454 3928 5528 humanm,

2274 5552 2329 5601 et
2360 5546 2483 5601 ﬁeri
2514 5550 2570 5601 et
2600 5545 2802 5612 creari,
2839 5560 2949 5599 non
2978 5543 3167 5599 solum
3203 5543 3306 5598 ﬁlii
3338 5560 3481 5613 quos
3513 5544 3582 5599 de
3604 5546 3928 5618 semetipso

2275 5636 2521 5707 quisque
2552 5639 2810 5707 generat,
2844 5649 3043 5688 verum
3095 5633 3271 5688 etiam
3304 5634 3687 5705 magistratus
3720 5635 3927 5691 dicun-

2270 5730 2368 5782 tur
2414 5731 2587 5796 atque
2645 5724 2838 5790 urbes,
2901 5726 2959 5778 et
3018 5738 3405 5796 quaecumque
3452 5721 3567 5778 alia
3614 5739 3747 5795 qua
3811 5742 3927 5783 non

2270 5818 2479 5874 exeunt
2524 5814 2596 5872 de
2641 5814 2934 5888 gignente,
2967 5814 3067 5872 sed
3118 5812 3441 5873 forinsecus
3484 5813 3656 5872 fiunt.
3710 5814 3774 5874 Si
3822 5832 3928 5874 au-
