4094 6466
142 389 260 449 637

1514 390 1743 451 LIBER
1787 392 2222 454 SECUNDUS.

3440 392 3561 451 638

1287 676 1663 768 LIBER
1734 675 2421 770 SECUNDUS.

193 846 254 895 In
285 859 395 910 quo
425 845 554 895 Novi
585 845 907 895 Testameuti
938 844 1074 903 loca,
1107 859 1227 909 quae
1257 845 1387 905 legis
1417 848 1471 894 et
1501 843 1885 907 Prophetarum
1905 845 2253 894 Adversarius
2282 845 2428 895 velut
2458 845 2538 894 eis
2566 845 2836 894 contraria
2864 844 3090 907 collegit,
3116 843 3492 895 discutiuntur.

204 1085 441 1143 CAPUT
474 1085 784 1142 PRIMUM.
808 1116 877 1127 —-
902 1086 950 1141 1.
995 1086 1127 1142 Jam
1160 1103 1314 1142 nunc
1345 1102 1414 1142 ea
1456 1084 1802 1141 discutenda

128 1180 289 1247 sunt,
324 1193 449 1245 qua
486 1175 598 1231 iste
627 1176 695 1231 de
728 1176 868 1232 Novi
899 1176 1254 1251 Testamenti
1297 1175 1461 1231 libris
1489 1173 1800 1246 suffragari

131 1264 246 1321 sibi
265 1264 551 1321 arbitratu
563 1283 590 1319 r
607 1265 887 1320 adversus
902 1265 1272 1337 propheticas
1306 1264 1576 1333 Litteras,
1595 1267 1804 1334 tanqu-

133 1370 233 1408 am
259 1370 359 1409 eas
381 1353 643 1426 Apostoli
688 1352 904 1409 Christi
930 1371 1039 1409 sua
1078 1352 1367 1409 sententia
1386 1352 1806 1408 condemnave-

136 1442 277 1497 rint.
300 1443 463 1507 Quod
484 1459 620 1515 ergo
643 1443 919 1514 profanas
941 1447 997 1498 et
1014 1442 1198 1498 aniles
1223 1443 1448 1498 fabulas
1467 1447 1524 1498 et
1543 1440 1806 1513 genealo-

132 1532 262 1602 gias
288 1532 556 1587 infinitas
580 1530 907 1604 appellasse
928 1531 1263 1603 Apostolum
1284 1531 1581 1587 existimat
1607 1529 1805 1585 divina

134 1619 376 1693 eloquia
403 1620 641 1693 Legiset
674 1619 1265 1692 Prophetarum,quia
1284 1620 1429 1675 dixit
1467 1618 1806 1693 Pro/'anaset

136 1711 322 1765 aniles
349 1710 576 1781 fabulas
631 1708 878 1781 devita(l
919 1710 1153 1779 Tim.1x,
1185 1709 1276 1781 7),
1318 1714 1375 1764 et
1403 1708 1515 1763 alio
1544 1708 1690 1775 loco,
1732 1709 1807 1764 Ne

134 1799 395 1855 intendas
433 1800 644 1870 fabulis
694 1798 938 1855 Judaiczs
960 1808 1014 1854 et
1032 1799 1368 1870 genealogiis
1390 1798 1650 1869 inﬁnitis,
1682 1812 1808 1869 quae

137 1890 475 1960 quaestiones
501 1892 766 1959 praestant
796 1892 993 1960 magis,
1024 1904 1189 1960 quam
1208 1888 1625 1958 xdiﬁcationem
1653 1888 1801 1959 (1ά.ι,

140 1979 193 2045 4)
216 1996 229 2033 :
248 1979 386 2049 quis
402 1977 483 2032 ita
497 1978 608 2032 nisi
630 1977 934 2033 haereticus
957 1978 1211 2032 multum
1228 1975 1807 2033 czecuserraret?Cur

139 2066 299 2123 enim
322 2067 431 2122 hoc
462 2065 784 2137 Apostolus
804 2065 930 2138 ipse
968 2083 1083 2121 non
1111 2066 1261 2133 fecit,
1287 2066 1335 2122 si
1358 2065 1465 2121 has
1480 2082 1609 2121 esse
1622 2064 1805 2121 aniles

140 2155 373 2211 fabulas
391 2155 681 2226 judicavit
704 2154 861 2210 PCur
895 2154 1036 2210 dicit
1058 2154 1128 2210 ad
1153 2154 1410 2220 Galatas,
1433 2156 1610 2211 Dicite
1639 2154 1803 2220 mihi,

140 2246 240 2302 sub
264 2248 401 2316 Lege
422 2244 655 2300 volentes
686 2259 816 2312 esse,
856 2245 1053 2313 Legem
1097 2259 1207 2300 non
1257 2244 1511 2313 legistis?
1534 2243 1809 2314 Scriptum

141 2340 221 2391 est
243 2337 397 2390 enim
428 2334 573 2406 quod
616 2334 897 2389 Abraham
927 2333 1061 2389 duos
1089 2334 1236 2404 ﬁlios
1264 2334 1473 2399 habuit,
1501 2350 1716 2389 nunum
1744 2332 1809 2387 de

142 2425 377 2489 ancilla,
407 2432 458 2479 et
477 2440 651 2478 unum
680 2423 744 2479 de
774 2423 949 2479 libera
974 2440 986 2478 :
1016 2425 1272 2495 quxsunt
1284 2424 1341 2478 in
1370 2421 1809 2491 atlegoria;hxc

143 2516 293 2571 enim
324 2522 452 2569 sunt
478 2513 587 2569 duo
611 2514 950 2569 Testamenta.
1010 2512 1214 2583 (Galat.
1270 2528 1346 2582 v1,
1376 2512 1566 2583 21-24)
1602 2530 1615 2567 :
1648 2516 1706 2567 et
1732 2511 1806 2566 ad

147 2604 505 2670 Corinthios,
528 2603 658 2658 Nolo
669 2605 819 2658 enim
846 2618 937 2658 vos
949 2603 1228 2671 ignorare,
1247 2603 1465 2673 fratres,
1480 2603 1614 2673 quia
1628 2605 1808 2672 patres

146 2694 333 2749 nostri
362 2707 546 2748 omnes
581 2692 680 2747 sub
734 2691 875 2747 nube
901 2694 1151 2761 fuerunt,
1187 2700 1243 2746 et
1296 2706 1478 2747 omnes
1528 2707 1630 2763 per
1657 2688 1809 2746 mare

145 2784 519 2849 transierunt,
552 2785 611 2837 et
657 2797 841 2837 omnes
864 2797 965 2853 per
1014 2784 1242 2854 Moysen
1282 2780 1549 2852 baptixati
1592 2790 1720 2836 sunt
1747 2782 1806 2835 in

149 2874 300 2929 nube
325 2877 377 2928 et
421 2874 481 2927 in
511 2872 677 2940 mari,
711 2880 761 2926 et
791 2887 977 2926 omnes
992 2870 1433 2926 eumdemcibum
1462 2870 1810 2942 spiritualem

147 2961 647 3026 manducaverunt,
671 2964 727 3015 et
755 2976 940 3016 omnes
970 2960 1214 3016 eumdem
1245 2969 1431 3031 potum
1457 2960 1811 3031 spiritualem

151 3052 449 3107 biberunt:
475 3050 725 3106 bibebant
752 3050 903 3105 enim
931 3048 996 3104 de
1023 3050 1304 3120 spirituali
1330 3054 1584 3122 sequente
1597 3052 1808 3121 petra‘;

142 3149 303 3213 petra
335 3146 524 3195 autem
555 3148 673 3194 erat
706 3139 953 3194 Christus
979 3140 1023 3209 (l
1050 3137 1169 3194 Cor.
1212 3156 1266 3202 x,
1301 3140 1409 3211 1-4)
1438 3139 1466 3193 ‘l

219 3230 276 3284 2.
300 3228 497 3285 Nescit
518 3234 713 3284 autem
729 3228 943 3283 habere
959 3227 1505 3299 praeterScripturas
1518 3226 1809 3300 legitimas

148 3322 208 3373 et
228 3316 845 3389 propheticasJudaeos
864 3315 1150 3387 quasdam
1163 3316 1506 3371 traditiones
1533 3332 1806 3388 suas,qu-

151 3424 214 3463 as
243 3423 358 3462 non
387 3406 637 3478 scriptas
654 3405 892 3475 habent,
926 3405 1026 3460 sed
1052 3405 1387 3460 memoriter
1404 3410 1625 3471 tenent,
1653 3410 1708 3461 et
1724 3403 1807 3461 al-

150 3496 314 3553 terin
332 3495 583 3551 alterum
596 3494 887 3567 loquendo
905 3494 1281 3561 transfundit,
1309 3512 1457 3566 quas
1478 3493 1810 3550 deuterosin

150 3589 393 3641 vocant:
430 3583 529 3639 ubi
568 3582 743 3639 etiam
780 3582 970 3637 dicere
1003 3582 1221 3637 audent
1266 3586 1323 3636 et
1350 3582 1603 3653 credere,
1627 3581 1811 3637 Deum

152 3674 349 3747 primo
374 3673 595 3729 homini
641 3672 790 3728 duas
847 3686 1076 3727 creasse
1133 3669 1441 3739 mulieres;
1490 3688 1559 3727 ex
1597 3671 1815 3744 quibus

154 3768 365 3819 texunt
386 3761 777 3835 genealogias,
808 3776 963 3832 vere,
979 3760 1132 3815 sicut
1155 3760 1235 3815 ait
1263 3759 1596 3832 Apostolus,
1620 3759 1813 3815 infini-

153 3858 269 3918 tas,
308 3852 599 3925 parientes
628 3850 1202 3906 infructuosissimas
1233 3850 1605 3922 quaestiones.
1625 3849 1730 3904 Sed
1763 3848 1813 3904 si

156 3942 296 3998 huic
327 3940 468 3997 talia
489 3956 791 4011 nunquam
808 3940 997 3994 evenit
1012 3938 1527 4011 audire,numquid
1545 3944 1601 3993 et
1616 3942 1817 3993 contra

156 4029 537 4104 Evangelium
552 4029 636 4085 sic
662 4028 1078 4085 obsurdescere
1097 4028 1322 4095 debuit,
1347 4035 1538 4083 utnon
1558 4029 1816 4083 adverte-

157 4128 247 4177 ret
260 4121 438 4176 verba
454 4118 685 4175 Domini
700 4117 935 4187 Christi,
951 4119 1168 4190 quibus
1193 4117 1387 4190 arguit
1403 4116 1816 4190 Judaeos.quorl

158 4213 231 4267 de
254 4210 599 4283 parentibus
622 4225 735 4264 non
768 4208 1511 4281 honorandisimpietatem
1546 4208 1819 4263 docerent

156 4300 313 4355 ﬁlios
336 4297 630 4353 suos?lbi
653 4297 867 4369 quippe
909 4302 967 4352 te
1005 4296 1098 4353 Dei
1150 4302 1501 4369 praeceptum
1562 4297 1717 4369 quod
1758 4296 1817 4351 in

160 4391 308 4461 Lege
340 4386 737 4458 conscriptum
787 4391 897 4451 est,
949 4387 1280 4441 attestando
1318 4385 1815 4442 commemoravit.

158 4479 278 4535 Nec
292 4478 366 4533 ob
388 4475 569 4532 alium
595 4492 694 4532 eos
716 4474 928 4548 arguit,
949 4474 1059 4530 nisi
1082 4475 1236 4546 quod
1259 4475 1566 4546 rejicerent
1587 4474 1820 4529 manda—

159 4574 291 4625 tum
328 4568 536 4633 Dei,ut
556 4568 879 4621 statuerent
917 4564 1262 4621 traditiones
1300 4581 1459 4620 suas.
1494 4564 1637 4619 Cum
1662 4563 1818 4619 enim

158 4660 630 4731 interrogassent
660 4656 932 4712 Pharisaei
966 4661 1022 4711 et
1063 4656 1298 4725 Scribis,
1350 4656 1531 4725 Quare
1558 4654 1822 4726 discipuli

158 4753 368 4805 tuinon
391 4748 681 4803 ambulant
688 4748 863 4819 juxta
876 4745 1229 4802 traditionem
1248 4746 1527 4801 seniorum
1555 4746 1645 4800 sed
1682 4760 1821 4800 com-

162 4838 430 4894 munibus
459 4836 712 4892 munibus
733 4836 1079 4892 manducant
1099 4833 1431 4907 panem,ille
1462 4835 1820 4907 respondens

162 4928 314 4984 dixit
344 4927 431 4984 eis
454 4942 467 4983 :
502 4927 649 4983 Bene
676 4926 1021 4997 prophetavit
1049 4925 1217 4981 Isaias
1236 4924 1303 4980 de
1330 4924 1477 4980 vobis
1500 4925 1818 4997 hypocritis,

161 5021 310 5076 sicut
337 5018 605 5089 scriptum
631 5019 730 5087 est,
762 5016 1001 5087 Populus
1025 5014 1114 5070 hic
1144 5014 1307 5069 labiis
1334 5030 1421 5070 me
1452 5015 1707 5083 honorat,
1726 5030 1825 5072 cor

163 5118 355 5167 autem
379 5123 570 5164 eorum
616 5106 772 5177 longe
805 5113 882 5161 est
928 5122 963 5160 a
1019 5120 1121 5161 me.
1169 5106 1232 5160 In
1286 5120 1490 5159 vanum
1518 5110 1710 5159 autem
1739 5119 1826 5160 me

165 5200 357 5256 colunt
386 5197 633 5254 docentes
664 5196 948 5252 doctrinas
966 5199 1019 5251 et
1027 5202 1301 5267 praecepta
1321 5192 1624 5250 hominum.
1640 5194 1825 5251 Relin-

167 5292 394 5363 quentes
422 5287 571 5344 enim
590 5284 914 5341 mandatum
932 5285 1047 5349 Dei,
1068 5286 1258 5339 tenetis
1278 5283 1629 5339 traditionem
1649 5284 1825 5339 homi-

168 5396 329 5446 num,
357 5377 681 5448 baptismata
711 5390 1001 5431 urceorum
1027 5382 1079 5431 et
1095 5374 1363 5436 calicum;
1385 5376 1436 5429 et
1465 5374 1587 5430 alia
1612 5371 1830 5430 similia

172 5470 257 5525 his
284 5468 472 5541 facitis
500 5466 695 5521 multa.
722 5464 791 5520 Et
811 5464 1039 5521 dicebat
1054 5462 1172 5520 illis
1192 5480 1205 5518 :
1226 5465 1372 5520 Bene
1390 5464 1618 5519 irritum
1640 5464 1830 5534 facitis

172 5566 514 5635 prxceptum
526 5556 643 5621 Dei,
659 5558 719 5611 ut
750 5553 1104 5610 traditionem
1123 5562 1361 5610 vestram
1376 5554 1613 5610 servetis.
1624 5551 1828 5626 Moyses

239 5670 256 5704 ί
292 5667 437 5723 Lov.,
467 5660 708 5712 bibebant
727 5664 898 5725 autem
928 5658 990 5710 de
1016 5659 1282 5725 spirituali
1291 5663 1531 5725 sequente
1559 5673 1642 5710 eos
1654 5660 1820 5723 petra.

174 5732 241 5782 At
268 5728 394 5779 Mss.
424 5721 642 5787 amisso,
673 5739 775 5789 eos,
806 5723 1028 5785 habent,
1042 5721 1294 5775 bibebant
1324 5721 1457 5775 enim
1480 5721 1662 5789 :juxta
1688 5736 1826 5788 grte-

174 5805 320 5846 cum.

1907 1086 2056 1141 enim
2082 1085 2251 1154 dixit,
2294 1085 2507 1141 Honora
2533 1089 2745 1157 patrem
2764 1088 2919 1140 tuum
2938 1092 2989 1140 et
3016 1086 3257 1139 matrum
3282 1088 3469 1148 tuam;
3489 1088 3560 1153 et,

1911 1173 2016 1242 Qui
2040 1174 2391 1231 maledixerit
2418 1177 2573 1246 patri
2602 1182 2695 1229 aut
2725 1175 2916 1239 matri,
2944 1178 3119 1229 morte
3145 1174 3442 1229 moriatur.
3469 1175 3564 1230 Vos

1910 1269 2093 1319 autem
2119 1263 2320 1333 dicitis,
2354 1263 2415 1320 Si
2443 1264 2647 1319 dixerit
2669 1264 2825 1321 homo
2844 1264 2995 1337 patri
3022 1271 3122 1319 aut
3140 1264 3329 1332 matri,
3352 1262 3568 1319 Corban

1911 1353 2074 1423 (quod
2101 1359 2180 1408 est
2203 1353 2427 1425 donum)
2456 1354 2832 1425 quodcumque
2886 1369 2957 1409 ex
2982 1369 3087 1418 me,
3121 1354 3227 1408 tibi
3248 1353 3563 1424 profuerit:

1912 1446 1966 1497 et
1993 1443 2142 1497 ultra
2169 1458 2275 1497 non
2308 1443 2590 1498 dimittitis
2619 1459 2743 1499 eum
2773 1442 3073 1514 quidquam
3099 1444 3283 1513 facere
3300 1443 3450 1513 patri
3466 1457 3564 1498 suo

1911 1538 2007 1586 aut
2043 1533 2233 1596 matri,
2276 1531 2635 1587 resin-ridentes
2674 1532 2902 1588 verbum
2929 1533 3029 1587 Dei
3037 1534 3173 1603 pert
3207 1532 3562 1587 traditionem

1915 1628 2166 1684 vestram,
2198 1637 2361 1691 quam
2382 1619 2694 1676 tradidistis
2719 1620 3033 1683 :etsimilia
3053 1620 3370 1691 hujusmodi
3389 1621 3566 1675 multa

1912 1710 2097 1781 facitis
2126 1709 2422 1778 (Marc.vu,
2450 1711 2626 1778 1-13).
2644 1708 3056 1765 Ubievidenter
3076 1709 3340 1765 Christus
3362 1715 3559 1765 osten-

1913 1798 2001 1854 dit
2030 1804 2088 1854 et
2118 1798 2278 1853 illam
2309 1798 2407 1855 Dei
2430 1815 2556 1856 esse
2571 1799 2781 1871 Legem
2803 1816 2980 1871 quam
3012 1800 3291 1871 profanus
3310 1800 3420 1854 iste
3438 1797 3566 1854 bla-

1916 1887 2209 1960 sphemat,
2240 1894 2297 1943 et
2315 1888 2546 1944 Judaeos
2570 1888 2782 1944 habere
2812 1906 2951 1945 suas
2979 1887 3564 1944 traditionesaLibris

1914 1976 2270 2049 propheticis
2291 1976 2638 2049 etlegitimis
2652 1976 2893 2045 alienas,
2914 1994 3063 2049 quas
3084 1976 3564 2049 appellasseApo-

1914 2066 2132 2122 stolum
2162 2066 2433 2139 profanas
2482 2066 2735 2132 fabulas,
2762 2073 2820 2123 et
2871 2066 3079 2132 aniles,
3111 2072 3169 2123 et
3197 2065 3565 2138 genealogias

1913 2155 2343 2226 interminatus,
2376 2173 2491 2212 non
2543 2156 2871 2224 haereticus,
2905 2157 3008 2213 sed
3039 2155 3361 2212 catholicus
3387 2154 3567 2209 lector

1915 2244 2206 2317 intelligit.
2223 2246 2398 2300 Porro
2428 2245 2478 2301 si
2492 2243 2665 2300 velim
2685 2244 3021 2301 testimonia
3040 2250 3249 2301 cuncta
3269 2243 3560 2316 colligere,

1915 2334 2132 2407 quibus
2162 2336 2463 2391 ostendam
2482 2335 2977 2406 quemadmodum
2998 2340 3054 2390 et
3074 2334 3199 2407 ipse
3218 2333 3498 2389 Dominus
3510 2335 3567 2388 et

1915 2422 2176 2496 Apostoli
2208 2424 2336 2495 ejus
2360 2425 2507 2497 Lege
2525 2423 2614 2480 usi
2641 2424 2856 2479 fuerint
2876 2429 2931 2480 et
2948 2422 3270 2495 Prophetis,
3290 2438 3439 2493 quas
3454 2422 3563 2477 iste

1916 2513 2101 2569 aniles
2128 2512 2356 2569 fabulas
2395 2517 2583 2585 putat,
2615 2514 2850 2585 quando
2881 2511 3155 2570 sufﬁcio?
3185 2516 3286 2567 aut
3314 2510 3409 2567 cui
3448 2526 3565 2567 non

1915 2602 2215 2659 sufﬁciant
2242 2601 2357 2658 ista
2386 2619 2514 2674 quas
2548 2603 2808 2659 diximus
2827 2602 2856 2658 ‘l

1985 2690 2215 2747 CAPUT
2248 2691 2316 2748 II.
2351 2722 2417 2732 —
2446 2691 2500 2748 3.
2533 2692 2648 2749 Nec
2678 2691 2792 2749 iste
2821 2693 3101 2749 adversus
3122 2691 3313 2747 lucem
3334 2706 3564 2746 vocem-

1915 2798 2030 2854 que
2060 2780 2411 2837 dominicam
2442 2780 2527 2837 vel
2556 2781 2936 2854 apostolicam
2949 2786 3068 2836 tam
3083 2797 3267 2837 caecus
3281 2779 3565 2836 etsurdus

1916 2877 2022 2941 est,
2056 2873 2357 2945 utignoret
2374 2872 2871 2945 quemadmodum
2891 2889 2924 2927 a
2939 2871 3168 2928 Christo
3182 2868 3564 2942 etApostolis,

1917 2962 1977 3017 in
2005 2962 2170 3018 libris
2199 2964 2270 3018 ad
2289 2963 2513 3018 Novum
2528 2963 2969 3018 Testamentum
2986 2959 3568 3033 pertinentibus,con-

1918 3051 2183 3107 ﬁrmetur
2206 3052 2372 3124 Legis
2397 3068 2463 3108 ac
2476 3051 2897 3124 Prophetarum
2919 3056 2976 3106 et
2996 3049 3442 3106 commendetur
3461 3064 3564 3103 au-

1918 3141 2174 3197 ctoritas.
2195 3142 2436 3196 Proinde
2452 3141 2811 3213 excogitasse
2833 3157 2893 3196 se
2915 3139 3228 3204 existimat,
3253 3155 3367 3211 quo
3398 3142 3567 3210 pacto

1920 3230 2310 3304 subterfugiat
2341 3230 2525 3287 moles
2554 3229 3030 3286 testimoniorum
3061 3228 3121 3285 in
3144 3227 3494 3302 evangelicis
3514 3231 3572 3283 et

1920 3320 2255 3392 apostolicis
2288 3320 2519 3376 Litteris
2558 3320 2628 3375 de
2672 3318 2858 3375 Libris
2889 3320 3188 3377 veteribus
3219 3318 3567 3391 positorum,

1921 3410 2138 3482 quibus
2168 3411 2316 3481 ejus,
2348 3409 2484 3465 velit
2514 3408 2675 3476 nolit,
2709 3408 3199 3480 cervicatalingua
3222 3408 3563 3482 conteritur,

1918 3500 2015 3555 Alt
2035 3498 2247 3571 quippe
2262 3498 2601 3569 Apostolum
2616 3514 2717 3571 pro
2731 3498 3112 3570 qualitatibus
3124 3496 3489 3569 ingeniorum
3506 3497 3565 3553 in

1922 3590 2183 3660 quinque
2198 3587 2758 3660 personislocutum:
2780 3588 3072 3644 Insinuans
3083 3590 3231 3643 enim
3242 3586 3367 3643 rudi
3385 3586 3568 3643 adhuc

1916 3681 2135 3752 papula,
2168 3679 2499 3751 inquit,quae
2526 3678 2626 3733 Dei
2650 3680 2799 3745 sunt,
2824 3694 2933 3733 non
2962 3678 3149 3734 debuit
3167 3697 3201 3734 a
3222 3679 3571 3750 perfectiorio

1924 3770 2021 3825 bus
2049 3768 2305 3839 incipere,
2337 3777 2387 3823 et
2416 3769 2861 3824 consuetudinem
2890 3768 2957 3824 ab
2987 3770 3065 3824 eis
3085 3770 3363 3824 vetustatis
3390 3767 3574 3823 exclu-

1925 3860 2058 3916 dens
2086 3877 2122 3916 a
2142 3860 2462 3934 difﬁciliori
2466 3860 2561 3915 bus
2575 3859 2852 3927 inchoare,
2869 3874 2940 3913 ne
2956 3874 3123 3914 novos
3142 3858 3320 3913 adhuc
3337 3858 3407 3913 ad
3419 3857 3585 3929 ﬁdem

1923 3951 2178 4021 perfecta
2206 3949 2457 4004 doctrina
2482 3948 2753 4003 turbaret.
2788 3947 3004 4003 Deinde
3036 3947 3234 4002 volens
3268 3946 3583 4019 quasipro-

1928 4039 2068 4095 bare
2097 4039 2249 4111 quod
2276 4038 2440 4105 dixit,
2474 4038 2747 4094 eumdem
2777 4036 3107 4109 apostolum
3127 4036 3414 4092 dicentem
3430 4052 3585 4091 com-

1928 4135 2213 4184 memorat
2250 4146 2262 4185 :
2299 4127 2435 4183 Cum
2476 4127 2620 4183 liber
2647 4129 2755 4182 sim
2794 4142 2864 4182 ex
2893 4127 3164 4193 omnibus,
3204 4126 3456 4181 omnibus
3494 4142 3580 4181 me

1926 4220 2133 4287 subieci
2160 4219 2205 4286 ³,
2238 4223 2298 4272 ut
2324 4219 2509 4289 plures
2528 4219 2938 4288 tucrifacerem:
2968 4220 3019 4271 et
3038 4218 3214 4285 factus
3232 4232 3358 4271 sum
3379 4216 3579 4271 Iudaeis

1927 4320 2191 4384 tanquam
2213 4310 2457 4377 Iudaeus,
2490 4318 2551 4366 ut
2604 4311 2826 4367 Judavos
2875 4307 3265 4377 lucrifaciam;
3298 4310 3351 4362 et
3382 4308 3451 4362 iis
3481 4307 3579 4380 qui

1926 4402 2026 4459 sub
2055 4403 2192 4471 Lege
2220 4409 2363 4471 sunt,
2397 4405 2657 4471 tanquam
2689 4400 2783 4471 qui
2810 4398 2909 4453 sub
2939 4399 3081 4471 Lege
3109 4412 3298 4461 essem,
3329 4398 3581 4468 cumipse

1927 4509 2037 4547 non
2066 4493 2172 4546 sim
2199 4491 2303 4547 sub
2336 4491 2489 4561 Lege,
2528 4493 2589 4544 ut
2619 4505 2705 4544 eos
2734 4490 2831 4561 qui
2865 4488 2963 4543 sub
2997 4488 3131 4555 Lege
3164 4490 3313 4556 sunt,
3347 4486 3582 4557 lucri/a-

1926 4584 2183 4644 ciam;et
2202 4583 2273 4636 iis
2301 4581 2398 4652 qui
2443 4580 2568 4635 sine
2597 4583 2736 4648 Lege
2783 4582 2929 4645 sunt,
2980 4580 3243 4649 tanquam
3297 4578 3419 4631 sine
3449 4576 3586 4647 Lege

1928 4687 2119 4738 essem,
2150 4686 2273 4725 enm
2306 4672 2425 4725 sine
2457 4670 2590 4740 Lege
2622 4670 2729 4723 Dei
2756 4683 2864 4723 non
2920 4669 3048 4735 sim,
3079 4666 3168 4721 sed
3198 4668 3305 4722 sim
3355 4667 3415 4721 in
3445 4667 3581 4735 Lege

1932 4759 2158 4824 Christi,
2190 4768 2250 4814 ut
2272 4760 2620 4830 lucri/nciam
2651 4773 2738 4814 eos
2769 4758 2866 4829 qui
2891 4758 3011 4811 sine
3041 4757 3174 4827 Lege
3200 4757 3366 4810 sunt:
3394 4756 3575 4825 factus

1929 4867 2053 4907 sum
2083 4850 2322 4920 inﬁrmis
2353 4847 2624 4918 inﬁrmus,
2657 4855 2719 4902 ut
2750 4845 3356 4916 inﬁrmoslucrifaciam
3381 4845 3578 4910 ;omni.-

1932 4940 2028 4997 bus
2052 4941 2239 4995 omnia
2267 4940 2446 5011 [actus
2473 4939 2692 5005 sum,ut
2722 4952 2906 4993 omnes
2919 4935 3331 5007 lucri/aciam(l
3364 4934 3573 5005 Cor.1x,

1933 5030 2143 5103 19-22).
2177 5028 2293 5085 Has
2324 5032 2574 5100 quatuor
2604 5041 2881 5099 personas
2908 5024 3033 5082 vult
3055 5023 3321 5096 intelligi,
3355 5022 3413 5077 in
3448 5022 3577 5094 qui-

1934 5120 2043 5176 bus
2075 5117 2415 5191 Apostolum
2458 5116 2719 5172 locutum
2760 5119 2959 5187 putat;
2995 5130 3170 5169 unam
3219 5112 3579 5180 Judmoruin,

1936 5208 2181 5266 alteram
2212 5223 2412 5264 eorum
2464 5206 2565 5280 qui
2595 5205 2707 5261 sub
2737 5205 2881 5277 Lege
2911 5207 3070 5269 sunt,
3105 5201 3331 5257 tertiam
3378 5217 3581 5257 eorum

1937 5298 2037 5371 qui
2069 5298 2195 5354 sine
2251 5296 2377 5369 lege
2433 5300 2593 5360 sunt,
2624 5298 2890 5367 quartam
2945 5292 3335 5348 inﬁrmorum.
3369 5290 3583 5356 Quinta

1937 5389 2197 5453 debetur,
2230 5386 2507 5460 quoniam
2528 5385 2789 5457 quinque
2817 5382 3195 5455 promiserat:
3220 5379 3370 5437 hanc
3401 5380 3579 5436 utad-

1937 5476 2225 5545 dere,Alio
2255 5476 2390 5542 loco,
2422 5473 2636 5547 inquit,
2653 5473 2905 5543 superius
2926 5472 3048 5542 jam
3077 5471 3253 5539 dixit,
3290 5488 3313 5517 α
3348 5469 3582 5541 Sapien-

1936 5568 2069 5623 tiam
2097 5566 2375 5639 loquimur
2403 5564 2816 5635 interper/ectos
2840 5582 2868 5610 »
2892 5559 2993 5631 (Id.
3028 5576 3088 5631 ιι,
3118 5560 3174 5633 6)
3197 5576 3210 5629 ;
3233 5560 3586 5633 utperl'ecto-

1998 5722 2014 5757 ί
2048 5719 2215 5791 Editin
2230 5718 2455 5791 propter.
2488 5715 2555 5766 At
2586 5715 2729 5774 Μαι,
2759 5728 2869 5827 per.

1998 5784 2018 5821 Ι
2043 5784 2104 5827 In
2132 5791 2310 5827 amns.
2338 5793 2418 5827 me
2441 5791 2651 5827 servum
2694 5789 2754 5827 su
2790 5791 2869 5827 sec

1995 5784 2018 5821 ³
2043 5784 2105 5834 In
2132 5777 2418 5843 eaiiis,'me
2441 5791 2651 5829 servum
2694 5777 2908 5842 subieci.
2936 5777 3118 5841 Abest,
3146 5790 3367 5837 servum,
3399 5790 3432 5828 α
3452 5777 3578 5828 Mss.
