4094 6470
524 373 642 435 639

530 520 665 560 rum
692 502 957 556 videatur
979 498 1182 570 quinta
1213 513 1481 568 persona.
1512 500 1632 551 Hoc
1659 498 1846 550 totum
1871 495 2179 565 propterea

529 593 773 650 molitus
802 595 911 659 est,
938 594 998 642 ut
1029 588 1077 643 si
1111 590 1341 658 quando
1366 585 1585 656 aliquid
1618 586 1688 639 de
1708 583 2027 655 apostolica
2052 596 2181 653 pro-

525 682 774 739 ferretur
805 677 1083 751 Epistola,
1121 677 1217 732 ubi
1265 680 1619 731 attestantur
1653 672 1957 745 Evangelio
1991 677 2101 726 Lex
2129 674 2185 725 et

528 770 845 837 Prophetas,
905 767 1017 821 hoc
1047 767 1201 821 dicat
1228 763 1593 836 Apostolum,
1644 779 1759 817 non
1819 759 2183 831 sapientibus

524 865 582 916 et
615 858 905 931 perfectis,
943 858 1042 910 sed
1073 854 1299 911 Judaeis
1329 853 1586 908 locutum
1604 852 1783 907 fuisse
1815 848 2186 922 quasiJudaa-

526 965 648 1013 um,
682 946 770 1003 vel
803 946 885 1001 eis
910 946 1011 1017 qui
1048 945 1158 999 sub
1194 944 1344 1014 Lege
1395 946 1611 1007 essent,
1634 946 1915 1011 tanquam
1947 944 2101 994 esset
2129 942 2185 994 et

526 1038 653 1110 ipse
684 1037 796 1092 sub
834 1037 1012 1108 Lege:
1052 1051 1117 1089 ac
1147 1050 1251 1104 per
1280 1032 1390 1087 hoc
1413 1030 1657 1086 subdole
1686 1037 1857 1101 atque
1889 1026 2183 1084 mendaci-

524 1129 613 1182 ter
634 1124 1010 1179 simulantem
1045 1139 1105 1177 se
1136 1123 1289 1192 apud
1320 1120 1685 1190 imperfectos
1709 1116 2181 1187 aediﬁcare,quod

528 1215 683 1287 apud
720 1214 1030 1286 perfectos,
1079 1227 1192 1265 non
1246 1208 1601 1272 mentiendo,
1644 1208 1745 1263 sed
1776 1224 1908 1261 vera
1938 1207 2185 1261 dicendo

533 1303 1043 1359 destrueret.Hanc
1072 1299 1339 1354 videlicet
1360 1298 1409 1353 ei
1433 1297 1646 1353 erroris
1665 1296 2182 1367 machinationem,

533 1393 727 1449 nescio
753 1392 883 1463 quis
908 1390 1205 1446 Fabricius
1236 1386 1554 1452 fabricavit,
1586 1402 1759 1458 quem
1804 1386 1960 1441 velut
2000 1385 2184 1457 magi-

532 1484 721 1536 strum
752 1479 1010 1533 veritatis
1036 1478 1228 1533 Roma:
1271 1493 1335 1531 se
1381 1475 1673 1531 invenisse
1713 1474 2014 1548 gloriatur.
2047 1475 2187 1539 Quis

528 1584 644 1625 non
677 1568 784 1623 hoc
818 1571 1172 1635 monstrum,
1204 1583 1319 1621 non
1376 1566 1505 1620 dico
1536 1581 1746 1620 sensus
1799 1563 2182 1634 christianus,

523 1659 625 1714 sed
649 1657 1099 1729 qualiscumque
1148 1656 1448 1711 humanus
1480 1656 1783 1711 exhorreat
1804 1655 1832 1710 ?

596 1747 646 1801 4.
682 1747 873 1801 Primo
905 1746 1061 1801 enim
1086 1746 1581 1801 considerandum
1613 1749 1901 1815 estquam
1933 1759 1994 1799 se
2030 1744 2184 1799 frau-

531 1834 1007 1891 dulentissimum
1048 1840 1102 1889 et
1140 1833 1661 1889 mendacissimum
1695 1832 2049 1904 profiteatur,
2084 1824 2185 1905 qui

528 1924 904 1979 mentientem
932 1926 1102 1995 putat
1134 1926 1189 1977 et
1224 1921 1428 1977 laudat
1459 1921 1827 1993 Apostolum:
1852 1923 2070 1993 etquod
2090 1921 2187 1978 ille

533 2012 694 2079 dixit,
729 2029 845 2067 non
879 2012 1133 2067 fallentis
1164 2017 1318 2081 astu,
1357 2012 1456 2066 sed
1496 2012 1905 2082 compatientis
1954 2012 2183 2081 affectu,

537 2103 676 2175 quia
725 2102 971 2157 diversis
1012 2101 1339 2156 animarum
1386 2100 1606 2155 morbis
1659 2106 1775 2154 tam
1822 2100 2186 2157 misericordi

533 2192 706 2246 corde
740 2191 1037 2255 subvenit,
1090 2206 1265 2261 quam
1298 2189 1409 2245 sibi
1471 2189 1767 2244 subveniri
1816 2189 2114 2257 voluisset,
2137 2191 2187 2246 si

531 2296 723 2335 errore
750 2280 837 2335 vel
864 2280 1208 2335 infirmitate
1231 2279 1408 2335 simili
1432 2280 1743 2345 laboraret,
1774 2280 1870 2335 hic
1911 2281 1969 2335 in
2014 2279 2182 2336 falla-

529 2367 679 2423 ciam
696 2369 1100 2424 detestabilem
1115 2369 1527 2423 vertit.Deinde
1548 2385 1761 2440 quaero,
1784 2370 1853 2423 ad
1870 2368 2182 2426 Romanos.

533 2456 884 2523 Corinthios,
908 2456 1167 2523 Galatas,
1202 2457 1503 2529 Ephesios,
1548 2457 1940 2526 Colossenses,
1971 2457 2187 2530 Philip-

532 2562 765 2617 penses,
798 2546 1668 2619 Thessalonicenses,quomodo
1687 2548 2188 2619 loquebaturApo-

534 2634 725 2689 stolus
750 2635 776 2689 ‘l
798 2635 859 2690 In
891 2653 1009 2707 qua
1032 2635 1264 2691 illarum
1298 2637 1513 2709 quippe
1544 2654 1924 2708 personarum
1947 2654 2187 2693 eosesse

534 2723 856 2794 deputabat
876 2724 903 2779 ?
934 2724 1133 2781 Procul
1157 2726 1334 2783 dubio
1355 2726 1630 2798 quoniam
1652 2727 1708 2781 in
1734 2728 2014 2799 prmputio
2037 2728 2185 2782 Gen-

533 2815 621 2868 tes
652 2819 836 2880 erant,
872 2832 987 2870 non
1042 2815 1098 2869 in
1148 2816 1591 2871 circumcisione
1621 2816 1910 2873 Israelita.
1962 2817 2046 2871 Ad
2077 2816 2185 2871 hos

533 2901 751 2974 quippe
785 2902 895 2957 sibi
919 2904 1299 2960 distributum
1316 2905 1703 2961 ministerium
1720 2906 1899 2961 fuisse
1916 2908 2182 2974 testatur,

532 2991 630 3045 ubi
665 2990 807 3046 dicit
836 2995 989 3063 quod
1019 2994 1067 3048 ei
1101 2998 1156 3048 et
1176 2994 1448 3049 Barnabas
1480 2996 1743 3049 dexteras
1774 2994 2184 3049 societatisde-

533 3079 728 3134 derint
758 3084 962 3136 Petrus
993 3088 1049 3138 et
1066 3083 1321 3138 Jacobus
1343 3089 1400 3139 et
1427 3084 1774 3155 Joannes,ut
1801 3083 1927 3155 ipse
1948 3084 2184 3155 quidem

537 3183 671 3223 cum
704 3168 969 3225 Barnaba
999 3171 1067 3225 ad
1088 3171 1319 3237 Gentes,
1352 3171 1435 3227 illi
1452 3176 1647 3227 autem
1691 3173 1762 3227 ad
1787 3172 2183 3229 circumcisio-

534 3273 666 3311 nem
701 3257 852 3313 irent
881 3260 1083 3329 (Galat.
1119 3277 1179 3327 η,
1220 3262 1296 3333 9).
1362 3262 1425 3316 Et
1480 3261 1593 3317 alio
1640 3262 1764 3318 loco
1818 3264 2185 3335 opertissime

532 3345 695 3411 dicit,
722 3347 1001 3415 Quamdiu
1023 3364 1117 3419 ego
1144 3366 1268 3405 sum
1290 3349 1541 3406 Gentium
1560 3353 1835 3423 apostolus
1856 3370 1874 3407 :
1906 3356 1963 3407 et
1984 3351 2185 3407 multis

533 3435 668 3491 aliis
700 3437 845 3491 locis
878 3439 1111 3509 proprio
1161 3441 1416 3512 quodam
1451 3458 1692 3497 munere
1721 3443 2012 3498 doctorem
2035 3444 2185 3497 Gen-

528 3524 679 3579 tium
709 3542 771 3581 se
801 3542 929 3582 esse
960 3532 1229 3584 testatur.
1255 3534 1394 3584 Cum
1418 3547 1553 3603 ergo
1575 3538 1772 3587 essent
1800 3531 1927 3587 sine
1946 3532 2088 3604 Lege
2101 3536 2185 3586 tot

526 3621 729 3684 gentes
762 3616 977 3686 quibus
1009 3618 1380 3689 Evangelium
1426 3621 1796 3691 praedicabat,
1848 3621 1988 3693 quid
2039 3637 2187 3692 opus

521 3708 645 3757 erat
668 3708 732 3759 ut
764 3704 848 3759 eis
873 3706 1088 3777 Legem
1121 3714 1179 3763 et
1217 3708 1533 3780 Prophetas
1560 3711 1625 3765 de
1663 3710 1890 3766 Christo
1918 3711 2154 3766 introdu

524 3797 681 3848 ceret
709 3798 908 3865 testes,
945 3796 1147 3868 eisque
1200 3798 1544 3869 importaret
1590 3799 1813 3871 ignaris
1865 3799 2187 3868 vinculum,

527 3881 682 3937 sicut
704 3882 817 3937 ista
849 3885 1029 3954 pestis
1062 3886 1397 3952 arbitratur,
1421 3888 1653 3953 erroris,
1678 3906 1710 3943 a
1734 3905 1848 3959 quo
1879 3905 1980 3945 eos
2005 3890 2187 3947 fuisse

528 3968 746 4026 liberos
779 3974 967 4045 magis
1000 3974 1200 4030 debuit
1245 3976 1570 4048 gratulari?
1601 3978 1746 4042 Quid
1795 3995 1943 4050 opus
1972 3985 2096 4035 erat
2124 3984 2189 4035 ut

534 4059 607 4113 ad
629 4059 919 4117 Romanos
948 4063 1031 4117 sic
1048 4064 1505 4121 luissetexorsus
1525 4082 1538 4121 :
1555 4066 1961 4123 Paulusservus
1983 4068 2190 4125 Christi

533 4148 679 4220 Iesu,
711 4160 930 4207 vocatus
943 4154 1569 4227 apostolus,segregatus
1592 4157 1650 4210 in
1679 4157 2039 4228 Evangelium
2055 4162 2182 4232 Dei,

533 4237 674 4310 quod
702 4245 831 4295 ante
858 4243 1193 4311 promiserat
1222 4259 1322 4315 per
1344 4245 1637 4315 Prophetas
1658 4262 1784 4302 suos
1813 4250 1872 4302 in
1885 4248 2187 4323 Scripturis

534 4330 736 4383 sanctis
764 4330 830 4385 de
859 4331 999 4385 Filio
1030 4348 1149 4400 suo,
1177 4335 1272 4403 qui
1290 4336 1469 4403 factus
1497 4340 1573 4389 est
1603 4338 1659 4389 ei
1684 4352 1753 4391 ex
1783 4340 1989 4393 semine
2015 4338 2188 4394 David

535 4418 837 4472 secundum
866 4435 1088 4475 carnem
1117 4423 1288 4490 (Rom.
1316 4440 1354 4493 1,
1391 4423 1546 4493 1-3)?
1578 4425 1765 4488 Quare
1792 4443 1905 4481 non
1938 4428 2049 4482 sibi
2086 4444 2184 4499 po-

538 4504 656 4559 tius
684 4523 987 4577 personam
1022 4510 1271 4580 imponit
1296 4511 1528 4567 illorum
1550 4512 1576 4567 ‘l
1596 4514 1781 4577 Quare
1803 4531 1863 4569 se
1888 4515 2027 4570 facit
2056 4521 2184 4572 tan-

540 4610 719 4665 quam
745 4597 852 4650 sub
887 4604 1048 4668 l.ege,
1082 4600 1165 4653 eis
1190 4600 1289 4670 qui
1319 4600 1548 4656 fuerant
1595 4602 1721 4658 sine
1753 4604 1941 4675 Lege?
1973 4605 2186 4677 thuid

538 4684 623 4739 eis
646 4683 812 4740 dicit:
842 4686 993 4740 Vobis
1012 4690 1159 4742 enim
1188 4690 1312 4743 dico
1374 4690 1646 4762 Gentibus,
1678 4694 1941 4764 quamdiu
1971 4698 2187 4766 quidem

534 4787 627 4843 ego
657 4789 781 4829 cum
803 4774 1055 4831 Gentium
1084 4779 1753 4847 apostolus,minislerium
1782 4801 1961 4840 meum
1971 4787 2184 4855 glori/l-

534 4862 766 4933 cabo‘,si
794 4880 896 4935 quo
924 4864 1078 4921 modo
1108 4867 1184 4921 ad
1212 4870 1635 4925 aemulationem
1652 4888 1937 4943 provocem
1964 4891 2186 4931 carnem

538 4968 738 5023 meam,
771 4960 835 5008 ut
853 4956 1027 5010 salvos
1052 4957 1255 5026 faciam
1278 4958 1487 5029 aliquos
1515 4976 1587 5014 ea:
1607 4961 1740 5016 illis.
1774 4961 1834 5016 Si
1861 4964 2013 5019 enim
2042 4967 2185 5037 reje-

534 5044 641 5101 ctio
666 5044 893 5099 illorum
904 5046 1270 5101 reconciliatio
1287 5051 1364 5102 est
1380 5049 1592 5116 mundi,
1611 5066 1729 5121 qua
1745 5053 1850 5106 erit
1862 5059 2181 5127 assumptio,

539 5136 652 5189 nisi
678 5136 791 5189 vita
822 5152 892 5191 ex
922 5139 1155 5191 mortuis
1176 5142 1201 5189 γ
1226 5138 1285 5193 Si
1322 5142 1507 5193 autem
1535 5142 1791 5198 delibatio
1813 5150 2002 5201 sancta
2021 5156 2118 5218 est,
2134 5152 2185 5205 et

534 5226 846 5294 conspersio
866 5242 888 5286 ;
919 5234 972 5279 et
1001 5226 1051 5280 si
1082 5226 1246 5280 radix
1273 5231 1465 5282 saneta
1496 5237 1591 5295 est,
1624 5239 1675 5285 et
1698 5235 1859 5287 rami.
1896 5234 1975 5290 De
2008 5236 2183 5294 Israe-

540 5312 666 5366 litis
697 5313 913 5383 quippe
946 5313 1057 5368 ista
1089 5314 1247 5385 dicit,
1281 5316 1351 5369 de
1383 5318 1598 5387 quibus
1630 5324 1761 5375 ante
1784 5321 1909 5391 jam
1933 5323 2179 5381 dixerat:

537 5400 679 5468 Quid
707 5416 833 5469 ergo
864 5402 1104 5472 amplius
1127 5406 1204 5457 est
1234 5404 1441 5471 Judwo,
1459 5409 1690 5478 antqua?
1704 5411 1918 5466 utilitas
1941 5414 2181 5470 circum-

531 5491 756 5545 cisionz’s
785 5494 809 5543 .9
829 5491 1054 5546 Multum
1070 5508 1169 5563 per
1187 5509 1403 5549 omnem
1414 5496 1648 5552 modum.
1674 5499 1923 5556 Primum
1943 5503 2182 5575 quidem,

534 5581 665 5651 quia
693 5580 1041 5637 creditam-nt
1061 5582 1182 5638 illis
1205 5584 1420 5658 eloquia
1444 5586 1553 5641 Dei.
1572 5588 1715 5655 Quid
1734 5592 1881 5645 enim
1892 5593 1942 5646 si
1956 5594 2185 5664 quidem

592 5724 610 5759 ί
640 5723 700 5775 In
726 5723 871 5786 Μαι..
898 5724 1152 5791 glori/too.
1178 5728 1241 5780 In
1270 5742 1467 5794 graeco,
1496 5728 1715 5782 doxasd.

924 365 1239 428 CONTRA
1286 361 1860 427 ADVERSARIUM
1906 358 2133 421 LEGIS
2181 358 2280 419 ET
2322 359 2947 436 PROPHETARUM,
2992 361 3055 424 S.
3103 362 3539 427 AUGUSTINI

3831 359 3955 420 640

2288 492 2514 547 illorum
2543 508 2647 548 non
2679 493 3070 550 crediderunt?
3110 496 3380 567 numquid
3425 494 3789 551 incredulitas
3822 493 3949 549 illo-

2285 598 2431 646 rum,
2460 580 2629 653 fidem
2661 585 2761 637 Dei
2775 584 3070 640 evacuabit
3097 585 3307 657 '(Rom.
3331 583 3790 651 11,1-3)?Deinde
3812 582 3947 638 hinc

2287 671 2440 741 quod
2493 687 2949 728 commemorare
2992 689 3302 745 coeperam,
3336 673 3621 745 sequitur,
3656 677 3715 726 et
3768 671 3939 727 dicit:

2289 759 2440 828 Quod
2468 762 2517 814 si
2546 761 2726 831 aliqui
2751 777 2823 817 ex
2851 764 3021 817 ramis
3034 764 3201 833 fracti
3216 772 3431 833 sunt,tu
3448 770 3635 817 autem
3664 778 3790 816 cum
3808 777 3944 816 esses

2286 850 2538 914 oleaster,
2557 852 2793 904 insertus
2824 866 2879 906 es
2910 854 2970 905 in
2995 853 3129 916 illis,
3161 859 3213 908 et
3244 854 3420 908 socius
3450 852 3663 907 radicis
3690 854 3872 922 factus
3889 867 3944 905 es

2285 942 2339 994 et
2364 939 2721 1009 pinguedinis
2742 941 3020 1009 oleae,noli
3038 942 3275 1013 gloriari
3294 942 3560 997 adversus
3579 940 3949 1009 ramos.de

2284 1029 2337 1083 si
2361 1028 2641 1098 gloriaris,
2672 1044 2784 1085 non
2804 1032 2862 1083 tu
2889 1030 3125 1086 radicem
3154 1032 3468 1102 portas,sed
3497 1030 3667 1086 radix
3689 1038 3762 1086 te.
3798 1030 3950 1085 Dicis

2286 1133 2439 1189 ergo,
2471 1119 2657 1173 Fracti
2683 1127 2811 1174 sunt
2838 1122 2985 1174 rami
3004 1127 3063 1175 ut
3091 1135 3184 1191 ego
3210 1118 3947 1184 inserar.Bene,increduli-

2288 1214 2397 1262 tate
2424 1207 2444 1240 ²
2472 1210 2638 1277 fracti
2692 1215 2821 1263 sunt
2850 1227 2869 1263 :
2900 1216 2959 1264 tu
3014 1214 3200 1264 autem
3254 1210 3359 1279 ﬁde
3385 1218 3534 1271 stas;
3588 1206 3716 1263 noli
3760 1206 3949 1263 alium

2285 1310 2489 1366 sapere,
2522 1296 2615 1351 sed
2644 1299 2797 1353 time.
2830 1298 2969 1353 Nam
2996 1299 3047 1353 si
3074 1299 3216 1354 Deus
3246 1298 3597 1354 naturalibus
3630 1298 3805 1352 ramis
3834 1312 3945 1352 non

2285 1386 2547 1455 pepercit,
2579 1401 2757 1456 neque
2786 1386 2888 1441 tibi
2914 1395 3100 1458 parcet
3129 1388 3171 1443 ³.
3210 1387 3364 1444 Vides
3392 1402 3523 1455 ergo
3555 1388 3855 1442 bonitatem
3895 1391 3949 1442 et

2285 1475 2733 1531 severitatemDei
2756 1493 2775 1529 :
2798 1478 2859 1530 in
2888 1490 2975 1531 eos
3005 1477 3220 1549 quidem
3252 1478 3349 1549 qui
3373 1476 3709 1543 ceciderunt,
3740 1477 3947 1532 severi-

2288 1564 2486 1625 tatem;
2508 1563 2563 1617 in
2596 1571 2649 1618 te
2671 1568 2855 1620 autem
2886 1565 3204 1632 bonitatem,
3226 1568 3278 1622 si
3304 1568 3677 1639 permanseris
3706 1566 3767 1621 in
3789 1566 3947 1621 boni-

2288 1654 2398 1707 tate
2427 1668 2447 1707 :
2475 1652 2727 1723 alioquin
2754 1658 2805 1709 et
2820 1658 2879 1709 tu
2906 1654 3272 1725 excideris,et
3285 1655 3377 1711 illi
3401 1656 3458 1711 si
3482 1671 3595 1711 non
3619 1670 3946 1726 permanse-

2288 1742 2401 1795 rint
2430 1742 2487 1796 in
2519 1742 3276 1808 incredulitate,inserentur.
3292 1746 3487 1801 Potens
3518 1752 3596 1800 est
3626 1745 3779 1801 enim
3799 1745 3945 1800 Deus

2287 1834 2489 1886 iterum
2514 1833 2756 1887 inserere
2776 1832 2925 1889 illos.
2953 1834 3110 1902 Nam,
3130 1836 3181 1889 si
3197 1838 3259 1889 tu
3278 1851 3348 1890 ex
3366 1835 3620 1890 naturali
3634 1836 3846 1890 incisus
3878 1851 3937 1891 es

2287 1920 2539 1986 oleastro,
2575 1926 2625 1976 et
2653 1932 2844 1978 contra
2859 1932 3118 1979 naturam
3162 1926 3400 1980 insertus
3424 1940 3479 1981 es
3510 1926 3569 1980 in
3613 1926 3813 1980 bonam
3836 1926 3942 1979 oli-
4008 1916 4009 1921 “

2286 2024 2445 2069 vam;
2466 2013 2673 2078 quanto
2702 2012 2883 2081 magis
2913 2012 3006 2066 illi
3033 2014 3131 2083 qui
3177 2013 3479 2094 secundum
3496 2022 3763 2067 naturam
3786 2016 3942 2081 sunt,

2287 2098 2598 2153 inserentur
2623 2114 2742 2155 suae
2760 2100 2923 2157 olivae
2942 2100 3114 2156 ?Nolo
3134 2104 3281 2157 enim
3300 2119 3391 2159 vos
3411 2104 3694 2172 ignorare,
3708 2103 3943 2172 fratres,

2285 2191 2693 2243 sacramentum
2720 2189 2837 2255 hoc,
2869 2193 2930 2245 ut
2958 2206 3066 2245 non
3116 2194 3237 2247 sitis
3265 2192 3415 2247 vobis
3472 2194 3771 2263 sapientes,
3794 2193 3943 2263 quia

2286 2279 2499 2332 ascitas
2535 2294 2605 2333 ea:
2628 2282 2788 2349 parte
2830 2282 2890 2334 in
2934 2281 3106 2336 Israel
3134 2282 3286 2351 facta
3309 2290 3405 2349 est,
3448 2281 3619 2337 donec
3645 2282 3941 2350 plenitudo

2289 2363 2538 2421 Gentium
2568 2368 2827 2435 intraret,
2873 2373 2927 2423 et
2955 2370 3035 2424 sic
3089 2372 3268 2425 omnis
3295 2368 3470 2425 Israel
3507 2370 3693 2426 salvus
3712 2371 3872 2441 ﬁeret
3898 2372 3939 2437 ‘,

2285 2456 2430 2512 sicut
2442 2458 2705 2527 scriptum
2726 2467 2806 2511 est
2826 2477 2845 2512 :
2874 2459 3055 2514 Veniet
3078 2475 3151 2514 ea:
3166 2459 3295 2515 Sion
3318 2460 3414 2530 qui
3433 2461 3637 2531 eripiat
3656 2464 3709 2515 et
3723 2464 3943 2515 avertat

2287 2546 2631 2617 impietatem
2661 2546 2728 2601 ab
2759 2546 2919 2602 Iacob
2937 2564 2958 2609 ;
2988 2551 3040 2603 et
3078 2549 3178 2604 hoc
3206 2549 3371 2604 illisa
3411 2565 3498 2604 me
3526 2552 3935 2616 testamentum,

2284 2651 2410 2690 cum
2437 2635 2709 2691 abstulero
2746 2645 2966 2707 peccata
3008 2653 3201 2693 eorum
3236 2638 3335 2709 (Id.
3366 2655 3447 2706 x1,
3495 2638 3698 2709 13-27).
3747 2638 3937 2693 Nimis

2288 2722 2528 2796 longum
2551 2729 2640 2779 est
2669 2730 2880 2781 cuncta
2901 2743 3256 2798 percurrere,
3274 2726 3362 2782 vel
3385 2727 3538 2783 sicut
3558 2743 3659 2799 per
3678 2727 3941 2800 Scriptu-

2288 2830 2383 2869 ras
2397 2814 2745 2885 apostolicae
2760 2815 2978 2887 ubique
2989 2833 3194 2887 sparsa
3209 2821 3366 2882 sunt,
3382 2816 3519 2872 eain
3535 2832 3712 2873 unam
3730 2817 3937 2873 faciem

2286 2919 2656 2975 congregare.
2681 2905 2829 2969 Quid
2880 2922 3027 2977 opus
3056 2911 3181 2961 erat
3218 2906 3341 2962 haec
3377 2905 3569 2963 dicere
3598 2905 3890 2963 Gentibus
3914 2906 3941 2961 7

2288 2991 2402 3047 Cur
2426 3009 2536 3047 non
2558 2992 2754 3064 potius
2784 2993 2907 3050 sine
2932 2995 3080 3067 Lege
3104 2996 3292 3051 factus
3321 3001 3411 3051 est
3426 2996 3531 3061 eis,
3556 2996 3939 3068 quemadmo-

2287 3081 2426 3135 dum
2445 3086 2612 3137 erant
2632 3081 2713 3136 illi
2748 3082 2873 3138 sine
2910 3090 3048 3155 Lege
3065 3083 3093 3138 ?
3110 3084 3225 3139 Cur
3239 3100 3351 3139 non
3368 3084 3562 3151 potius
3575 3085 3717 3141 deos
3730 3101 3935 3141 eorum

2288 3168 2566 3237 laudavit,
2599 3186 2918 3243 eorumque
2951 3172 3236 3227 sacriﬁcia
3267 3172 3617 3246 praedicavit,
3648 3173 3701 3229 si
3743 3178 3803 3229 et
3826 3174 3936 3229 ista

2286 3258 2588 3330 Scriptura
2607 3276 2779 3331 quam
2814 3260 3066 3333 populus
3101 3261 3278 3317 Israel
3298 3262 3541 3333 accepit,
3574 3266 3632 3316 et
3656 3261 3753 3316 illa
3769 3279 3939 3318 sacra

2289 3346 2582 3414 Gentium,
2617 3349 2765 3404 sicut
2790 3348 2899 3405 iste
2919 3350 3081 3417 dicit,
3111 3351 3179 3405 ad
3214 3350 3503 3407 daemonia
3526 3350 3940 3422 pertinebant?

2288 3437 2459 3503 Quid,
2484 3438 2639 3509 quod
2692 3443 2870 3494 Deum
2920 3438 3093 3495 Israel
3136 3440 3311 3496 audet
3340 3440 3543 3496 infelix
3573 3440 3788 3509 dicere,
3821 3458 3939 3497 non

2288 3526 2479 3581 solum
2511 3527 2856 3594 daemonem,
2886 3545 3089 3584 verum
3117 3530 3293 3585 etiam
3312 3530 3534 3585 castoris
3566 3529 3940 3586 daemonibus

2289 3616 2543 3687 pejorem
2570 3615 2629 3671 ‘?
2651 3615 2765 3671 Cur
2783 3632 2918 3688 ergo
2936 3617 3272 3689 Apostolus,
3294 3618 3395 3689 qui
3417 3617 3692 3673 omnibus
3713 3619 3936 3686 omnia,

2289 3721 2405 3761 non
2422 3704 2821 3761 misericordia
2833 3706 3243 3778 compatiente,
3261 3706 3639 3763 sicutveritas
3660 3708 3941 3780 ostendit,

2290 3794 2390 3850 sed
2414 3794 2635 3850 astutia
2667 3794 2921 3863 fallente,
2944 3796 3097 3851 sicut
3125 3795 3236 3852 iste
3284 3796 3521 3870 desipit,
3556 3797 3746 3852 factus
3791 3803 3938 3868 erat,

2290 3899 2405 3939 non
2439 3885 2634 3955 potius
2666 3883 2901 3940 illorum
2935 3886 3268 3941 daemonum
3328 3902 3476 3958 quos
3523 3885 3793 3942 colebant
3825 3888 3937 3943 Ro-

2290 3972 2470 4043 mani,
2503 3989 2650 4045 quos
2681 3974 2972 4030 daemones
3003 3979 3172 4047 putat
3194 3975 3305 4032 iste
3336 3975 3939 4041 mitiores,servumse

2289 4077 2417 4118 esse
2448 4062 2745 4131 conﬁnxit,
2765 4068 2829 4118 ut
2858 4064 3023 4119 fieret
3050 4068 3335 4137 tanquam
3376 4063 3482 4135 illi,
3507 4081 3572 4120 ac
3598 4064 3683 4120 sic
3713 4080 3815 4121 eos
3848 4066 3937 4121 Iu-

2289 4150 2591 4206 crifaceret
2610 4151 2638 4207 ?

2359 4241 2412 4294 5.
2451 4240 2651 4297 Nonne
2681 4240 2819 4297 item
2867 4241 3009 4297 dicit
3046 4244 3115 4299 ad
3165 4241 3448 4315 Ephesios
3486 4260 3499 4300 :
3536 4248 3765 4316 Propter
3795 4245 3941 4319 quod

2286 4345 2549 4385 memores
2600 4334 2751 4395 estis,
2800 4334 2935 4403 quia
2992 4347 3080 4386 vos
3140 4332 3355 4404 quando
3422 4332 3613 4389 Gentes
3663 4336 3839 4390 eratis
3878 4338 3941 4391 in

2288 4435 2475 4485 carne,
2502 4422 2599 4491 qui
2626 4420 2883 4476 dicimini
2908 4424 3255 4492 praputium,
3281 4422 3347 4477 ab
3359 4438 3424 4478 ea
3443 4438 3568 4494 quae
3596 4423 3810 4479 dicitur
3823 4428 3941 4481 cir-

2287 4511 2546 4564 cumcisio
2576 4512 2637 4565 in
2666 4526 2831 4565 carne
2860 4527 3033 4566 manu
3051 4512 3197 4581 facta
3210 4527 3230 4573 ;
3261 4513 3358 4583 qui
3377 4514 3552 4569 eratis
3580 4513 3679 4568 illo
3710 4515 3771 4568 in
3802 4523 3940 4570 tem-

2283 4614 2421 4670 pore
2439 4600 2558 4654 sine
2578 4598 2806 4671 Christo,
2824 4600 3060 4656 alienati
3071 4617 3108 4656 a
3130 4600 3377 4657 societate
3389 4602 3633 4667 lsrael,et
3651 4606 3946 4674 peregrini

2290 4693 2735 4745 testamentorum
2754 4698 2803 4745 et
2821 4691 3233 4761 promissionis,
3269 4706 3420 4761 spem
3449 4706 3559 4746 non
3579 4691 3856 4761 habentes,
3894 4700 3944 4750 et

2287 4780 2408 4833 sine
2436 4779 2539 4834 Deo
2564 4780 2625 4833 in
2644 4783 2743 4834 hoc
2765 4780 2966 4835 mundo
2988 4797 3007 4834 :
3028 4796 3174 4835 nunc
3215 4788 3401 4835 autem
3440 4782 3501 4835 in
3542 4780 3755 4837 Christo
3812 4784 3942 4841 Jesu

2286 4883 2397 4933 vos,
2418 4869 2516 4939 qui
2538 4868 2834 4939 aliquando
2853 4870 3020 4924 eratis
3045 4870 3368 4941 longe,facti
3386 4872 3515 4926 estis
3531 4887 3697 4943 prope
3717 4873 3778 4927 in
3806 4891 3937 4929 san-

2286 4958 2456 5027 guine
2486 4957 2707 5013 Christi.
2744 4960 2857 5030 Ipse
2879 4963 2961 5014 est
2980 4960 3126 5013 enim
3150 4975 3262 5030 pax
3282 4962 3492 5027 nostra,
3515 4962 3612 5031 qui
3629 4962 3760 5030 fecit
3778 4969 3937 5019 utra-

2286 5063 2392 5119 que
2420 5051 2668 5117 unum,et
2679 5049 2922 5104 medium
2940 5050 3209 5119 parietem
3227 5050 3936 5118 maceriasolvensdnimi-

2286 5138 2473 5192 citium
2502 5138 2563 5192 in
2594 5154 2759 5193 carne
2785 5155 2907 5208 sua,
2960 5142 3156 5209 Legem
3198 5138 3588 5194 mandatorum
3618 5141 3678 5195 in
3708 5142 3937 5199 decretis

2287 5227 2609 5292 evacuans‘,
2624 5230 2687 5281 ut
2712 5226 2847 5284 duos
2867 5226 3120 5284 conderet
3142 5228 3201 5281 in
3212 5243 3267 5282 se
3282 5229 3341 5282 in
3353 5243 3737 5285 unumnovum
3758 5232 3936 5290 homi-

2350 5360 2366 5394 ί
2401 5361 2475 5408 Ita
2504 5361 2624 5410 Mss.
2657 5362 2722 5411 At
2750 5361 2894 5411 editi.
2923 5360 3208 5410 evacuavit.

2352 5422 2626 5497 'Edititin
2646 5423 3032 5497 incredulitate.
3072 5422 3349 5482 Particula,
3381 5423 3454 5486 in,
3486 5423 3635 5476 abest
3666 5441 3699 5476 a
3728 5425 3853 5477 Mss.
3885 5432 3935 5478 et

2287 5500 2318 5535 a
2351 5500 2524 5545 graeco
2556 5490 2699 5536 textu
2729 5486 2985 5548 Apostoli.

2349 5552 2371 5621 θ
2515 5550 2651 5621 Mss_._
2672 5550 2738 5599 At
2766 5550 3007 5621 e‘ditiune
3034 5549 3171 5621 [orte
3196 5562 3288 5621 nec
3315 5547 3413 5621 tibi
3433 5553 3637 5614 parcat.

2348 5615 2369 5649 ι
2400 5612 2577 5661 Plures
2606 5613 2746 5671 Mss.,
2773 5612 2883 5675 ﬁet.
2913 5612 3143 5675 Quidam
3170 5611 3277 5675 alii,
3308 5611 3421 5674 ﬁat.

2346 5678 2368 5713 ⁸
2398 5675 2734 5739 antiquiores
2764 5673 2991 5739 codices,
3014 5673 3367 5739 crudeliorem.

2346 5739 2370 5776 ⁸
2395 5736 2558 5799 Εᾱὶιὶζ
2579 5737 2762 5803 Legem
2790 5737 3152 5791 mandatorum
3177 5736 3393 5790 decretis
3420 5750 3707 5793 evacuans:
3736 5742 3930 5795 omissa
3992 5762 3993 5765 η
