4094 6526
123 449 232 509 649
1455 447 1685 507 LIBER
1729 446 2159 510 SECUNDUS.

119 579 441 637 Zachariam
474 594 647 651 quem
672 577 767 634 isti
795 578 1149 649 occiderunt,
1184 579 1617 651 persecutiones
1639 578 1750 633 im-

3388 457 3509 518 650

1863 581 2050 652 major
2074 586 2163 637 est
2186 582 2381 653 utique
2411 583 2671 655 quolibet
2707 590 2907 642 sancto
2935 590 2992 643 et
3030 587 3209 659 justo,
3241 592 3509 660 portante

118 671 403 743 piissimas
425 674 481 724 et
509 667 996 724 sceleratissimas
1019 666 1405 739 pertulerunt.
1440 668 1586 724 Nam
1611 684 1751 739 quo-
1861 683 2072 739 corpus
2104 672 2257 741 quod
2290 674 2684 745 corrumpitur
2700 680 2757 730 et
2776 680 3049 747 aggravet
3074 677 3331 732 animam
3352 677 3503 749 (Sap.

118 760 278 816 modo
300 775 475 831 super
505 758 646 813 istos
677 756 870 813 veniet
899 758 916 792 ¹
944 757 1178 813 illorum
1203 758 1463 830 sanguis,
1500 757 1598 829 qui
1624 756 1747 812 lon-
1859 772 1934 820 Ix,
1964 757 2071 828 15).
2104 760 2219 814 Aut
2243 760 2291 815 si
2316 777 2561 833 regnum
2603 763 2879 819 caelorum
2914 765 2971 819 in
2996 781 3064 821 ea
3086 765 3505 822 sententiaillic

116 866 181 923 ge
202 854 327 905 ante
357 848 622 903 vixerunt
673 863 848 919 quam
898 845 996 901 isti
1051 845 1139 902 vel
1197 851 1599 913 nascerentur,
1634 844 1747 900 nisi
1856 843 2103 918 intelligi
2134 849 2331 916 voluit,
2364 867 2481 922 qua
2510 856 2567 907 et
2610 853 2669 908 in
2706 853 2814 909 hoc
2846 858 3106 926 tempore
3130 856 3499 928 significatur

116 938 245 1011 quia
281 954 463 993 unum
495 952 706 1009 genus,
732 953 849 991 una
879 935 1233 1008 conspersio,
1269 952 1386 990 una
1419 952 1613 991 massa
1659 938 1748 990 est
1856 933 2421 1009 Ecclesia,cujusfilii
2446 942 3259 999 suntomnesabinstitutione
3272 944 3504 1017 generis

114 1028 446 1100 impiorum,
478 1024 805 1081 imitatione
831 1024 1067 1080 sibimet
1089 1042 1482 1082 connexorum
1504 1024 1531 1080 ‘I
1562 1021 1747 1080 Simul
1859 1026 2099 1081 humani
2128 1042 2310 1099 usque
2331 1046 2507 1096 nunc,
2554 1036 2842 1103 quotquot
2888 1032 3038 1101 justi
3069 1037 3125 1087 et
3156 1033 3341 1088 sancti
3372 1048 3502 1089 esse

116 1118 282 1173 etiam
313 1115 662 1184 declaratur,
697 1114 758 1170 in
807 1115 1009 1170 eodem
1059 1116 1271 1188 populo
1326 1114 1505 1170 fuisse
1555 1116 1750 1184 justos
1863 1116 2206 1185 potuerunt;
2242 1119 2498 1190 profecto
2528 1119 2802 1192 seipsum
2827 1120 3109 1177 Dominus
3132 1121 3500 1193 signiﬁcavit,

117 1212 285 1279 atque
314 1205 633 1278 Pr0phetas
656 1204 778 1276 Dei,
813 1220 1064 1276 quorum
1121 1203 1239 1275 isti,
1272 1204 1489 1275 quibus
1523 1203 1643 1258 haec
1671 1201 1752 1259 lo-
1864 1202 2287 1274 quianascendi
2308 1212 2568 1280 tempore
2582 1208 2771 1265 minor
2795 1212 3169 1281 eratJoanne,
3189 1211 3378 1282 major
3398 1228 3503 1268 au-

117 1291 1319 1369 quiturDominus,sedificabantsepulcra,
1353 1293 1755 1364 ornabantque
1862 1295 1981 1347 tem
2008 1294 2331 1352 divinitatis
2387 1298 2708 1355 aeternitate
2764 1304 2822 1355 et
2878 1298 3168 1355 dominica
3198 1303 3502 1371 potestate.

118 1388 508 1442 monumenta.
554 1384 722 1455 Pejor
750 1400 885 1456 ergo
928 1382 1037 1438 iste
1095 1386 1151 1438 et
1180 1381 1495 1437 immanior
1526 1381 1623 1454 qui
1657 1397 1756 1437 eos
1864 1379 2110 1438 Proinde
2127 1385 2448 1442 secundum
2472 1386 2722 1458 priorem
2746 1387 3168 1460 expositionem
3199 1388 3280 1445 ita
3297 1388 3504 1444 distin-

116 1476 413 1531 defunctos
438 1473 638 1546 lingua
665 1472 947 1529 maledica
970 1471 1207 1540 lacerat,
1242 1472 1457 1545 quibus
1474 1470 1755 1526 honorem
1864 1470 2060 1542 guitur
2080 1488 2092 1526 :
2116 1474 2179 1528 In
2208 1476 2355 1530 natis
2375 1476 2678 1531 mulierum
2699 1492 2855 1532 nemo
2876 1477 3191 1532 exsurrexit
3211 1478 3397 1545 maior
3419 1479 3506 1535 Jo-

115 1566 285 1621 etiam
315 1564 479 1636 impii
504 1563 870 1631 deferebant;
894 1566 950 1617 et
976 1562 1034 1616 in
1067 1561 1325 1617 animam
1358 1576 1525 1616 suam
1551 1560 1755 1615 crude-
1863 1575 2009 1615 anne
2028 1561 2302 1632 Baptista:
2329 1565 2423 1635 qui
2449 1568 2634 1620 autem
2650 1564 2834 1621 minor
2850 1566 3010 1620 estin
3030 1580 3197 1635 regno
3221 1565 3501 1636 caelorum,

114 1653 245 1709 liter
272 1653 623 1709 saevienseos
642 1650 1195 1722 blasphemat,cum
1226 1649 1562 1705 velitvideri
1595 1648 1753 1705 chri-
1864 1664 1931 1704 ac
1961 1648 2169 1706 deinde
2217 1652 2601 1723 subinfertur,
2650 1655 2828 1723 maior
2874 1654 2970 1710 illo
3021 1662 3113 1711 est.
3167 1654 3502 1710 Secundum

118 1743 362 1809 stianus,
395 1758 542 1815 quos
576 1740 893 1813 Prophetas
933 1744 991 1795 et
1013 1740 1207 1811 justos
1230 1738 1441 1794 asserit
1463 1738 1751 1794 Christus.

185 1833 271 1887 48.
294 1832 321 1887 J
332 1848 425 1887 am
446 1847 580 1886 vero
603 1829 757 1902 quod
781 1830 1099 1901 adjungere
1119 1829 1303 1884 voluit
1320 1832 1553 1884 sanctos
1574 1826 1752 1883 Patri-

119 1919 686 1986 archas,Abraham,
728 1918 910 1985 Isaac,
961 1922 1018 1972 et
1052 1916 1250 1985 Jacob,
1284 1916 1377 1972 his
1426 1918 1497 1972 de
1541 1916 1755 1987 quibus

118 2010 388 2067 Dominus
420 2008 519 2075 ait,
554 2012 741 2064 Patres
770 2009 936 2062 vestri
966 2006 1437 2061 manducaverunt
1465 2023 1674 2060 manna
1696 2007 1757 2060 in

114 2101 347 2169 deserto,
367 2102 415 2154 et
434 2098 638 2153 mortui
648 2100 794 2161 sunt,
811 2095 1016 2167 quiaet
1032 2095 1128 2151 isti
1151 2100 1344 2167 patres
1366 2096 1576 2150 mortui
1594 2099 1752 2163 sunt;

116 2195 312 2245 utrum
329 2186 756 2255 fraudulentus,
772 2202 844 2240 an
865 2200 1048 2240 caecus
1072 2184 1147 2239 sit
1165 2184 1358 2257 potius
1374 2184 1754 2254 judicandus,

1864 1736 2015 1794 hanc
2040 1744 2235 1795 autem
2269 1742 2647 1812 posteriorem
2677 1742 2795 1798 ita:
2823 1745 2884 1799 In
2915 1745 3057 1799 natis
3084 1744 3383 1799 mulierum
3401 1759 3506 1800 ne-

1862 1842 1953 1883 mo
1974 1831 2290 1885 exsurrexit
2324 1831 2500 1902 major
2527 1832 2735 1888 Joanne
2764 1833 3035 1904 Baptista:
3071 1834 3165 1904 qui
3192 1836 3375 1888 autem
3396 1834 3507 1889 mi-

1863 1932 1965 1971 nor
1992 1921 2091 1986 est,
2117 1935 2181 1974 ac
2204 1918 2413 1975 deinde
2435 1920 2816 1992 subinfertur,
2840 1923 2899 1976 in
2920 1937 3086 1993 regno
3111 1923 3508 1978 malorumma-

1853 2006 1950 2076 jor
1978 2008 2073 2063 illo
2093 2017 2192 2065 est.
2218 2008 2329 2064 Sed
2352 2014 2595 2081 uterque
2642 2009 2974 2066 intellectus
3021 2028 3198 2083 quam
3238 2010 3507 2081 congruit

1863 2096 2112 2163 veritati,
2142 2101 2263 2153 tam
2289 2098 2611 2155 refellenda:
2644 2099 2822 2171 hujus
2843 2100 3063 2155 sufﬁcit
3110 2099 3373 2156 vanitati.
3420 2099 3508 2156 Si-

1863 2201 1931 2240 ve
1952 2185 2109 2241 enim
2150 2186 2394 2259 quilibet
2447 2187 2697 2260 Angelus
2746 2189 2968 2245 caeteris
3026 2189 3237 2259 minor,
3284 2189 3508 2246 Joanne

115 2278 397 2334 incertum
421 2281 528 2332 est.
562 2274 672 2331 Sed
701 2273 1003 2345 quodlibet
1019 2289 1223 2329 eorum
1247 2273 1442 2345 eligat,
1460 2274 1757 2329 detestan-

116 2368 228 2423 dus
254 2370 360 2421 est.
400 2365 544 2420 Hinc
575 2364 727 2420 enim
749 2363 857 2419 hoc
888 2360 1756 2434 ostenderevoluit,quiaDomi-

114 2474 229 2512 nus
259 2452 728 2511 commemoratis
745 2452 964 2508 eisdem
980 2451 1267 2525 patribus,
1283 2451 1381 2507 ait.
1398 2453 1517 2508 Non
1534 2453 1759 2507 estDeus

112 2542 567 2614 mortuorum,sed
592 2544 881 2597 vivorum:
905 2558 1037 2596 cum
1057 2540 1252 2613 potius
1274 2557 1373 2596 eos
1396 2542 1585 2597 vivere
1598 2540 1759 2596 dixe-

112 2634 495 2691 rit.Adhibito
528 2632 745 2704 quippe
777 2631 1115 2686 testimonio
1147 2631 1217 2686 de
1251 2631 1419 2701 Lege,
1452 2629 1551 2684 ubi
1583 2630 1762 2701 scrip-

110 2730 241 2780 tum
265 2729 371 2787 est,
387 2724 493 2794 Ego
506 2739 629 2777 sum
650 2722 793 2777 Deus
818 2721 1114 2787 Abraham,
1136 2728 1185 2776 et
1204 2720 1341 2775 Deus
1364 2721 1533 2783 Isaac.
1549 2729 1599 2775 et
1623 2720 1760 2774 Deus

109 2814 305 2875 Jacob;
336 2813 404 2868 ad
407 2811 623 2884 junxit,
660 2812 777 2866 Non
811 2818 888 2866 est
920 2814 1067 2865 Deus
1096 2814 1458 2879 mortuorum,
1491 2807 1584 2864 sed
1611 2810 1760 2864 vivo-

109 2920 256 2958 rum.
287 2903 354 2957 Et
384 2900 614 2972 adjecit,
649 2899 841 2955 Omnes
871 2901 1023 2955 enim
1053 2900 1143 2953 illi
1167 2898 1587 2970 vivuntUllatth.
1620 2915 1759 2967 xxu,

111 2992 206 3060 32,
232 3001 288 3047 et
320 2992 449 3046 Luc.
482 3008 572 3059 xx,
595 2991 684 3061 37,
712 2990 842 3059 38):
869 2989 987 3044 vita
1008 2988 1210 3059 utique
1253 3006 1408 3054 vera,
1460 3005 1576 3060 qua
1613 2987 1765 3059 justi

112 3080 525 3146 vivunt.etiam
559 3079 793 3151 quando
809 3094 1047 3149 corpore
1082 3076 1434 3134 moriuntur.
1458 3078 1567 3134 Sed
1583 3094 1765 3149 quan-

116 3171 194 3225 do
217 3170 337 3225 haec
368 3169 588 3224 diceret
608 3167 739 3236 iste,
768 3166 818 3221 si
846 3165 1105 3221 viveret?

195 3260 287 3315 49.
322 3260 383 3314 In
408 3257 558 3313 hanc
579 3257 929 3312 sententiam
949 3254 1073 3313 vult
1088 3254 1269 3326 accipi
1294 3259 1351 3311 et
1372 3257 1526 3326 quod
1555 3255 1764 3323 aitiDo-

122 3347 327 3405 minus
377 3347 448 3402 ad
497 3346 731 3401 Judaeos
757 3360 770 3398 :
803 3345 983 3415 Neque
1015 3360 1098 3400 me
1128 3346 1312 3413 nostis,
1344 3360 1517 3415 neque
1544 3346 1767 3399 Patrem

114 3454 307 3494 meum
332 3454 345 3505 ;
378 3435 469 3492 sed
497 3451 594 3491 nec
623 3434 842 3489 verbum
873 3433 972 3488 Dei
1007 3433 1218 3489 habetis
1254 3434 1316 3487 in
1363 3435 1510 3489 vobis
1538 3450 1766 3489 manens

117 3530 302 3600 (Joan.
325 3543 447 3591 vm,
472 3524 578 3597 19).
602 3523 766 3588 Quod
816 3522 1018 3594 utique
1068 3521 1423 3578 contrarium
1459 3540 1573 3578 non
1605 3527 1693 3579 est
1713 3522 1764 3579 ei

115 3619 279 3691 quod
303 3615 479 3671 dixit:
513 3614 731 3669 Tulistis
752 3612 962 3668 clavem
996 3612 1239 3667 scientiae
1258 3630 1281 3676 ,ε
1303 3613 1410 3683 ipsi
1436 3628 1545 3667 non
1566 3613 1764 3668 introi-

110 3709 239 3775 stis,
273 3709 322 3761 et
353 3721 440 3761 eos
461 3706 555 3777 qui
600 3703 911 3758 introibant
947 3702 1312 3772 prohibuistis
1362 3703 1512 3771 (Luc.
1546 3718 1622 3768 xx,
1650 3701 1763 3773 52).

110 3799 178 3853 In
214 3794 544 3866 semetipsis
577 3791 729 3848 enim
762 3790 1001 3847 verbum
1030 3790 1129 3845 Dei
1172 3806 1286 3845 non
1318 3789 1631 3861 habebant,
1666 3790 1764 3847 sed

108 3886 417 3942 habebant
446 3883 505 3937 in
557 3880 783 3936 Litteris
816 3896 961 3951 quas
1020 3878 1312 3951 legebant,
1344 3879 1490 3934 Nam
1522 3879 1567 3933 si
1590 3878 1765 3935 habe-

108 3981 249 4033 rent
279 3976 341 4030 in
374 3971 724 4042 semetipsis,
744 3976 801 4025 et
821 3969 932 4041 ipsi
956 3967 1267 4035 intrarent,
1289 3972 1345 4023 et
1363 3967 1506 4024 alios
1528 3969 1765 4036 intrare,

111 4065 547 4139 permitterent.
583 4061 707 4116 Non
742 4060 958 4114 intrare
989 4062 1183 4113 autem
1217 4062 1306 4114 est
1334 4075 1449 4113 non
1482 4057 1767 4131 intellige-

112 4172 205 4211 re.
231 4155 377 4210 Ecce
392 4168 570 4225 quare
593 4166 696 4205 nec
719 4149 906 4220 ipsum
928 4153 1229 4217 noverant,
1245 4164 1349 4203 nec
1366 4149 1493 4218 ejus
1514 4148 1767 4215 Patrem;

115 4244 268 4317 quia
301 4259 415 4298 non
467 4238 869 4311 intelligebant
920 4237 1075 4308 quod
1132 4235 1442 4308 legebant:
1490 4254 1604 4292 non
1635 4237 1771 4309 quia

113 4336 315 4391 Deum
345 4336 403 4388 et
421 4329 715 4387 Christum
766 4343 880 4382 non
932 4325 1402 4397 praedicaverant,
1437 4343 1581 4398 quos
1616 4327 1771 4399 lege-

113 4422 415 4482 bant.Hoc
437 4424 525 4477 est
540 4434 675 4492 ergo
689 4417 925 4481 intrare,
941 4432 1055 4471 non
1069 4430 1196 4471 esse
1211 4419 1547 4470 contentum
1569 4432 1768 4486 super—

112 4513 268 4571 ﬁcie-
286 4508 623 4578 litteraa,sed
642 4508 711 4562 ad
744 4505 1021 4561 interiora
1041 4503 1432 4576 intelligentia:
1453 4505 1769 4577 pervenire.

190 4604 291 4657 20.
316 4600 779 4672 Argumentatur
810 4593 984 4650 etiam
1017 4594 1087 4649 de
1104 4597 1326 4650 Joanne
1342 4594 1618 4665 Baptista,
1636 4595 1774 4666 quia

114 4691 417 4750 Dominus
448 4687 549 4759 ait,
575 4688 639 4743 In
658 4686 807 4741 natis
825 4683 1123 4739 mulierum
1146 4699 1252 4738 non
1266 4686 1577 4739 exsurrexit
1592 4684 1775 4754 major

115 4785 342 4841 Joanne
373 4778 648 4851 Baptista:
700 4774 796 4846 qui
824 4780 1004 4827 autem
1032 4773 1219 4828 minor
1240 4777 1321 4828 est
1343 4789 1405 4828 in
1426 4789 1594 4842 regno
1622 4772 1779 4829 caelo—

112 4889 283 4943 rum,
316 4869 499 4940 major
522 4872 599 4922 est
628 4864 726 4921 illo
764 4863 966 4931 (Matth.
990 4879 1066 4929 x1,
1096 4862 1184 4934 tl)
1209 4880 1222 4918 :
1247 4861 1331 4918 ita
1359 4862 1512 4919 velut
1544 4862 1779 4919 ratioci-

120 4962 357 5027 nando,
388 4963 671 5028 tanquam
699 4954 953 5010 Joannes
986 4968 1101 5007 non
1128 4951 1411 5023 pertineat
1440 4953 1509 5008 ad
1534 4968 1779 5026 regnum

123 5050 444 5116 ccelorum,
477 5049 534 5102 et
563 5044 635 5100 ob
656 5043 766 5099 hoc
815 5040 1001 5097 multo
1034 5040 1230 5097 minus
1264 5042 1453 5097 caeteri
1484 5042 1782 5115 Prophetas

125 5141 301 5199 illius
335 5134 555 5211 populi,
586 5132 800 5207 quibus
822 5131 1009 5202 major
1037 5134 1126 5186 est
1145 5128 1416 5187 Joannes.
1436 5131 1565 5187 Haec
1591 5141 1782 5189 autem

127 5231 321 5288 verba
336 5222 569 5284 Domini
582 5222 810 5279 duobus
826 5219 1014 5276 modis
1028 5224 1275 5291 possunt
1290 5221 1787 5278 rectissimeintel-

130 5320 269 5394 ligi.
305 5320 423 5372 Aut
452 5313 608 5371 enim
634 5326 876 5384 regnum
909 5308 1186 5365 ccelorum
1217 5309 1529 5381 appellavit
1566 5328 1631 5367 eo
1662 5311 1786 5368 loco

133 5407 434 5465 Dominus
465 5402 619 5476 quod
644 5399 903 5456 nondum
949 5398 1300 5470 accepimus,
1323 5404 1379 5454 et
1407 5399 1466 5454 in
1497 5416 1609 5471 quo
1644 5417 1787 5456 non-

132 5502 291 5556 dum
326 5510 575 5561 sumus;
609 5490 762 5546 unde
801 5494 863 5544 et
891 5488 949 5542 in
980 5488 1096 5544 fine
1144 5488 1406 5545 dicturus
1437 5494 1546 5557 est,
1588 5490 1787 5559 Venite,

134 5585 423 5646 benedicti
442 5582 625 5639 Patris
672 5579 1065 5649 mei,percipite
1109 5593 1336 5648 regnum
1365 5578 1464 5649 (Id.
1494 5595 1618 5645 xxv,
1650 5579 1740 5651 34)
1775 5596 1789 5635 :

133 5684 199 5736 et
227 5676 376 5749 quia
390 5672 472 5729 ibi
494 5674 635 5728 sunt
651 5666 841 5725 sancti
862 5664 1063 5738 Angeli
1078 5665 1123 5733 ³,
1145 5666 1391 5737 quilibet
1406 5666 1465 5723 in
1484 5668 1566 5723 eis
1582 5666 1791 5740 minor,

216 5839 235 5875 ι
271 5836 365 5887 Er,
394 5830 561 5896 Lugd,
590 5829 727 5879 Ven.
755 5827 885 5896 Lov,
915 5824 1070 5896 uenit.
1123 5889 1134 5896 Α
1170 5826 1241 5896 μ.

215 5901 243 5938 ι
272 5886 503 5963 Aliquo?
516 5894 640 5944 Mss.
673 5904 687 5943 :
717 5890 765 5940 et
792 5887 885 5955 qui
914 5886 989 5937 ibi
1015 5889 1135 5940 sunt
1152 5887 1358 5954 Angeli.

488 6014 754 6076 PATROL.
798 6003 980 6068 XLII.

1866 2274 1944 2329 sit
1974 2276 2180 2345 major,
2240 2276 2361 2353 sive
2391 2276 2483 2331 hic
2532 2276 2818 2333 Dominus
2857 2277 3242 2350 intelligatur,
3283 2278 3509 2334 Joanne

1868 2380 2223 2435 praecursore
2243 2381 2346 2421 suo
2368 2370 2533 2422 aatate
2556 2366 2767 2439 minor,
2792 2367 3101 2437 majestate
3133 2368 3337 2437 major,
3364 2365 3511 2422 nihil

1868 2454 2003 2509 inde
2035 2454 2335 2525 Prophetis
2365 2455 2584 2511 caeteris
2626 2456 2955 2527 derogatur.
3012 2456 3331 2511 Potuerunt
3350 2455 3510 2511 enim

1869 2559 1999 2597 esse
2028 2543 2239 2598 Joanni
2270 2543 2449 2615 aliqui
2481 2546 2757 2616 aequales,
2783 2545 3042 2616 aliquieo
3066 2545 3322 2600 minores
3349 2561 3362 2613 ;
3388 2543 3513 2599 nul-

1870 2630 1963 2686 lus
1991 2637 2185 2687 autem
2220 2633 2425 2703 major,
2456 2639 2691 2704 prepter
2720 2634 3068 2688 sententiam
3102 2633 3334 2688 Domini
3362 2649 3512 2690 :om-

1870 2737 1973 2776 nes
1997 2727 2188 2776 tamen
2220 2723 2426 2791 sancti,
2461 2726 2517 2777 et
2557 2722 2728 2792 justi,
2760 2727 2818 2778 et
2849 2722 3007 2778 boni.

1942 2809 2167 2865 CAPUT
2196 2810 2289 2866 VI.
2340 2842 2409 2853 --
2463 2811 2553 2867 21.
2588 2810 2689 2866 Sed
2738 2816 2965 2882 Moyses,
3025 2810 3238 2882 inquit,
3292 2828 3509 2867 omnem

1871 2916 2023 2973 spem
2043 2901 2258 2971 futurae
2270 2902 2683 2956 resurrectionis
2707 2902 2765 2954 in
2787 2900 3103 2955 hominibus
3126 2902 3511 2972 exstinxit,qui

1870 2992 2158 3045 mortalem
2186 3006 2298 3045 esse
2326 2990 2574 3045 animam
2602 2991 3104 3062 pronuntiavit,qui
3124 3006 3246 3045 eam
3262 3006 3512 3045 essesan-

1872 3080 2091 3149 guinem
2112 3079 2498 3135 dixit.Deinde
2521 3079 2918 3135 ratiocinando
2932 3080 3162 3151 magnis
3184 3079 3407 3135 viribus
3421 3094 3515 3134 co-

1874 3175 2046 3224 natur
2077 3170 2524 3237 ostendere,non
2547 3185 2674 3225 esse
2697 3168 2955 3224 animam
2978 3168 3408 3240 sanguinem,et
3430 3167 3514 3223 la-

1874 3259 2040 3314 borat
2062 3259 2119 3313 in
2154 3275 2213 3313 re
2244 3257 2571 3323 manifesta,
2606 3275 2721 3314 non
2745 3257 3074 3330 intelligens
3122 3258 3331 3330 Legem
3354 3259 3393 3311 ί.
3420 3255 3515 3313 Sic

1874 3348 2029 3404 enim
2061 3348 2283 3403 dictum
2316 3348 2626 3418 est,Anima
2657 3349 2834 3403 omnis
2854 3348 3039 3403 carnis
3057 3349 3281 3418 sanguis
3309 3347 3516 3413 est(Le-

1872 3439 1975 3493 vit.
2006 3454 2143 3505 xvn,
2180 3438 2261 3508 14)
2287 3454 2299 3505 ;
2334 3437 2625 3509 quomodo
2647 3437 2987 3502 dictumest,
3019 3438 3181 3492 Petra
3210 3441 3329 3491 erat
3354 3435 3512 3491 Chri-

1872 3535 1988 3583 stus
2009 3527 2053 3598 ([
2084 3530 2205 3583 Cor.
2238 3543 2292 3593 x,
2329 3525 2382 3596 4)
2408 3543 2420 3581 :
2446 3542 2559 3580 non
2593 3526 2731 3597 quia
2762 3525 2871 3581 hoc
2902 3529 3043 3593 erat,
3069 3525 3169 3581 sed
3202 3524 3340 3596 quia
3374 3524 3511 3579 hinc

1874 3615 2316 3689 signiﬁcabatur
2339 3615 2381 3668 9.
2398 3615 2520 3670 Non
2544 3618 2737 3670 autem
2763 3615 2979 3670 frustra
3008 3620 3115 3669 Lex
3135 3614 3395 3670 animam
3415 3629 3512 3669 vo-

1874 3706 1985 3761 luit
2020 3705 2350 3776 signiiicare
2383 3720 2480 3774 per
2510 3704 2880 3777 sanguinem,
2914 3720 3035 3759 rem
3068 3703 3288 3759 scilicet
3313 3701 3513 3757 invisi-

1874 3792 2049 3848 bilem
2069 3809 2170 3863 per
2192 3808 2312 3846 rem
2326 3790 2614 3847 visibilem
2641 3809 2655 3859 ;
2676 3790 2786 3846 nisi
2801 3790 2941 3863 quia
2962 3792 3204 3864 sanguis
3221 3807 3324 3864 per
3338 3807 3513 3847 venas

1875 3896 2079 3937 omnes
2108 3881 2179 3935 ab
2212 3880 2337 3951 ipso
2369 3879 2540 3933 corde
2560 3878 2829 3936 diffusus.
2847 3879 2905 3933 in
2922 3884 3116 3934 nostro
3131 3894 3367 3949 corpore
3382 3876 3514 3948 plus

1874 3969 2097 4026 caeteris
2127 3968 2471 4023 humoribus
2502 3967 2895 4039 principatur;
2952 3968 3034 4023 ita
3064 3972 3127 4023 ut
3160 3967 3516 4039 ubicumque

1878 4059 2050 4115 fuerit
2097 4057 2310 4114 vulnus
2335 4056 2645 4128 inﬂictum,
2677 4074 2792 4113 non
2826 4057 3040 4113 humor
3073 4056 3241 4125 alius,
3267 4057 3368 4113 sed
3391 4055 3516 4128 ipse

1877 4149 2152 4221 procedat
2177 4148 2401 4218 :itaque
2416 4147 2634 4215 anima,
2658 4146 2797 4218 quia
2826 4146 3099 4202 omnibus
3119 4146 3333 4218 quibus
3353 4162 3518 4202 cons-

1876 4243 2071 4294 tamus
2100 4236 2469 4293 invisibiliter
2482 4235 2767 4308 praevalet,
2783 4234 2881 4291 illo
2908 4236 3118 4291 melius
3132 4235 3515 4308 signiﬁcatur,

1878 4329 2031 4399 quod
2044 4326 2318 4383 omnibus
2343 4325 2560 4398 quibus
2574 4329 2913 4381 constamus
2944 4324 3273 4381 visibilibus
3299 4339 3521 4396 praeva:

1876 4415 1977 4475 let.

1947 4508 2037 4560 22.
2061 4504 2211 4561 Illud
2235 4506 2429 4560 autem
2454 4504 2609 4574 quod
2627 4502 2938 4575 Apostolus
2960 4503 3214 4575 ait(nam
3232 4507 3289 4559 et
3309 4502 3419 4560 hoc
3435 4506 3520 4559 te-

1880 4594 2227 4651 stimonium
2263 4593 2372 4648 iste
2404 4592 2642 4663 posuit),
2678 4591 2815 4647 Caro
2844 4594 3139 4661 etsanguis
3167 4607 3399 4663 regnum
3419 4591 3521 4647 Dei

1880 4700 1991 4741 non
2026 4682 2325 4755 possidebit
2353 4682 2374 4715 ⁸
2398 4699 2412 4750 ;
2437 4697 2551 4736 non
2578 4680 2713 4736 facit
2733 4681 2803 4737 de
2823 4682 3146 4747 anima,sed
3171 4682 3241 4737 de
3263 4697 3519 4737 resurre-

1885 4774 2074 4830 ctione
2095 4771 2355 4844 corporis
2383 4770 2786 4843 quaestionem.
2821 4771 3031 4828 Verum
3063 4776 3120 4828 et
3154 4773 3268 4828 ista
3295 4770 3523 4826 duobus

1887 4862 2077 4919 modis
2108 4860 2369 4917 solvitur.
2386 4859 2667 4915 Autenim
2683 4859 2874 4916 carnis
2896 4863 2953 4916 et
2973 4859 3278 4933 sanguinis
3291 4858 3529 4915 nomine

1889 4951 2318 5024 corruptionem
2336 4948 2529 5005 carnis
2550 4954 2607 5006 et
2627 4949 2933 5023 sanguinis
2947 4949 3455 5022 nuncupavit,qum
3469 4947 3529 5003 in

1891 5040 2314 5098 resurrectione
2326 5054 2441 5094 non
2454 5037 2564 5093 erit
2584 5054 2595 5092 :
2618 5042 2962 5093 autcarnem
2980 5037 3415 5110 etsanguinem,
3431 5034 3535 5092 ho-

1892 5132 2083 5187 mines
2114 5131 2186 5185 ad
2220 5144 2426 5185 omnes
2449 5126 2753 5183 illecebras
2783 5126 3150 5183 saecularium
3170 5125 3537 5199 voluptatum

1892 5220 2123 5278 carniet
2144 5217 2423 5291 sanguini
2450 5216 2808 5289 deditos,qui
2831 5233 3074 5289 regnum
3094 5216 3190 5272 Dei
3214 5233 3327 5272 non
3351 5214 3539 5288 possi-

1895 5312 2138 5366 debunt.
2166 5310 2349 5365 Totus
2380 5311 2574 5363 autem
2594 5305 2881 5362 istelocus
2902 5305 3205 5377 apostolici
3229 5304 3543 5373 sermonis,

1896 5400 1997 5456 ubi
2023 5400 2306 5470 scriptum
2323 5402 2431 5463 est,
2453 5397 2593 5452 Caro
2623 5398 2671 5451 et
2691 5396 3153 5466 .sanquisregnum
3182 5396 3401 5451 Deinon
3422 5410 3545 5467 pos-

1897 5490 2179 5556 sidebit,si
2196 5483 3157 5557 considereturdiligentius,magis
3173 5482 3549 5556 persuadebit

1901 5579 2331 5651 corruptionem
2364 5575 2555 5631 carnis
2577 5573 2728 5628 sicut
2750 5590 2903 5628 nunc
2915 5572 3124 5641 est,his
3145 5590 3279 5629 eum
3297 5574 3549 5629 vocabu-

1904 5668 1977 5726 lis
2009 5667 2303 5740 appellare
2326 5664 2781 5733 voluisse,atque
2793 5664 2864 5717 ad
2888 5664 3293 5735 exponendum
3315 5661 3455 5736 quid
3469 5660 3553 5717 di-

1968 5770 1985 5803 a
2010 5766 2348 5830 Antiquior-es
2378 5761 2605 5830 codices,
2653 5775 2721 5830 _ne
2749 5760 3098 5830 intelligamus
3128 5761 3306 5828 legem.

1972 5830 1994 5865 ι
2009 5823 2170 5889 Mss,
2188 5827 2293 5891 sed
2311 5825 2431 5891 quia
2459 5823 2591 5872 hunc
2618 5823 2943 5891 signﬁcabaf.

1972 5893 1994 5928 ³
2022 5886 2150 5942 Sola
2175 5886 2337 5940 editio
2370 5890 2514 5947 Lov.,
2544 5899 2647 5937 non
2656 5886 3006 5951 possidebunt.

3162 6007 3236 6068 21
