4094 6482
90 548 214 612 653

89 686 152 739 in
185 686 351 755 ﬁnem
379 684 457 756 (a)
479 685 551 757 (ΙΙ
584 684 703 741 Cor.
738 702 821 755 III,
857 685 964 758 13).
996 686 1156 741 Finis
1187 691 1383 742 autem
1411 685 1575 757 Legis
1612 684 1745 756 quis

88 774 214 829 est?
230 774 313 829 Ad
340 774 445 829 hoc
468 792 583 830 non
606 791 731 846 ego,
756 776 855 831 sed
880 775 1195 847 Apostolus
1216 776 1339 849 ipse
1364 776 1740 847 respondeat:

86 863 243 917 Finis
260 866 409 917 enim
432 865 610 932 Legis,
638 863 844 935 inquit,
886 865 1157 935 Christus,
1185 866 1255 920 ad
1270 867 1550 937 justitiam
1594 865 1746 919 omni

85 953 528 1021 credenti(Rom.
554 970 608 1023 x,
628 954 703 1022 4).
726 954 881 1009 Finis
896 954 1339 1026 perﬁciens,non
1365 954 1740 1012 interﬁciens.

87 1040 251 1097 Finis
272 1042 488 1114 quippe
509 1042 722 1097 dicitur
744 1049 979 1115 propter
999 1061 1175 1116 quem
1201 1044 1349 1098 ﬁunt
1372 1042 1568 1098 omnia
1585 1059 1742 1113 quaa-

87 1146 343 1202 cumque
370 1130 565 1202 aliquo
606 1132 752 1186 ﬁunt
784 1134 995 1188 ofﬁcio.
1032 1133 1174 1191 Nam
1201 1132 1353 1187 inter
1385 1131 1643 1187 ofﬁcium
1681 1133 1737 1185 et

83 1219 262 1275 ﬁnem
292 1218 401 1275 hoc
424 1221 623 1289 distat,
648 1222 803 1292 quod
827 1223 1084 1277 ofﬁcium
1103 1226 1191 1277 est
1214 1222 1270 1276 in
1286 1222 1370 1277 eis
1396 1238 1523 1293 quas
1550 1221 1733 1274 facere

82 1309 389 1378 debemus,
422 1310 557 1365 ﬁnis
590 1316 824 1382 propter
844 1328 1017 1383 quem
1052 1311 1319 1367 facimus.
1354 1309 1500 1374 Quia
1536 1309 1733 1381 itaque

78 1397 181 1453 illa
210 1399 407 1455 omnia
432 1404 668 1473 propter
697 1400 992 1456 Christum
1038 1401 1272 1471 ﬁebant,
1306 1416 1482 1472 quem
1506 1398 1621 1453 ﬁlii
1651 1402 1731 1454 ls-

79 1488 199 1543 rael
223 1488 282 1543 in
313 1488 397 1544 eis
430 1505 556 1561 quae
592 1490 809 1545 ﬁebant
852 1507 967 1546 non
1021 1489 1465 1563 intelligebant;
1500 1487 1607 1544 hoc
1650 1487 1729 1543 si-

78 1576 397 1650 gniﬁcabat
427 1578 712 1647 velamen,
746 1580 899 1651 quod
946 1596 1044 1635 eos
1076 1595 1263 1651 usque
1300 1578 1360 1633 in
1392 1578 1569 1633 ﬁnem
1613 1594 1728 1633 non

78 1666 311 1721 sinebat
353 1665 673 1735 intendere,
706 1667 763 1722 id
797 1671 903 1737 est,
936 1684 1118 1739 usque
1166 1669 1237 1724 ad
1290 1668 1491 1724 faciem
1525 1666 1727 1739 Moysi,

76 1772 207 1827 qua
254 1755 623 1827 signiﬁcabat
668 1755 982 1811 Christum.
1033 1758 1143 1811 Sed
1190 1757 1318 1812 ideo
1375 1754 1596 1811 dictum
1639 1759 1728 1810 est

75 1845 231 1915 quod
260 1850 571 1900 evacuetur
598 1844 719 1900 haec
748 1844 952 1917 gloria,
986 1846 1127 1917 quia
1156 1862 1359 1900 omnes
1392 1845 1610 1900 umbras
1642 1844 1727 1899 si-

72 1933 452 2005 gniﬁcantur,
493 1950 627 1989 cum
680 1950 770 1989 res
821 1950 949 2004 quas
995 1933 1361 2005 signiﬁcatur
1406 1932 1721 1989 advenerit.

71 2022 577 2087 Quemadmodum
608 2023 763 2078 enim
790 2022 1011 2078 scentia
1027 2040 1156 2095 quas
1190 2039 1341 2078 nunc
1371 2028 1478 2089 est,
1499 2039 1725 2078 evacua-

75 2112 247 2181 bilur,
279 2112 431 2167 sicut
462 2112 611 2167 idem
653 2112 795 2167 dicit
825 2112 1146 2184 apostolus,
1182 2128 1315 2168 cum
1363 2113 1584 2167 venerit
1623 2110 1725 2167 illa

70 2218 249 2273 quam
281 2201 442 2268 dicit,
473 2202 619 2273 facie
648 2201 718 2256 ad
746 2203 977 2271 faciem1
1002 2203 1076 2272 (ΙΙ
1104 2202 1465 2268 Cor.x111,10,
1485 2202 1574 2269 12)
1600 2218 1611 2256 :
1638 2200 1721 2257 sic

68 2290 394 2363 etistaquaa
420 2290 479 2345 in
509 2290 759 2345 umbris’
778 2292 991 2346 tradita
1015 2296 1180 2347 erant
1198 2290 1412 2346 Iudaeis
1434 2290 1490 2345 in
1514 2289 1722 2345 Vetere

69 2380 467 2448 Testamento,
501 2395 739 2436 necesse
771 2380 879 2435 fuit
909 2380 1175 2437 evacuari
1208 2378 1554 2436 revelatione
1582 2379 1720 2436 Tes-

68 2469 315 2525 tamenti
348 2469 515 2524 Novi.

135 2559 226 2613 27.
242 2558 356 2613 Nec
369 2574 507 2613 sane
522 2574 725 2614 omnes
746 2557 804 2612 in
824 2556 920 2613 illo
938 2557 1150 2629 p0pulo
1177 2575 1289 2613 non
1316 2556 1722 2630 intelligebant

68 2647 371 2703 Christum
394 2647 644 2720 perillas
670 2650 907 2703 umbras
942 2648 1300 2703 Testamenti
1328 2646 1544 2704 Veteris
1568 2646 1719 2719 ﬁgu-

68 2743 299 2793 ratum:
331 2754 518 2809 neque
547 2738 703 2793 enim
739 2738 860 2792 haec
892 2737 1015 2809 ipse
1046 2737 1273 2809 Moyses
1297 2740 1355 2792 et
1375 2736 1562 2793 caeteri
1586 2740 1719 2791 Pro-

65 2827 257 2899 phetae
280 2844 394 2883 non
422 2826 840 2899 intelligebaut,
876 2826 975 2898 qui
1007 2843 1139 2882 eum
1167 2825 1415 2897 posteris
1447 2842 1718 2897 praanun-

63 2917 310 2973 tiabant.
332 2916 479 2972 Nam
506 2916 563 2971 in
586 2917 715 2988 ipsa
740 2915 995 2988 Epistula
1011 2916 1083 2971 ad
1108 2914 1454 2984 Corinthios,
1478 2914 1576 2970 ubi
1600 2914 1718 2970 hinc

62 3007 360 3075 dicuntur,
386 3023 513 3078 quae
539 3006 647 3061 iste
681 3023 794 3061 non
819 3005 1155 3078 intelligens
1196 3005 1391 3077 posuit
1434 3009 1717 3075 tanquam

60 3098 303 3153 adversa
324 3101 381 3152 et
400 3096 639 3152 inimica
690 3097 879 3152 Veteri
894 3098 1284 3163 Testamento,
1300 3112 1403 3150 cur
1423 3095 1585 3163 dicit,
1605 3099 1718 3149 Ha-

62 3186 240 3242 bentes
278 3190 461 3241 autem
496 3186 747 3241 eumdem
782 3186 1041 3257 spiritum
1082 3184 1229 3254 ﬁdei,
1264 3183 1560 3239 secundum
1578 3182 1718 3254 quod

59 3278 327 3347 scriptum
346 3284 423 3331 est
443 3275 683 3345 credidi,
726 3278 954 3347 propter
988 3274 1132 3345 quod
1179 3277 1229 3329 et
1262 3275 1472 3329 locutus
1493 3290 1614 3327 sum
1632 3275 1719 3328 :et

62 3365 462 3435 noscredimus,
487 3363 1432 3438 propterquodetloquimur(IICor.
1468 3379 1543 3429 ιν,
1580 3362 1668 3431 l3)
1688 3361 1717 3417 ‘l

65 3456 165 3511 Ubi
188 3455 349 3511 enim
367 3454 652 3526 scriptum
676 3453 1263 3525 est,Credidi,proptcr
1277 3452 1417 3525 quod
1437 3456 1489 3508 et
1502 3452 1717 3513 locutus

64 3560 180 3600 sum
197 3545 370 3616 (Psal.
394 3544 653 3616 cxv,19)?
674 3543 883 3615 Utique
906 3543 965 3597 in
989 3541 1237 3598 Psalmis
1259 3542 1329 3597 ad
1355 3540 1455 3596 illa
1477 3541 1575 3596 Dei
1599 3539 1715 3597 elo-

66 3634 203 3706 quia
252 3634 709 3707 pertinentibus,
744 3649 872 3705 quas
893 3632 1111 3687 credita
1133 3636 1273 3688 sunt
1294 3630 1530 3686 Iudaeis.
1546 3632 1717 3685 Eum-

66 3722 203 3791 dem,
238 3724 457 3795 inquit,
482 3724 744 3794 spiritum
781 3720 1384 3793 ﬁdeihabentes:quid
1427 3724 1533 3784 est,
1565 3736 1717 3775 eum-

67 3819 204 3884 dem,
240 3813 355 3869 nisi
390 3830 561 3885 quem
599 3812 890 3867 habebant
944 3811 1117 3866 etiam
1153 3809 1236 3864 illi
1272 3825 1374 3880 per
1412 3825 1558 3880 quos
1601 3809 1717 3864 hac

70 3902 400 3958 ministrata
412 3901 577 3957 sunt?
597 3905 709 3955 Cur
722 3901 896 3956 etiam
913 3899 970 3954 in
986 3900 1189 3955 eadem
1209 3897 1467 3970 Epistola
1484 3898 1553 3953 de
1569 3898 1718 3971 Lege

66 3990 468 4047 testimonium
538 3990 750 4061 posuit,
803 4005 937 4044 cum
987 3988 1386 4060 praemisisset,
1432 3988 1494 4043 Ut
1537 3991 1719 4043 vestra

64 4080 414 4136 abundantia
438 4080 513 4135 sit
541 4080 611 4133 ad
638 4079 860 4133 illorum
908 4077 1175 4148 inopiam,
1194 4080 1247 4132 et
1278 4077 1507 4131 illorum
1536 4076 1718 4130 abun-

66 4169 249 4225 dantia
277 4171 379 4241 ﬁat
410 4171 469 4224 in
498 4174 741 4223 vestram
772 4168 1040 4239 inopiam,
1064 4172 1123 4221 ut
1151 4166 1247 4235 ﬁat
1267 4166 1599 4236 aequalitas,-
1622 4182 1719 4221 su-

70 4258 365 4332 bjungens
390 4263 446 4313 et
476 4257 695 4323 dicens,
735 4258 871 4311 sicut
902 4258 1169 4327 scriptum
1189 4259 1290 4321 est,
1322 4255 1430 4323 Qui
1458 4256 1715 4323 multum,

70 4366 173 4403 non
202 4348 547 4413 abundavit;
581 4350 630 4402 et
648 4348 743 4419 qui
760 4346 1059 4409 modicum,
1082 4360 1189 4399 non
1201 4343 1368 4413 defuit
1386 4343 1560 4414 illi(lI
1586 4345 1712 4399 Cor.

73 4453 185 4507 vm,
210 4439 296 4506 14,
350 4437 470 4507 t5)?
507 4436 621 4492 Cur
668 4436 751 4491 eis
782 4434 1061 4506 importat
1093 4432 1259 4505 Legis
1291 4432 1715 4503 auctoritatem,

75 4543 245 4598 quam
277 4527 422 4583 dicit
452 4525 632 4581 fuisse
663 4523 1153 4581 ministrationem
1174 4522 1400 4587 mortis,
1426 4521 1474 4577 si
1501 4537 1566 4578 eo
1597 4538 1718 4578 mo-

76 4616 143 4671 do
173 4616 475 4681 intellexit,
508 4615 800 4687 quomodo
833 4614 947 4669 ista
976 4612 1160 4685 pestis
1188 4609 1507 4682 intelligit?

138 4708 225 4763 28.
247 4712 439 4779 Atque
460 4710 524 4761 ut
543 4722 744 4761 omnes
770 4708 1111 4760 auferantur
1139 4701 1439 4773 ambages,
1460 4716 1717 4772 quonam

75 4799 235 4855 modo
253 4804 308 4855 et
328 4800 441 4854 Lex
473 4797 824 4853 ministratio
848 4797 1053 4853 mortis
1077 4799 1230 4851 recte
1254 4794 1409 4849 dicta
1431 4793 1528 4861 sit,
1560 4797 1617 4848 et
1631 4797 1717 4848 ta-

75 4901 200 4939 men
221 4891 427 4943 sancta
446 4891 498 4943 et
513 4887 680 4958 justa
702 4891 759 4940 et
778 4885 930 4941 bona
945 4883 1193 4953 sit,illud
1218 4882 1545 4939 reoolamus
1564 4882 1718 4954 quod

77 4973 131 5028 in
154 4975 408 5047 Epistola
428 4977 684 5048 positum
716 4979 805 5031 est
835 4974 907 5030 ad
938 4975 1249 5029 Romanos.
1276 4974 1421 5029 Cum
1453 4971 1609 5027 enim
1633 4970 1719 5026 di-

79 5062 283 5121 xisset:
309 5070 397 5122 [ta
425 5068 484 5121 ut
503 5065 807 5121 serviamus
836 5066 897 5119 in
917 5065 1157 5120 novitate
1178 5063 1429 5135 spiritus,
1452 5064 1503 5116 et
1521 5076 1627 5116 non
1661 5062 1721 5116 in

84 5156 700 5225 vestutatelitterae;quze
720 5153 1007 5210 sententia
1020 5151 1323 5208 simillima
1335 5149 1519 5206 estilli
1543 5166 1721 5221 quam

88 5240 187 5298 iste
210 5261 323 5300 non
356 5243 693 5317 intelligens
724 5242 959 5315 posuit:
985 5242 1263 5298 continuo
1298 5239 1591 5311 prospexit
1643 5238 1722 5294 is-

90 5333 171 5387 tos
200 5334 431 5390 futuros
450 5334 724 5389 verbosos
746 5337 921 5404 atque
942 5331 1333 5403 blasphemos,
1351 5328 1448 5401 qui
1463 5326 1723 5400 putaturi

90 5429 276 5478 essent
296 5440 365 5478 ex
393 5421 503 5478 hoc
536 5422 744 5494 Legem
782 5422 963 5477 fuisse
997 5419 1442 5492 reprehensam;
1476 5431 1725 5487 moxque

92 5511 426 5581 subjunxit:
460 5511 604 5581 Quid
650 5527 775 5583 ergo
822 5510 1092 5567 dicemus”
1143 5510 1253 5564 Lex
1292 5514 1581 5580 peccatum
1604 5507 1727 5561 est?

91 5598 263 5657 Absit:
284 5603 378 5658 sed
401 5611 683 5676 peccatum
710 5617 817 5657 non
849 5601 1074 5671 cognovi
1095 5600 1203 5655 nisi
1230 5615 1329 5671 per
1350 5598 1560 5668 Legem.
1584 5600 1727 5653 Nam

149 5768 164 5800 ¹
200 5769 411 5833 Aliquot
439 5772 584 5826 Mss.,
616 5770 803 5831 faciem
832 5767 905 5817 ad
921 5766 1107 5829 faciem
1126 5779 1147 5829 ;
1160 5765 1317 5830 juxta
1334 5777 1590 5829 graecum,
1607 5777 1728 5829 pro-

100 5827 684 5926 ’δξοιζτηιὶἰῖειξῖξεδένένξε

195 5894 371 5945 Plures
400 5898 541 5955 Mam,
566 5893 622 5945 in
650 5893 835 5945 verbis.

154 5952 177 6019 ξ
200 5956 258 6005 In
287 5959 429 6019 Mss.,
459 5952 692 6009 dicimus.

154 6016 231 6081 (α)
258 6016 455 6083 Graece,
484 6022 556 6074 eis
584 6023 634 6073 to
662 6016 804 6073 telas.

1446 553 1674 614 LIBER
1721 550 2157 616 SECUNDUS.

3384 569 3504 633 654

1853 689 2348 758 concupiscentiam
2374 690 2699 761 nesciebam,
2724 696 2836 750 nisi
2867 700 2981 752 Lex
2998 697 3218 767 diceret,
3245 703 3362 757 Non
3384 720 3508 759 con-

1852 777 2107 845 cupisces.
2120 777 2409 835 Occasione
2427 790 2608 836 autem
2630 794 2841 855 accepta
2853 797 3134 856 peccatum
3150 805 3251 861 per
3269 792 3502 848 manda-

1854 867 1968 918 tum
1989 870 2261 935 oper-atem
2280 873 2354 923 est
2386 871 2443 923 in
2466 886 2550 925 me
2577 887 2788 928 omnem
2812 879 3331 947 concupiscentium.
3365 882 3498 938 Sine

1853 954 1987 1023 Lege
2013 956 2157 1010 enim
2171 967 2451 1026 peccatum
2482 970 2758 1017 mortuum
2778 968 2871 1019 est.
2898 965 3009 1033 Ego
3029 971 3211 1023 autem
3248 970 3505 1028 vivebam

1853 1042 2151 1113 aliquando
2180 1062 2299 1101 sine
2319 1048 2459 1116 Lege
2481 1068 2497 1102 :
2520 1049 2843 1105 adveniente
2864 1062 3045 1108 autem
3064 1055 3349 1124 mandato,
3372 1075 3498 1129 pec-

1844 1135 2023 1187 catum
2059 1137 2284 1190 revixit.
2312 1136 2417 1207 Ego
2463 1148 2647 1194 autem
2697 1145 2942 1196 mortuus
2963 1159 3105 1215 sum,
3137 1153 3191 1199 et
3210 1146 3496 1204 inventum

1848 1222 2081 1278 estmihi
2100 1224 2419 1281 mandatum
2441 1229 2581 1298 quod
2596 1233 2714 1283 erat
2738 1232 2796 1284 in
2812 1232 3003 1300 vitam,
3023 1230 3119 1287 hoc
3138 1249 3252 1289 esse
3270 1236 3330 1288 in
3348 1251 3494 1292 mor-

1841 1317 1967 1364 tem.
2003 1312 2297 1369 Peccatum
2319 1317 2466 1371 enim
2488 1320 2768 1374 occasione
2790 1329 3007 1391 accepta
3034 1337 3133 1392 per
3156 1324 3491 1380 mandatum

1836 1397 2046 1471 fefellit
2061 1418 2169 1467 me,
2193 1405 2243 1457 et
2268 1420 2367 1474 per
2386 1406 2527 1460 illud
2546 1407 2758 1463 occidit.
2774 1412 2967 1480 Itaque
2981 1410 3093 1466 Lex
3106 1412 3328 1483 quidem
3338 1428 3491 1469 sanc-

1836 1489 1914 1552 ta,
1944 1492 1995 1543 et
2022 1492 2344 1548 mandatum
2392 1500 2643 1550 sanctum
2673 1506 2722 1551 et
2731 1498 2946 1568 justum
2980 1504 3031 1554 et
3079 1500 3301 1556 bonum.
3336 1503 3489 1571 Quod

1835 1591 1963 1646 ergo
1995 1577 2193 1634 bonum
2223 1590 2322 1649 est,
2342 1584 2491 1639 mihi
2508 1587 2717 1655 factum
2735 1594 2811 1641 est
2836 1602 2980 1643 mors
2996 1591 3022 1640 .9
3044 1588 3230 1644 Absit:
3251 1590 3343 1645 sed
3358 1606 3489 1661 pec-

1834 1673 2023 1720 catum
2043 1672 2099 1722 ut
2121 1676 2381 1741 appareat
2400 1682 2681 1743 peccatum
2695 1691 2795 1746 per
2826 1676 3023 1731 bonum
3043 1676 3191 1732 mihi
3203 1682 3489 1749 operatum

1833 1762 1917 1809 est
1934 1762 2160 1812 mortem
2180 1760 2195 1827 (
2207 1760 2467 1827 Rom.vn,
2498 1763 2677 1831 6-13).
2706 1764 2849 1820 Ecce
2884 1765 3020 1834 quid
3045 1771 3133 1822 est
3153 1768 3488 1824 ministratio

1832 1847 2057 1907 mortis;
2088 1863 2219 1903 ecce
2252 1848 2392 1919 quid
2424 1854 2537 1917 est,
2565 1852 2769 1907 Littera
2788 1854 2991 1910 occidit
3024 1854 3093 1926 (II
3118 1856 3238 1912 Cor.
3274 1874 3356 1927 III,
3382 1857 3439 1929 6)
3467 1874 3488 1913 :

1832 1948 1963 1989 ecce
1996 1937 2498 2007 quemadmodum
2530 1940 2637 1996 Lex
2665 1957 2773 1997 non
2792 1945 2869 1998 est
2886 1947 3199 2013 peccatum;
3231 1948 3306 2015 et,
3328 1962 3487 2000 man-

1830 2021 2021 2078 datum
2047 2026 2255 2080 eratin
2284 2027 2455 2082 vitam
2474 2045 2495 2089 ;
2544 2033 2619 2097 et,
2675 2030 2764 2085 lex
2818 2040 3026 2099 sancta,
3057 2036 3109 2087 et
3165 2033 3491 2090 mandatum

1829 2116 2079 2168 sanctum
2108 2118 2164 2169 et
2183 2115 2398 2186 justum
2426 2120 2479 2172 et
2503 2118 2702 2173 bonum
2730 2137 2749 2175 :
2779 2124 2836 2175 et
2869 2127 3055 2177 tamen
3090 2121 3229 2193 quia
3255 2122 3326 2178 de
3359 2122 3487 2195 ipso

1829 2200 1981 2257 bono
2013 2202 2363 2261 interﬁcitur
2395 2206 2738 2263 inobediens
2791 2208 3008 2280 anima,
3054 2210 3153 2265 ubi
3213 2211 3310 2266 Dei
3368 2228 3485 2268 non

1831 2289 2069 2361 adjuvat
2099 2294 2309 2364 gratia,
2342 2296 2701 2352 ministratio
2734 2297 2943 2354 mortis
2972 2299 3125 2354 facta
3162 2304 3253 2355 est
3282 2305 3391 2356 Lex
3422 2300 3481 2357 in

1828 2377 2019 2435 Veteri
2051 2381 2427 2439 Testamento
2454 2390 2688 2456 propter
2718 2386 3077 2443 occidentem
3112 2386 3391 2457 litteram;
3426 2395 3483 2447 et

1828 2468 2181 2527 ministratio
2202 2471 2331 2527 vitae
2368 2473 2515 2528 facta
2538 2480 2627 2530 est
2643 2474 2831 2547 gratia
2853 2476 2911 2530 in
2932 2492 3079 2531 novo
3100 2478 3480 2534 Testamento

1827 2562 2065 2629 propter
2091 2559 2475 2617 viviﬁcantem
2502 2563 2799 2634 spiritum.
2827 2565 2989 2631 Quod
3022 2569 3111 2620 est
3141 2570 3353 2635 autem,
3374 2568 3483 2623 mi-

1825 2647 2081 2703 nistratio
2109 2651 2299 2705 mortis
2329 2658 2381 2706 et
2408 2653 2743 2707 ministratio
2774 2652 3181 2723 damnationis;
3214 2655 3323 2711 hoc
3368 2660 3480 2725 est,

1830 2739 2127 2794 Occasione
2154 2744 2380 2807 accepta
2406 2749 2689 2813 peccatum
2717 2757 2817 2813 per
2845 2742 3172 2798 mandatum
3205 2753 3485 2816 operatum

1825 2834 1901 2882 est
1928 2827 1988 2881 in
2016 2843 2100 2883 me
2124 2843 2339 2883 omnem
2354 2833 2873 2901 concupiscentiam;
2900 2831 3007 2887 hoc
3030 2836 3139 2899 est,
3155 2833 3483 2890 Adveniente

1825 2919 2081 2972 mandato
2106 2922 2383 2988 peccatum
2404 2922 2634 2987 revixit;
2666 2919 2775 2976 hoc
2798 2924 2907 2989 est,
2927 2925 3220 2977 Inventum
3240 2927 3319 2977 est
3338 2923 3483 2978 mihi

1825 3006 2150 3063 mandatum
2179 3009 2320 3079 quod
2340 3013 2457 3065 erat
2486 3013 2545 3065 in
2562 3014 2747 3073 vitam.
2772 3012 2869 3066 hoc
2887 3028 3000 3067 esse
3023 3014 3083 3067 in
3102 3016 3353 3075 mortem;
3371 3015 3480 3069 hoc

1827 3100 1933 3165 est,
1969 3096 2256 3153 Occasione
2284 3103 2507 3167 accepta
2535 3109 2815 3170 peccatum
2841 3117 2940 3171 per
2958 3101 3284 3157 mandatum
3312 3102 3477 3175 fefel-

1827 3184 1891 3239 lit
1921 3202 2022 3252 me,
2055 3195 2106 3241 et
2134 3203 2231 3258 per
2262 3188 2402 3243 illud
2428 3190 2664 3254 occidit;
2694 3189 2801 3245 hoc
2834 3196 2940 3257 est,
2980 3191 3090 3245 Lex
3120 3192 3458 3247 subintravit

1824 3279 1887 3329 ut
1906 3275 2211 3332 abundaret
2234 3277 2486 3333 dilictum
2508 3280 2678 3349 (Rom.
2702 3295 2757 3347 v,
2788 3279 2904 3350 20);
2928 3278 3036 3335 hoc
3067 3284 3179 3346 est,
3206 3280 3313 3336 Lex
3332 3281 3477 3337 iram

1824 3373 2084 3435 operatur
2106 3365 2205 3433 (Id.
2239 3383 2314 3431 1v,
2348 3368 2437 3435 15)
2449 3386 2471 3432 ;
2508 3367 2618 3423 hoc
2649 3372 2759 3437 est,
2799 3369 2983 3424 Virtus
3027 3371 3239 3439 peccati
3283 3372 3397 3425 Lex
3431 3369 3480 3442 (Ι

1827 3452 1946 3508 Cor.
1978 3471 2069 3522 xx,
2102 3453 2213 3523 56).
2245 3454 2560 3511 Prohibitio
2602 3456 2756 3512 enim
2789 3457 3008 3528 peccati
3041 3459 3197 3528 quod
3230 3462 3318 3513 est
3351 3460 3479 3524 Lex,

1825 3547 2001 3615 auget
2031 3545 2286 3614 profecto
2308 3544 2659 3601 desiderium
2686 3546 2966 3617 peccandi
2993 3546 3181 3617 :quod
3205 3563 3320 3602 non
3346 3563 3479 3603 exs-

1824 3630 2130 3704 tinguitur,
2164 3632 2277 3688 nisi
2320 3635 2607 3691 conlrario
2654 3634 2943 3690 desiderio
2991 3638 3147 3691 recte
3204 3636 3477 3706 faciendi,

1826 3720 1923 3775 ubi
1945 3720 2073 3791 ﬁdes
2091 3737 2189 3793 per
2216 3721 2564 3777 dilectionem
2603 3728 2866 3794 operatur
2896 3723 3096 3794 (Galat.
3128 3742 3184 3789 v,
3226 3724 3306 3795 6).
3358 3728 3479 3782 Hoc

1825 3817 2017 3865 autem
2049 3827 2163 3866 non
2204 3816 2439 3883 praestat
2482 3811 2674 3868 littera
2699 3813 2935 3883 jubens,
2971 3813 3069 3868 sed
3110 3812 3355 3884 spiritus
3379 3813 3477 3882 ju-

1823 3915 1966 3955 vans
2001 3915 2014 3954 :
2050 3916 2165 3954 non
2198 3900 2311 3955 Lex
2341 3916 2497 3972 ergo,
2532 3902 2631 3956 sed
2662 3900 3011 3973 gratia;non
3062 3900 3244 3957 Vetus
3272 3902 3477 3957 Testa-

1826 3992 2086 4044 mentum
2122 3991 2181 4044 in
2209 3990 2527 4045 servitutem
2571 4006 2856 4059 generum,
2890 3990 3033 4062 quod
3057 4000 3139 4045 est
3178 3991 3341 4061 Agar,
3375 3991 3477 4046 sed

1825 4079 2046 4133 Novum
2092 4078 2149 4132 in
2207 4095 2321 4150 quo
2355 4095 2468 4134 non
2513 4083 2652 4135 sunt
2681 4080 2905 4135 ancillae
2937 4080 3069 4149 ﬁlii,
3115 4079 3209 4135 sed
3260 4079 3477 4147 liberae,

1824 4183 1934 4238 qua
1964 4167 2215 4223 libertate
2242 4168 2491 4224 Christus
2520 4184 2619 4224 nos
2666 4168 2918 4223 liberavit
2960 4166 3058 4238 (Id.
3094 4184 3173 4234 1v,
3222 4168 3311 4235 24,
3358 4168 3472 4239 31).

1826 4260 1893 4311 Et
1922 4260 2117 4311 tamen
2141 4256 2255 4312 Lex
2288 4262 2491 4314 sancta
2521 4261 2629 4325 est,
2658 4261 2715 4312 et
2745 4256 3081 4311 mandatum
3110 4261 3381 4311 sanctum
3414 4260 3473 4311 et

1817 4345 2051 4417 justum
2081 4351 2139 4401 et
2169 4346 2408 4403 bonum.
2442 4350 2551 4401 Per
2594 4346 2702 4400 hoc
2734 4346 3077 4401 mandatum
3112 4349 3381 4400 sanctum
3412 4347 3472 4400 et

1827 4436 2047 4503 iustum
2077 4438 2133 4491 et
2157 4435 2395 4505 bonum,
2430 4434 2487 4489 in
2520 4433 2612 4489 his
2642 4434 2741 4505 qui
2774 4450 2891 4489 non
2942 4433 3159 4489 habent
3197 4433 3473 4505 spiritum

1827 4523 2038 4578 Christi
2057 4527 2331 4595 operatur
2349 4527 2646 4595 peccatum
2666 4538 2900 4578 omnem
2911 4521 3475 4595 concupiscentiam.

1828 4612 2065 4680 Qualem
2098 4629 2160 4668 se
2192 4612 2371 4668 fuisse
2400 4610 2459 4667 in
2490 4611 2690 4667 Vetere
2727 4611 3097 4667 Testamento
3128 4611 3304 4667 etiam
3351 4610 3477 4683 ipse

1827 4700 2142 4773 Apostolus
2171 4701 2505 4767 ostendens,
2529 4700 2849 4768 Occasione,
2882 4700 3087 4771 inquit,
3118 4710 3339 4772 accepta
3357 4716 3476 4772 pec-

1827 4799 2010 4845 catum
2045 4806 2145 4862 per
2181 4790 2503 4845 mandatum
2556 4794 2844 4861 operatum
2897 4799 2975 4845 est
3022 4791 3083 4845 in
3130 4806 3215 4845 me
3258 4805 3475 4847 omnem

1827 4882 2341 4952 concupiscentiam.
2364 4879 2467 4935 Per
2488 4879 2641 4951 quod
2666 4879 3028 4946 mandatum,
3055 4878 3167 4934 nisi
3197 4880 3351 4950 quod
3370 4878 3470 4949 ait,

1831 4969 2333 5040 Concupiscentiam
2397 4968 2723 5035 nesciebam,
2772 4968 2887 5023 nisi
2938 4968 3049 5023 Lex
3094 4967 3314 5035 diceret,
3355 4968 3474 5023 Non

1828 5061 2174 5131 concupisces
2188 5061 2213 5111 .9
2233 5057 2528 5129 Numquid
2547 5056 2766 5112 malum
2788 5061 3007 5112 estnon
3031 5054 3474 5129 concupiscam?

1832 5149 1951 5204 Imo
1982 5147 2233 5205 maxime
2254 5147 2517 5203 bonum‘.
2551 5147 2708 5203 Bona
2737 5149 2826 5201 est
2870 5161 3005 5219 ergo
3038 5146 3152 5202 Lex
3190 5161 3317 5216 quas
3363 5144 3476 5201 hoc

1833 5240 2011 5296 dicit:
2042 5240 2145 5295 sed
2176 5238 2276 5295 ubi
2334 5255 2450 5294 non
2495 5238 2663 5294 adest
2704 5236 3006 5291 viviﬁcans
3050 5234 3316 5308 spiritus,
3358 5234 3477 5291 hac

1831 5328 1961 5402 ipsa
1994 5330 2107 5385 Lex
2151 5346 2277 5402 quas
2300 5329 2517 5384 bonum
2568 5326 2759 5393 dicit”,
2805 5324 3050 5380 occidit:
3077 5324 3214 5396 quia
3256 5322 3478 5398 peccati

1831 5420 2018 5475 virtus
2040 5423 2147 5489 est,
2181 5435 2315 5473 cum
2348 5434 2449 5489 per
2477 5415 2637 5471 illam
2660 5418 2932 5487 operatur
2948 5429 3183 5470 omnem
3208 5412 3477 5485 concupi-

1833 5511 2138 5579 scentiam,
2191 5505 2612 5563 inflammando
2663 5502 3050 5577 prohibitione
3070 5502 3114 5572 8;
3162 5506 3317 5575 quod
3360 5518 3477 5560 non

1834 5596 2197 5670 extinguitur
2221 5612 2323 5668 per
2343 5595 2648 5666 jubentem
2668 5591 2919 5647 litteram
2941 5592 3150 5648 timore
3168 5591 3478 5664 poanm,sed

1837 5702 1935 5758 per
1955 5688 2260 5757 juvantem
2291 5683 2567 5757 spiritum
2598 5680 3189 5752 dilectionejustitias.
3216 5682 3346 5737 Ideo
3377 5680 3477 5751 ait,

1838 5779 2122 5833 Peccatum
2140 5785 2201 5830 ut
2223 5781 2483 5847 appareat
2506 5774 2807 5845 peccatum,
2834 5786 2936 5843 per
2961 5770 3161 5827 bonum
3187 5771 3329 5827 mihi
3357 5786 3483 5843 ope-

1898 5886 1917 5922 ι
1950 5882 2192 5933 Meliores
2214 5882 2355 5937 Mas.,
2387 5880 2655 5929 maximun
2675 5878 2879 5928 bonum.

1899 5948 1921 5982 ²
1947 5946 2031 5995 Sic
2064 5945 2332 6007 Am.,Msa.
2363 5944 2543 6007 AtAEr.
2574 5944 2806 6007 e_t__Lov.,
2833 5954 2985 6007 qua_m
3009 5938 3198 6007 bonum
3228 5938 3371 6007 dicitt

1900 6008 1923 6045 ³
1939 6008 2094 6069 Editi,
2108 6004 2481 6071 inﬂammando
2493 6000 3253 6071 prohibitionemmtigantur
3277 6014 3338 6051 ex
3359 6000 3482 6055 MOI.
