4094 6518
562 449 679 507 655

560 584 745 634 ratum
765 586 1096 634 estnwrtem.
1114 580 1233 634 Non
1258 579 1411 635 enim
1438 580 1535 643 ait,
1561 580 1667 634 Per
1689 578 1927 646 malum;
1947 578 2069 644 sed,
2099 592 2203 647 per

563 668 778 724 bonum.
800 669 899 723 llic
920 668 1213 741 evigilent,
1253 669 1300 723 si
1325 673 1591 740 possunt,
1624 668 1720 739 qui
1748 668 1953 739 Legem
1990 666 2087 721 Dei
2115 668 2199 720 at-

560 773 673 829 que
704 758 831 828 ejus
864 757 1195 813 ministrum
1226 759 1457 830 Moysen
1499 775 1647 813 casco
1686 763 1742 812 et
1782 757 1999 811 furioso
2030 755 2201 811 corde

558 845 1015 917 reprehendunt.
1040 846 1173 901 Ideo
1204 846 1419 918 quippe
1440 851 1528 902 est
1573 845 1925 901 ministratio
1972 843 2196 907 mortis,

556 934 695 1006 quia
726 940 1026 1008 peccatum
1054 952 1155 1007 per
1184 935 1403 991 bonum
1442 942 1742 1007 cperalum
1783 940 1869 989 est
1902 938 2145 989 mortem
2181 948 2194 1001 ;

554 1022 684 1080 ideo
707 1028 797 1081 est
814 1024 1163 1080 ministratio
1181 1024 1746 1095 damnationis,quia
1771 1027 2073 1096 peccatum
2099 1038 2202 1096 per

554 1113 774 1169 bonum
809 1118 1111 1187 operatum
1142 1117 1231 1170 est
1262 1113 1721 1169 damnationem.

623 1222 714 1276 29.
744 1222 872 1278 Non
895 1225 1089 1278 autem
1120 1237 1323 1277 omnes
1346 1221 1445 1293 qui
1468 1220 1781 1278 Christiani
1804 1218 2196 1295 appellantur,

553 1313 626 1367 ad
648 1312 942 1369 Christum
982 1314 1324 1367 transeunt:
1351 1310 1451 1365 sed
1490 1310 1705 1381 quibus
1743 1310 2007 1366 aufertur
2042 1310 2195 1367 vela-

553 1416 709 1473 men,
736 1402 889 1473 quod
940 1400 998 1455 in
1039 1399 1283 1455 lectione
1319 1398 1544 1456 Veteris
1585 1399 1940 1455 Testamenti
1974 1404 2192 1456 manet.

553 1490 659 1557 Qui
697 1490 853 1546 enim
884 1492 1023 1545 sunt
1059 1488 1119 1543 In
1152 1488 1349 1545 Vetere
1394 1488 1792 1555 Testamento,
1842 1488 2195 1560 impediente

547 1578 836 1636 velamine
872 1594 976 1635 nec
1006 1578 1186 1634 Vetus
1226 1576 1582 1649 intelligunt,
1616 1592 1720 1632 nec
1752 1577 1977 1633 Novum
2026 1594 2039 1633 :
2091 1577 2191 1649 qui

547 1672 742 1723 autem
790 1671 1100 1723 transeunt
1146 1666 1215 1721 ad
1266 1665 1588 1731 Christum,
1636 1669 1858 1720 remoto
1905 1664 2191 1721 velamine

545 1773 648 1829 per
676 1757 924 1824 Novum,
953 1754 1289 1828 intelligunt
1319 1760 1377 1811 et
1402 1754 1583 1810 Vetus
1622 1759 1679 1810 et
1709 1755 1929 1811 Novum
1963 1757 2040 1827 (II
2067 1755 2184 1811 Cor.

542 1864 626 1913 ιιι,
651 1847 851 1917 14ο16).
879 1845 1114 1901 Utinam
1146 1850 1203 1901 et
1243 1844 1339 1900 isti
1371 1844 1505 1899 caeci
1551 1849 1983 1917 oppugnatores
2019 1846 2188 1917 Legis

543 1940 600 1991 et
626 1935 1072 2007 Prophetarum,
1108 1933 1190 1989 sic
1219 1938 1519 1989 transeant
1548 1934 1620 1989 ad
1646 1933 1963 2000 Christum,
1983 1938 2047 1989 ut
2071 1951 2185 1990 non

541 2025 661 2079 sint
685 2024 745 2079 in
776 2024 934 2080 eisin
969 2022 1185 2095 quibus
1220 2022 1547 2078 obvelatum
1578 2026 1668 2078 est
1702 2022 1898 2093 ipsum
1930 2024 2187 2095 Evange-

538 2112 706 2168 lium.
742 2113 805 2169 In
838 2113 927 2167 his
959 2111 1116 2167 enim
1160 2111 1255 2182 qui
1292 2115 1555 2184 pereunt,
1588 2128 1715 2167 esse
1740 2110 2070 2167 obvelatum
2104 2111 2186 2169 ait

538 2202 869 2273 Apostolus,
903 2206 969 2257 In
1023 2203 1224 2274 quibus
1261 2202 1399 2256 Deus
1436 2199 1635 2258 saeculi
1682 2201 1845 2273 hujus
1894 2204 2183 2258 excaecauit

537 2297 741 2347 mentes
784 2291 1110 2361 inﬁdelium,
1142 2299 1204 2346 ut
1231 2306 1341 2345 non
1381 2292 1593 2361 fulgeat
1624 2289 1967 2345 illuminalio
1998 2297 2180 2348 Evan-

533 2382 667 2449 gelii
684 2381 875 2450 gloriz
896 2380 1117 2444 Christi,
1150 2381 1248 2450 qui
1288 2388 1363 2434 est
1387 2381 1565 2450 imago
1597 2380 1694 2435 Dei
1724 2379 1822 2450 (Id.
1858 2397 1933 2449 1v,
1958 2381 2032 2451 4).
2070 2381 2177 2437 Ubi

533 2468 713 2525 miser
737 2470 844 2526 iste
879 2474 1055 2525 Deum
1089 2466 1282 2523 saeculi
1307 2468 1485 2539 hujus
1506 2468 1894 2541 vultintelligi
1920 2469 2172 2527 malum:

530 2562 807 2629 tanquam
842 2557 924 2613 illi
958 2558 1222 2614 servierit
1250 2557 1478 2629 Moyses
1510 2558 1569 2612 in
1599 2556 1805 2613 Vetere
1834 2557 2173 2614 Testamen-

527 2651 606 2715 to,
633 2647 801 2719 quasi
833 2647 941 2702 hoc
970 2646 1280 2717 Apostolus
1324 2646 1554 2701 dixerit.
1587 2645 1695 2701 Ubi
1727 2644 1776 2701 si
1807 2663 2043 2703 necesse
2082 2664 2171 2704 es-

526 2741 614 2792 set
642 2735 887 2807 intelligi
923 2737 1101 2791 Deum
1134 2733 1329 2791 saeculi
1361 2734 1562 2805 hujus,
1603 2735 1777 2790 deum
1826 2735 2167 2808 impiorum,

524 2825 631 2881 hoc
660 2831 767 2896 est,
797 2824 1117 2891 diabolum;
1146 2826 1404 2895 quoniam
1435 2840 1617 2879 omnes
1661 2824 1742 2879 dii
1782 2827 2026 2894 gentium
2056 2827 2167 2881 dae-

521 2917 728 2986 monia,
757 2920 814 2970 et
846 2916 1045 2985 utique
1067 2913 1251 2969 multo
1284 2913 1533 2969 maxime
1548 2914 1817 2985 princeps
1847 2915 2165 2971 daamonio-

521 3020 825 3060 rumznon
882 3003 1099 3058 mirum
1143 3006 1316 3069 esset,
1362 3003 1837 3074 quandoquidem
1888 3020 2167 3074 quorum-

522 3094 658 3149 dam
689 3094 832 3148 deus
864 3093 1038 3148 etiam
1061 3098 1257 3147 venter
1288 3095 1375 3147 est
1405 3092 1598 3147 dictus
1629 3108 1643 3146 :
1679 3092 1761 3147 ait
1804 3093 1959 3148 enim
2015 3096 2165 3166 Apo-

520 3181 728 3251 stolus,
763 3197 997 3253 quorum
1015 3181 1146 3235 deus
1174 3184 1357 3235 venter
1388 3184 1467 3235 est
1497 3181 1763 3252 (Philipp.
1797 3183 2028 3252 111,19);
2060 3200 2165 3241 nec

521 3269 652 3326 ideo
674 3272 817 3326 deus
838 3274 1035 3327 venter
1056 3274 1164 3325 est.
1187 3272 1273 3326 Ita
1288 3269 1335 3325 si
1360 3273 1548 3341 potest
1569 3270 1681 3324 dici
1703 3270 1845 3327 deus
1869 3271 2044 3341 hujus
2058 3290 2162 3328 sae-

524 3359 639 3416 culi
671 3359 958 3427 diabolus,
982 3376 1097 3415 non
1119 3359 1248 3415 ideo
1280 3358 1551 3414 diabolus
1574 3360 1717 3415 deus
1740 3366 1849 3429 est;
1901 3377 2005 3417 nec
2044 3364 2159 3418 dss-

520 3450 717 3506 monia
746 3454 885 3505 sunt
905 3448 1007 3515 dii,
1038 3448 1305 3519 quamvis
1328 3447 1405 3503 dii
1436 3449 1698 3519 gentium
1724 3449 1842 3506 sint
1874 3451 2163 3509 daemonia

517 3540 682 3611 (Psal.
717 3556 839 3609 xcv,
858 3540 933 3611 5).
959 3542 1151 3594 Potest
1172 3536 1385 3610 quippe
1406 3538 1681 3593 saeculum
1712 3538 1770 3593 in
1806 3539 1953 3595 malo
1985 3541 2158 3598 intel-

511 3626 613 3700 ligi
644 3630 799 3685 unde
829 3628 969 3683 dicit
998 3627 1294 3699 apostolus
1326 3632 1551 3698 Petrus,
1576 3629 1792 3700 Eripite
1814 3646 1903 3685 vos
1931 3630 1995 3686 de
2016 3647 2159 3703 prm-

512 3717 656 3773 senti
680 3718 877 3774 saeculo
910 3718 1153 3787 maligno
1198 3717 1269 3787 (II
1324 3721 1465 3772 Petr.
1502 3734 1540 3787 ι,
1564 3717 1639 3788 lt).
1683 3719 1794 3773 Sed
1846 3736 1978 3775 cum
2013 3720 2160 3779 alter

512 3810 700 3878 pateat
725 3806 1075 3872 Intellectus,
1092 3806 1231 3878 quid
1257 3821 1493 3861 necesse
1518 3805 1713 3861 esthic
1731 3808 2028 3864 diabolum
2049 3828 2157 3882 pu-

511 3898 635 3950 tare
657 3894 1147 3965 signiﬁcatum,ac
1182 3912 1294 3949 non
1324 3893 1519 3966 potius
1552 3899 1731 3949 Deum
1762 3912 1982 3961 verum,
2024 3900 2155 3968 jus-

509 3985 638 4037 tum
671 3988 727 4038 et
758 3984 996 4050 bonum,
1039 3983 1139 4054 qui
1172 3983 1541 4038 excreoaverit
1573 3988 1797 4038 mentes
1828 3984 2153 4044 inﬁdelium

510 4071 703 4127 saeculi
736 4071 1041 4142 hujuszut
1079 4088 1194 4127 non
1244 4070 1338 4126 hic
1386 4070 1805 4142 distinguatur,
1854 4074 1911 4128 in
1958 4078 2155 4147 quibus

514 4165 663 4216 Deus
691 4162 879 4216 saeculi
907 4161 1092 4231 hujus,
1128 4176 1193 4214 ac
1223 4159 1430 4214 deinde
1462 4159 1878 4231 subinferatur,
1911 4180 2153 4222 excaeca-

508 4252 588 4306 vit
614 4253 818 4305 mentes
849 4250 1175 4319 inﬁdelium;
1200 4248 1299 4304 sed
1330 4247 1412 4303 ita
1441 4248 1655 4319 potius,
1680 4250 1737 4303 in
1766 4253 1963 4322 quibus
1990 4256 2149 4327 Deus,

509 4354 576 4394 ac
602 4338 812 4394 deinde
840 4338 1258 4406 subinferatur,
1288 4339 1482 4394 saeculi
1501 4337 1662 4408 hujus
1684 4345 1977 4398 excaecauit
1998 4362 2150 4401 men-

510 4434 588 4481 tes
614 4426 941 4496 inﬁdelium,
976 4426 1084 4481 hoc
1108 4424 1538 4482 estinﬁdelium
1571 4426 1766 4482 saeculi
1788 4427 1965 4501 hujus
1987 4449 2149 4490 men-

507 4517 598 4571 tes
629 4516 948 4571 excaecavit.

576 4618 803 4677 CAPUT
825 4620 975 4675 VIII.
1010 4651 1078 4661 —-
1107 4621 1195 4678 30.
1227 4620 1337 4676 Sed
1370 4620 1500 4676 istis
1529 4638 1643 4677 non
1678 4622 1866 4694 placet
1898 4630 1961 4681 ut
1991 4627 2143 4686 Deus

501 4706 692 4766 bonus
725 4714 950 4765 mentes
978 4714 1219 4765 excaecet
1248 4708 1601 4781 aliquorum.
1633 4709 1757 4765 Non
1780 4714 1934 4769 enim
1958 4721 2143 4773 atten-

500 4798 649 4854 dunt
678 4798 989 4854 Salvatoris
1044 4800 1219 4854 verba
1249 4798 1495 4854 dicentis
1528 4815 1540 4853 :
1567 4800 1628 4854 In
1642 4801 1932 4871 judicium
1960 4822 2053 4877 ego
2084 4810 2144 4862 in

499 4886 642 4944 hunc
671 4888 944 4943 mundum
974 4890 1121 4953 veni,
1152 4890 1210 4942 ut
1248 4890 1345 4960 qui
1391 4904 1499 4943 non
1544 4888 1746 4956 vident,
1790 4893 2047 4963 videant;
2089 4906 2142 4953 et

498 4979 595 5049 qui
622 4977 829 5047 vident,
863 4980 998 5035 caeci
1022 4979 1158 5049 ﬁant
1195 4979 1374 5046 (Joan.
1418 4993 1494 5047 1x,
1529 4978 1640 5049 39).
1674 4978 1774 5034 Ille
1814 4981 1994 5052 igitur
2040 4986 2139 5057 qui

496 5067 822 5123 secundum
854 5066 1233 5140 apostolicam
1285 5066 1660 5133 sententiam,
1713 5071 1867 5141 cujus
1897 5074 2011 5129 vult
2031 5079 2136 5131 mi-

499 5160 733 5221 seretur,
778 5165 832 5211 et
877 5173 1034 5228 quem
1063 5157 1179 5211 vult
1210 5154 1460 5222 obdurat,
1494 5156 1695 5226 procul
1755 5159 1932 5216 dubio
1964 5179 2136 5234 quem

498 5244 627 5300 vult
682 5245 997 5316 illuminat,
1058 5250 1114 5301 et
1168 5261 1341 5317 quem
1390 5242 1512 5299 vult
1564 5252 1828 5304 excaecat.
1863 5251 1970 5307 Sed
2022 5272 2137 5311 non

500 5330 780 5403 iniquitas
810 5335 963 5404 apud
996 5334 1176 5389 Deum
1208 5334 1380 5405 (Rom.
1430 5351 1508 5401 xx,
1560 5334 1643 5401 18,
1697 5337 1807 5407 14),
1859 5341 1948 5395 cui
1999 5344 2139 5401 dicit

502 5420 793 5477 Ecclesia:
827 5423 1267 5480 Illiserecordiam
1322 5427 1373 5478 et
1418 5423 1693 5495 judicium
1747 5431 1974 5487 cantabo
2013 5435 2134 5505 tibi,

498 5510 734 5565 Domine
759 5512 931 5581 (Psal.
962 5528 1014 5582 c,
1068 5514 1139 5584 1).
1175 5512 1470 5567 Illuminat
1523 5529 1658 5585 ergo
1716 5516 2136 5594 miserieordia,

496 5601 1020 5670 excaecat,judicio,
1054 5603 1255 5673 utique
1294 5601 1649 5673 aequissimo,
1682 5609 1737 5659 et
1767 5607 1815 5661 si
1859 5612 2135 5669 occultis-

493 5685 660 5775 simo.
692 5688 1078 5747 Inscrutabilza
1106 5692 1260 5746 enim
1290 5699 1418 5746 sunt
1434 5691 1662 5762 judicia
1697 5695 1813 5765 ejus
1845 5698 2022 5769 (Rom.
2054 5719 2133 5775 x1,

489 5774 601 5842 33).
636 5775 738 5831 Cui
771 5782 963 5835 tamen
998 5780 1217 5836 dicitur
1249 5796 1263 5837 :
1292 5780 1496 5836 Sedisti
1535 5798 1700 5854 super
1746 5784 1992 5859 thonum,
2041 5774 2138 5863 qui

472 5864 699 5943 judico:
730 5871 1039 5943 aequitatem
1059 5872 1229 5945 (Psal.
1264 5889 1339 5939 1x,
1369 5871 1444 5941 5).

963 447 1273 508 CONTRA
1318 444 1883 508 ADVEItSAItIUM
1932 445 2151 505 LEGIS
2197 442 2297 505 ET
2341 446 2960 517 PROI’IIETARUM,
3010 444 3072 505 S.
3120 444 3547 508 AUGUSTINI

3841 447 3951 508 656

2380 580 2468 631 31.
2492 578 2633 632 Huic
2658 578 2773 633 Deo
2798 577 3290 650 servivitMoyses,
3311 578 3617 649 casterique
3638 578 3952 651 Prophetas,

2311 666 2665 736 quosjustos
2688 666 2813 721 sine
2844 666 3022 721 dubio
3056 666 3337 722 Dominus
3372 668 3494 739 ipse
3530 672 3804 723 testatur.
3848 667 3951 723 Ho-

2310 769 2439 808 rum
2473 755 2687 827 quippe
2715 754 2899 812 Judaei
2931 755 3201 827 sepulcra
3250 756 3691 823 construebant,
3744 762 3801 813 et
3848 774 3954 813 m0-

2310 849 2590 900 numenta
2622 845 2928 916 ornabant,
2985 844 3200 917 quibus
3230 844 3370 900 dicit
3404 862 3417 900 :
3450 847 3763 917 Aidiﬁcatis
3793 847 3957 918 sepul-

2306 949 2401 988 cra
2445 935 2876 1006 Prophetarum,
2929 939 2984 989 et
3030 936 3243 989 ornatis
3277 947 3639 991 monumenta
3682 937 3957 1008 justorum

2309 1023 2515 1094 (Matth.
2548 1041 2708 1095 XXIII,
2740 1024 2852 1093 29).
2884 1023 2995 1079 Sed
3028 1022 3107 1077 illi
3142 1040 3367 1094 omnes,
3400 1028 3457 1080 et
3487 1026 3537 1080 si
3556 1041 3657 1097 pro
3682 1026 3958 1099 temporis

2310 1110 2744 1184 dispensatione
2790 1111 3004 1168 Veteris
3035 1112 3393 1167 Testamenti
3425 1112 3847 1169 ministrabant
3886 1114 3953 1169 ﬂ-

2308 1200 2528 1274 guris‘,
2582 1202 2651 1258 ad
2697 1202 2920 1257 Novum
2956 1205 3153 1257 tamen
3178 1200 3640 1269 Testamentum,
3684 1203 3949 1274 quamvis

2308 1291 2567 1346 nondum
2598 1289 2934 1361 revelatum,
2978 1306 3081 1364 per
3109 1290 3356 1359 gratiam
3408 1291 3508 1346 Dei
3557 1292 3951 1364 pertinebant,

2304 1381 2373 1436 ad
2409 1381 2561 1452 quod
2594 1381 2922 1453 pertinebat
2950 1380 3261 1436 Abraham.
3296 1381 3441 1436 Hinc
3480 1380 3702 1452 quippe
3749 1380 3868 1451 isti,
3903 1382 3953 1438 si

2302 1474 2523 1526 remoto
2564 1469 2850 1525 velamine
2879 1469 3155 1541 legerent,
3190 1468 3580 1541 intelligerent
3609 1471 3689 1525 ita
3721 1488 3836 1526 non
3862 1488 3951 1527 es-

2302 1576 2363 1615 se
2393 1559 2699 1615 inimicum
2739 1558 3116 1632 Evangelium
3170 1558 3297 1631 Legi
3344 1575 3477 1631 quas
3524 1559 3660 1615 data
3706 1564 3797 1616 est
3853 1578 3956 1633 per

2300 1649 2555 1721 Moysen,
2590 1649 2742 1705 sicut
2772 1650 2920 1704 inter
2951 1664 3011 1704 se
3035 1665 3148 1703 non
3172 1652 3310 1704 sunt
3331 1647 3551 1703 inimici
3575 1648 3873 1705 Abraham
3896 1654 3954 1706 et

2299 1737 2422 1809 ipse
2455 1739 2716 1811 Moyses:
2752 1755 2897 1809 quos
2936 1739 3139 1809 utique
3168 1742 3224 1793 et
3254 1736 3350 1793 isti
3384 1739 3655 1793 eumdem
3700 1738 3953 1795 coluisse

2297 1827 2645 1883 confitentur
2673 1828 2853 1883 Deum
2884 1826 3151 1898 quamvis
3202 1842 3334 1881 eum
3381 1828 3467 1883 sic
3521 1826 3952 1898 blasphement,

2297 1920 2363 1972 ut
2392 1934 2526 1972 eum
2559 1922 2738 1972 Deum
2770 1920 3000 1989 negent.
3038 1920 3102 1971 Et
3131 1920 3326 1971 tamen
3349 1915 3664 1988 Apostolus
3695 1918 3951 1989 promis-

2295 2005 2507 2076 siones,
2544 2024 2667 2077 quae
2689 2006 2849 2061 factas
2880 2010 3018 2060 sunt
3048 2005 3310 2072 Abrahae,
3345 2006 3484 2077 quia
3500 2005 3725 2061 Novum
3742 2007 3952 2063 Testa-

2292 2098 2553 2149 mentum
2587 2095 3019 2167 significabant,
3053 2094 3136 2150 sic
3151 2094 3391 2166 opponit
3430 2094 3561 2167 Legi
3586 2111 3688 2166 per
3708 2095 3951 2169 Moysen

2291 2184 2457 2253 datae,
2492 2189 2557 2239 ut
2586 2184 2704 2239 haec
2735 2184 2849 2239 duo
2880 2183 3030 2238 inter
3059 2199 3120 2239 se
3151 2182 3391 2238 inimica
3429 2184 3760 2239 videantur.
3794 2185 3949 2249 Quid

2289 2273 2443 2328 enim
2494 2273 2651 2328 aliud
2684 2274 2751 2327 ad
2788 2273 3081 2328 Romanos
3102 2272 3270 2327 dicit?
3297 2274 3413 2327 Non
3442 2274 3589 2328 enim
3616 2290 3718 2345 per
3747 2274 3951 2343 Legem

2285 2364 2571 2433 promissio
2602 2363 2835 2419 Abrahae
2856 2372 2953 2417 aut
2965 2363 3166 2417 semini
3178 2363 3315 2433 ejus,
3336 2362 3583 2419 uthaeres
3611 2367 3753 2419 esset
3773 2380 3944 2420 mun-

2283 2452 2360 2517 di,
2392 2452 2484 2507 sed
2508 2468 2609 2523 per
2627 2453 2907 2523 justitiam
2952 2451 3096 2521 ﬁdei.
3130 2450 3191 2505 Si
3232 2452 3381 2505 enim
3430 2452 3529 2522 qui
3570 2467 3668 2523 per
3714 2453 3939 2523 Legem,

2283 2541 2519 2596 hzredes
2563 2542 2692 2596 sunt
2719 2566 2732 2608 ;
2764 2542 3063 2596 exinanita
3092 2542 3171 2594 est
3191 2539 3346 2611 ﬁdes,
3364 2543 3414 2595 et
3430 2546 3699 2596 evacuata
3720 2551 3805 2597 est
3816 2559 3949 2613 pru-

2280 2632 2487 2686 misszo.
2518 2631 2633 2685 Lex
2661 2631 2808 2685 enim
2835 2629 2981 2684 iram
3011 2636 3288 2700 operatur.
3342 2629 3442 2686 Ubi
3468 2631 3620 2685 enim
3657 2630 3771 2685 Lex
3818 2646 3934 2686 non

2276 2723 2357 2775 est
2378 2736 2474 2774 nec
2500 2720 2886 2791 praevaricatio
2918 2719 3181 2787 (Rom.1v,
3204 2718 3746 2789 i3-15).Attendant
3779 2736 3934 2791 que-

2278 2809 2655 2865 madmodum
2685 2808 2770 2863 sic
2800 2808 3077 2879 disputat,
3124 2806 3302 2862 veluti
3346 2814 3548 2863 contra
3598 2808 3832 2879 Legem,
3869 2815 3939 2865 ut

2275 2897 2581 2968 ex’priore
2602 2896 2701 2952 illa
2728 2914 2854 2968 quis
2879 2897 3028 2952 facta
3062 2900 3151 2952 est
3168 2896 3238 2951 ad
3262 2896 3555 2952 Abraham
3582 2898 3937 2969 promissio-

2275 3003 2346 3041 ne
2359 2986 2840 3058 convincat,quod
2866 3003 2979 3041 non
2994 2985 3111 3041 sint
3126 2985 3381 3041 haeredes
3396 3002 3462 3041 ex
3482 2986 3629 3059 Lege
3651 2987 3935 3059 quicum-

2274 3092 2387 3147 que
2420 3076 2535 3131 sint
2564 3076 2819 3131 haeredes
2840 3074 2961 3141 Dei,
2984 3075 3082 3130 sed
3115 3091 3181 3129 ex
3214 3073 3617 3146 promissione.
3652 3076 3927 3147 Itemque

2273 3166 2343 3219 ad
2374 3164 2606 3221 Galatas
2640 3182 2653 3219 :
2686 3166 2927 3234 Fratres,
2952 3163 3162 3235 inquit,
3185 3162 3481 3218 secundum
3497 3165 3758 3220 hominen
3775 3166 3933 3229 dico;

2271 3259 2461 3310 tamen
2492 3256 2729 3310 hominis
2760 3255 3145 3324 conﬁrmatum
3171 3257 3552 3308 testamentum
3590 3269 3749 3309 nemo
3782 3257 3933 3310 irri-

2269 3353 2385 3400 tum
2418 3345 2570 3414 facit,
2606 3351 2702 3398 aut
2741 3343 3143 3414 superordinat.
3186 3342 3418 3397 Abrahm
3449 3342 3606 3397 dicte
3635 3352 3763 3398 sunt
3786 3359 3929 3415 pro-

2268 3435 2552 3488 missiones
2607 3438 2658 3487 et
2697 3434 2897 3488 semini
2939 3435 3077 3503 ejus.
3122 3432 3237 3487 Non
3285 3431 3437 3499 dicit,
3486 3432 3550 3486 Et
3589 3434 3926 3501 seminibus,

2267 3532 2529 3595 tanquam
2558 3524 2618 3577 in
2665 3523 2893 3583 multis;
2924 3521 3016 3576 sed
3068 3525 3297 3592 tanqum
3339 3523 3398 3576 in
3427 3537 3556 3587 uno,
3604 3523 3670 3577 Et
3715 3524 3933 3579 semini

2267 3618 2395 3678 tuo,
2455 3611 2595 3683 quod
2640 3615 2715 3666 est
2763 3612 3053 3667 Christus.
3114 3611 3219 3666 Hoc
3273 3614 3463 3666 autem
3519 3612 3678 3677 dico,
3744 3616 3930 3668 testa-

2263 3706 2504 3758 mentum
2570 3702 2951 3771 conﬁrmatum
3008 3717 3049 3755 α
3102 3702 3206 3755 Deo
3273 3715 3396 3771 qua
3457 3706 3576 3771 post
3642 3701 3930 3772 quadrin-

2263 3798 2446 3865 gentos
2501 3794 2554 3847 et
2609 3792 2845 3859 triginta
2893 3806 3065 3845 annos
3104 3791 3253 3859 facta
3299 3792 3377 3845 est
3424 3794 3555 3857 Lex,
3588 3806 3699 3846 non
3748 3792 3927 3862 inﬁr-

2263 3885 2379 3935 mat
2451 3880 2523 3935 ad
2596 3879 2965 3935 evacuandam
3038 3880 3475 3950 promissionem.
3518 3878 3581 3934 Si
3632 3881 3805 3935 emim
3849 3897 3927 3937 ex

2266 3972 2397 4042 Lege
2418 3970 2732 4039 hmredilas,
2750 3973 2881 4041 jam
2909 3985 3019 4024 non
3039 3985 3107 4023 ea:
3132 3970 3511 4039 promissione.
3544 3969 3785 4026 Abrahae
3813 3987 3923 4025 au-

2263 4064 2368 4116 tem
2386 4077 2486 4131 per
2513 4060 2989 4129 repromissioncm
3008 4058 3227 4113 donavit
3257 4063 3417 4113 Deus.
3445 4058 3584 4126 Quid
3615 4074 3749 4132 ergo
3776 4060 3930 4115 Lex?

2264 4150 2732 4220 Transgressionis
2770 4149 2957 4220 gratia
3000 4148 3287 4220 proposita
3317 4152 3438 4203 est'
3479 4148 3653 4203 donec
3700 4151 3922 4206 veniret

2261 4257 2446 4296 semen
2477 4240 2568 4293 cui
2589 4240 2916 4309 promissum
2946 4248 3026 4292 est
3063 4238 3264 4309 (Galat.
3303 4254 3394 4307 ιιι,
3449 4238 3657 4309 15-19).
3700 4238 3920 4296 Nescio

2262 4335 2456 4385 utrum
2484 4326 2917 4399 istiquiLegem
2949 4342 3063 4381 non
3084 4325 3472 4398 intelligentes
3494 4326 3916 4401 criminantur,

2258 4419 2554 4475 inveniant
2581 4415 2801 4488 aliquid
2822 4432 2887 4470 ex
2905 4417 3215 4489 Evangelio
3245 4414 3329 4472 vel
3351 4432 3417 4470 ex
3439 4416 3776 4487 apostolicis
3806 4417 3921 4473 Lit-

2258 4512 2420 4575 teris,
2451 4506 2605 4577 quod
2639 4505 2721 4560 ita
2746 4504 3011 4559 videatur
3040 4505 3229 4560 eidem
3263 4504 3399 4577 Legi
3433 4505 3743 4560 adversum
3778 4522 3919 4562 esse

2257 4606 2428 4669 atque
2480 4594 2857 4663 contrarium,
2903 4594 3401 4666 quemadmodum
3468 4594 3578 4649 hoc
3647 4594 3912 4664 videtur,

2254 4688 2409 4759 quod
2440 4703 2507 4741 ex
2538 4683 3028 4756 promissionibus
3080 4700 3202 4753 quae
3250 4684 3491 4739 Abrahae
3542 4684 3703 4739 facta
3762 4690 3917 4741 sunt

2253 4776 2492 4849 opponit
2519 4772 2852 4844 Apostolus.
2889 4772 2948 4829 Si
2991 4789 3127 4846 ergo
3170 4773 3359 4845 legem
3408 4773 3681 4844 oderunt,
3724 4774 3916 4831 Abra-

2250 4867 2387 4922 ham
2416 4863 2681 4934 diligant.

2320 4968 2550 5028 CAPUT
2574 4968 2842 5023 IX.—3'3.
2874 4968 2981 5024 Sed
3018 4985 3120 5024 nec
3150 4968 3259 5024 hoc
3285 4968 3508 5025 volunt.
3542 4966 3691 5025 Nam
3726 4974 3785 5026 et
3818 4971 3909 5044 ip-

2248 5060 2299 5117 si
2330 5058 2481 5132 patri
2512 5058 2873 5130 gentium,ad
2894 5075 3063 5128 quem
3088 5058 3508 5130 promissiones
3532 5058 3717 5115 factas
3746 5078 3911 5117 nunc

2248 5150 2307 5205 in
2327 5147 2620 5215 omnibus,
2644 5146 2916 5218 gentibus
2933 5148 3195 5202 videmus
3218 5147 3466 5219 impleri,
3487 5148 3710 5203 crimen
3730 5150 3914 5205 forni-

2249 5230 2493 5285 cationis
2521 5226 2823 5298 objiciunt.
2852 5227 2965 5283 Iste
3006 5230 3222 5299 quippe
3250 5227 3451 5300 procul
3483 5228 3663 5283 dubio
3695 5230 3789 5283 cui
3815 5246 3911 5286 re-

2247 5319 2699 5391 spondemus,ex
2716 5316 2829 5372 illis
2848 5332 2910 5371 se
2927 5333 3053 5372 esse
3077 5317 3509 5386 manifestat,de
3524 5317 3745 5388 quibus
3764 5336 3913 5388 pras-

2249 5409 2467 5465 dictum
2490 5404 2851 5477 estApostolo
2872 5405 3099 5461 dicente
3122 5424 3133 5461 :
3151 5406 3387 5475 Spiritus
3402 5414 3585 5460 autem
3598 5409 3908 5478 manifeste

2247 5500 2385 5555 dicit
2415 5498 2544 5569 quia
2562 5497 2619 5550 in
2642 5496 2955 5551 novissimis
2975 5498 3306 5569 temporibus
3326 5496 3580 5552 recedent
3627 5497 3908 5569 quidama

2315 5642 2328 5674 ι
2362 5640 2475 5689 Αῑιι.
2507 5642 2560 5687 et
2587 5638 2673 5703 Er.
2708 5638 2965 5703 etiplures
3000 5641 3119 5689 Mss.
3153 5638 3522 5689 ministrabant
3546 5638 3775 5703 ﬁguras.

2308 5706 2329 5738 ³
2358 5703 2442 5752 Sic
2478 5701 2729 5764 praecipui
2761 5702 2881 5749 Mss.
2916 5706 2980 5752 At
3010 5704 3154 5763 editi,
3188 5705 3241 5751 ut
3270 5718 3400 5752 eam.

2308 5766 2329 5800 ³
2358 5762 2707 5834 Piures__Mss.,
2732 5764 3013 5834 positaest.
3034 5765 3285 5834 Nonnulli
3316 5768 3495 5834 autem
3515 5762 3662 5815 intra
3690 5766 3785 5834 ubi
3808 5779 3901 5834 eo-

2245 5828 2363 5893 dem
2393 5825 2617 5889 repetito
2649 5825 2765 5893 loco
2796 5826 2989 5893 legitur
3016 5829 3175 5880 etiam
3200 5829 3346 5893 apud
3386 5828 3533 5888 ιον..
3583 5829 3758 5893 posita
3799 5830 3902 5889 est,

2245 5887 2470 5951 habent,
2490 5887 2751 5953 preposita
2778 5887 2870 5940 est:
