4094 6476
174 405 287 466 661

171 537 615 611 phetarum,qui
638 538 1121 610 nunquam,sicut
1143 538 1253 595 iste
1275 538 1685 609 calumniatur,
1712 543 1824 597 fal-

171 628 255 683 sis
269 628 760 699 promissionibus
775 645 912 683 suos
926 628 1270 699 decipit.0ui
1288 647 1391 684 nos
1404 630 1821 702 irreprehensi-

172 715 323 771 biles
341 733 467 772 esse
492 717 807 772 mandavit.
825 717 949 787 Ipse
971 723 1059 772 est
1078 719 1233 773 enim
1257 723 1314 773 et
1334 719 1486 774 Deus
1508 720 1821 791 Propheta-

174 823 331 872 rum,
368 806 466 877 qui
514 823 839 878 nunquam,
874 807 1026 862 sicut
1074 808 1181 862 iste
1211 807 1576 873 criminatur,
1609 826 1671 864 se
1701 809 1821 881 ipse

170 894 565 967 reprehendit,
587 912 691 951 nec
707 912 839 951 eum
861 896 1011 950 sicut
1034 896 1328 951 hominem
1350 898 1672 968 quidquam
1699 916 1819 969 poe-

170 984 349 1039 nituit
382 1001 395 1039 :
430 984 531 1039 sed
563 1000 759 1039 rerum
786 985 1113 1039 futurarum
1141 986 1551 1052 mutationem,
1582 1004 1727 1058 quas
1761 1004 1822 1043 se

169 1079 402 1130 mutatu
412 1090 538 1129 rum
555 1076 680 1129 sine
696 1072 815 1129 ulla
826 1074 916 1128 sui
934 1074 1254 1129 mutatione
1269 1075 1339 1128 ab
1352 1076 1817 1146 aeternitateprze-

166 1163 357 1233 scivit,
379 1163 538 1218 velut
571 1164 827 1219 humana
856 1163 1195 1219 hominibus
1225 1162 1513 1218 locutione
1536 1164 1817 1235 praedixit.

164 1252 278 1320 Qui
304 1252 475 1309 nobis
496 1253 644 1307 iram
673 1252 768 1307 Dei
793 1253 1167 1307 metuendam
1187 1257 1244 1308 et
1266 1253 1324 1306 in
1349 1252 1653 1323 Evangelio
1672 1268 1822 1308 com-

164 1342 485 1399 mendavit.
520 1343 647 1413 Ipse
677 1345 767 1397 est
786 1342 940 1396 enim
973 1346 1030 1396 et
1061 1341 1487 1413 Prophetarum
1522 1342 1695 1411 Deus,
1720 1342 1819 1414 qui

164 1450 283 1490 non
303 1433 395 1489 sui
413 1432 593 1488 animi
616 1431 1136 1504 perturbationem,
1161 1432 1262 1487 sed
1278 1433 1505 1502 justam
1530 1447 1817 1487 severam-

162 1541 283 1598 que
311 1524 650 1590 vindictam,
675 1523 771 1578 irae
791 1522 876 1578 vel
901 1522 1322 1595 indignationis
1343 1524 1579 1578 nomine
1602 1540 1821 1578 nuncu-

164 1614 346 1686 pavit.
370 1614 477 1679 Qui
501 1612 749 1669 alterum
774 1613 845 1667 ab
863 1612 1041 1669 altero
1065 1630 1179 1667 non
1204 1617 1525 1684 utcumque
1545 1612 1696 1680 laedi,
1717 1613 1817 1667 sed

161 1702 384 1774 injuria
414 1702 543 1757 laedi
588 1701 796 1757 noluit.
832 1703 958 1774 Ipse
989 1707 1078 1757 est
1107 1701 1263 1757 enim
1309 1706 1365 1756 et
1396 1701 1817 1773 Prophetarum

162 1792 344 1859 Deus,
368 1794 467 1863 qui
491 1792 609 1847 sive
629 1808 729 1863 per
749 1791 1163 1860 homines,sive
1180 1807 1283 1862 per
1294 1790 1542 1863 Angelos
1560 1793 1814 1861 sanctos,

159 1881 342 1939 etiam
360 1879 784 1953 temporalibus
807 1896 1115 1952 corporum
1132 1879 1596 1951 mortibus,quos
1615 1877 1815 1949 voluit,

159 1971 387 2027 utiliter
414 1976 515 2026 aut
533 1970 822 2037 multavit,
848 1974 949 2024 aut
977 1968 1204 2024 terruit.
1226 1969 1332 2033 Qui
1364 1967 1563 2023 docuit
1585 1968 1656 2022 ad
1681 1984 1815 2022 con—

159 2060 586 2133 cupiscendum
603 2075 717 2114 non
741 2058 1049 2114 videndam
1076 2057 1518 2113 esseinulierem
1535 2056 1814 2129 (Matth.v,

159 2150 282 2221 28).
316 2154 447 2220 Ipse
475 2152 568 2204 est
596 2149 753 2203 enim
786 2147 886 2219 qui
917 2152 975 2203 et
1004 2147 1062 2201 in
1097 2147 1245 2217 Lege
1274 2145 1435 2213 dixit,
1477 2147 1593 2201 Non
1622 2162 1820 2201 concu-

154 2255 335 2311 pisces
360 2237 554 2310 (Exod.
578 2254 671 2303 xx,
705 2237 831 2307 17):
868 2253 993 2303 nec,
1028 2236 1180 2292 sicut
1208 2236 1317 2291 iste
1339 2235 1702 2302 criminatur,
1728 2234 1819 2289 in-

162 2328 314 2384 dixit
326 2332 598 2399 septenas
612 2325 861 2399 singulis
885 2326 1248 2396 nuptias,sed
1265 2324 1622 2397 propagandi
1642 2340 1820 2380 causa

161 2417 463 2472 connubia
483 2419 644 2471 casta
666 2413 952 2486 permisit.
979 2414 1176 2469 Patres
1194 2418 1388 2468 autem
1413 2413 1663 2468 filiarum
1692 2429 1817 2467 ma-

161 2506 310 2562 ritos
339 2522 455 2560 non
484 2504 675 2560 solum
695 2504 819 2575 ipse
852 2520 965 2558 non
988 2503 1158 2570 fecit;
1192 2519 1391 2557 verum
1415 2502 1589 2557 etiam
1614 2518 1685 2556 ne
1718 2502 1816 2557 fie-

159 2599 273 2665 ret,
307 2594 460 2649 sicut
489 2593 862 2658 aliaincesta,
883 2591 1325 2664 prohibuit.Qui
1358 2608 1463 2646 nos
1493 2591 1817 2646 secundum

158 2684 500 2739 interiorem
522 2682 954 2737 renovationem
979 2680 1037 2735 in
1058 2680 1267 2752 spiritu
1290 2681 1523 2749 mentis,
1548 2697 1651 2736 nec
1669 2697 1819 2735 mas-

159 2772 332 2829 culos
364 2773 423 2827 in
456 2788 539 2839 se,
572 2787 677 2827 nec
726 2771 975 2826 feminas
1008 2786 1135 2825 esse
1166 2770 1365 2826 docuit
1392 2795 1406 2839 ;
1438 2775 1495 2825 et
1523 2771 1675 2825 sicut
1706 2774 1819 2824 An-

161 2861 329 2935 gelos
359 2861 419 2916 in
450 2865 733 2916 aeternum
754 2875 955 2915 secum
987 2860 1214 2914 futuros
1231 2875 1358 2915 esse
1382 2859 1670 2931 promisit.
1693 2863 1823 2930 Ipse

161 2955 257 3007 est
287 2950 442 3006 enim
481 2954 540 3005 et
588 2949 1016 3020 Prophetarum
1048 2954 1222 3012 Deus,
1255 2950 1354 3022 qui
1405 2948 1735 3003 masculum
1766 2951 1823 3003 et

163 3040 449 3098 feminam
468 3039 830 3111 propagandi
847 3038 1076 3111 generis
1099 3054 1273 3093 causa
1291 3038 1537 3110 nuptiali
1559 3038 1824 3093 castitate

164 3128 502 3200 conjunxit;
530 3133 585 3183 et
602 3128 894 3183 secundas
916 3127 1301 3199 nuptias,quaa
1329 3127 1385 3181 in
1412 3126 1494 3182 No
1507 3143 1572 3181 vo
1595 3142 1826 3197 quoque

164 3220 546 3276 Testamento
578 3217 1025 3289 permittuntur,
1058 3216 1246 3271 licitas
1278 3232 1408 3271 esse
1457 3217 1823 3271 monstravit.

171 3308 389 3365 Uxores
421 3311 617 3362 autem
650 3306 920 3373 fratrum,
946 3306 1045 3359 sed
1077 3306 1201 3359 sine
1225 3304 1362 3359 ﬁliis
1393 3304 1825 3370 defunctorum,

167 3400 243 3455 ad
264 3396 631 3453 excilandam
650 3396 909 3451 defuncti
934 3398 947 3429 ¹
970 3395 1515 3467 posteritatem,non
1539 3392 1824 3461 libidinis,

169 3488 273 3544 sed
310 3485 543 3558 pietatis
576 3485 805 3548 affectu,
839 3483 897 3538 in
944 3483 1380 3539 matrimonium
1416 3484 1526 3538 sibi
1559 3482 1829 3553 copulare

166 3577 486 3649 praecepit:
514 3579 707 3646 patres
724 3591 857 3628 vero
877 3572 1128 3627 filiarum
1147 3573 1437 3645 conjugiis
1456 3572 1689 3627 misceri
1713 3588 1831 3627 om-

168 3666 311 3722 nino
342 3664 663 3738 prohibuit.
696 3663 801 3729 Qui
835 3679 940 3717 nos
972 3679 1147 3734 super
1178 3678 1347 3717 omne
1379 3678 1565 3733 genus
1599 3677 1829 3732 serpen-

165 3760 300 3811 tum
350 3752 574 3809 calcare
624 3752 1010 3825 spiritualiter
1052 3751 1251 3823 jussit.
1286 3752 1411 3820 Ipse
1442 3755 1530 3805 est
1578 3750 1731 3805 enim
1775 3753 1832 3805 et

167 3843 596 3914 Prophetarum
629 3848 801 3913 Deus,
835 3841 933 3912 qui
981 3839 1195 3912 populo
1226 3839 1447 3894 infideli
1498 3840 1568 3894 ad
1602 3839 1830 3911 signiﬁ-

168 3934 364 3991 canda
394 3936 645 4002 peccata,
678 3947 926 4002 quorum
961 3946 1182 3985 veneno
1219 3928 1589 3983 invisibiliter
1620 3928 1834 3982 morie-

172 4024 416 4085 bantur,
450 4019 708 4075 visibiles
757 4023 1057 4090 serpentes
1089 4018 1304 4088 quibus
1354 4018 1829 4083 admonerentur,

173 4110 427 4167 immisit
453 4126 467 4177 ;
502 4112 559 4164 et
586 4108 757 4181 plaga
784 4107 1182 4163 emendatoria
1210 4112 1428 4161 mortes
1476 4105 1831 4173 animarum,

184 4199 482 4255 mortibus
510 4213 819 4270 corporum
871 4196 1158 4269 figuravit.
1205 4195 1313 4261 Qui
1344 4196 1505 4264 dixit,
1537 4196 1671 4249 Date
1702 4194 1833 4249 eteo-

179 4304 475 4361 mosynam
494 4304 516 4351 ,'
546 4296 595 4343 et
630 4302 746 4342 ecce
774 4289 960 4342 omnia
1000 4286 1209 4341 munda
1235 4293 1361 4340 sunt
1389 4285 1542 4339 vobis
1572 4284 1722 4355 (Luc.
1754 4300 1831 4353 x1,

185 4379 303 4451 41).
361 4380 491 4449 lpse
547 4380 637 4433 est
664 4375 820 4432 enim
851 4380 908 4431 et
938 4376 1353 4445 Prophetarum
1390 4375 1538 4428 Deus
1569 4373 1668 4444 qui
1699 4371 1836 4427 talia

176 4467 357 4524 etiam
391 4466 813 4540 PrOphetarum
869 4481 1005 4519 voce
1065 4464 1380 4519 mandavit.
1439 4461 1553 4517 Nec
1608 4462 1719 4517 sibi
1754 4478 1841 4516 vo-

167 4556 287 4613 luit
331 4557 766 4629 primogenitos
811 4554 1119 4609 hominum
1166 4552 1316 4607 filios
1362 4550 1679 4617 immolari,
1737 4549 1837 4605 sed

178 4647 511 4705 consecrari
561 4644 950 4717 :significans
999 4641 1454 4715 primogenitum
1485 4658 1519 4695 a
1571 4639 1839 4709 mortuis,

191 4739 253 4794 in
317 4752 433 4805 quo
481 4734 785 4807 oportebat
828 4747 1032 4787 omnes
1091 4748 1125 4785 a
1179 4734 1363 4785 morte
1416 4732 1617 4800 perpet
1648 4744 1722 4782 ua
1769 4726 1837 4780 li-

185 4826 403 4883 berari.
462 4824 568 4890 Qui
646 4820 1125 4893 corruptibilihus
1173 4819 1319 4875 cibis
1367 4816 1841 4888 incorruptibiles

190 4915 551 4987 anteposuit.
605 4917 734 4984 Ipse
780 4915 869 4967 est
917 4910 1073 4965 enim
1106 4913 1161 4964 et
1207 4909 1628 4979 Prophetarum
1668 4910 1838 4972 Deus,

195 5004 299 5078 qui
323 5003 609 5059 sacrificia
630 5001 846 5074 quibus
864 5016 978 5054 non
1010 4998 1279 5069 indiguit,
1299 4998 1368 5052 ad
1388 4996 1840 5068 significandum

185 5110 388 5151 verum
420 5088 871 5159 sacrificium,in
904 5087 1132 5143 umbris
1165 5089 1497 5157 futurorum
1524 5085 1845 5157 praecedere

187 5182 411 5250 voluit;
445 5186 503 5237 et
530 5179 848 5251 disciplinas
866 5177 1171 5235 severitate
1201 5175 1489 5231 mortibus
1512 5190 1841 5246 corporum,

190 5273 368 5345 longe
400 5269 733 5326 mitioribus
773 5285 949 5339 quam
1003 5270 1142 5322 sunt
1169 5276 1383 5321 aeterna
1432 5263 1718 5335 supplicia
1748 5280 1845 5336 ge-

196 5362 551 5426 hennarum,
613 5362 946 5430 perpetrata
1002 5354 1309 5426 sacrilegia
1355 5353 1689 5409 vindicavit.
1739 5353 1847 5417 Qui

189 5457 458 5509 terrenas
487 5447 743 5516 divitias,
772 5463 886 5502 non
919 5446 1071 5502 sicut
1100 5445 1209 5501 iste
1240 5443 1401 5508 dicit,
1428 5442 1693 5499 damnari
1719 5444 1848 5513 jus-

195 5542 294 5611 sit,
330 5540 429 5595 sed
465 5536 802 5611 spirituales
829 5535 1209 5603 caelestesque
1240 5532 1577 5606 praeposuit.
1613 5533 1743 5604 Ipse
1763 5536 1853 5588 est

200 5631 359 5687 enim
407 5634 465 5685 et
522 5626 944 5699 Prophetarum
998 5624 1173 5691 Deus,
1222 5623 1322 5695 qui
1366 5620 1502 5676 facit
1543 5626 1601 5677 et
1646 5622 1851 5677 divites

202 5716 630 5792 benignissime
684 5713 1004 5787 largiendo,
1062 5717 1118 5768 et
1170 5727 1453 5785 pauperes
1477 5710 1852 5781 justiﬂssime

270 5855 290 5893 ί
318 5852 495 5914 Forte,
526 5848 797 5915 defunctis.

1539 408 1771 471 LIBER
1816 409 2243 475 SECUNDUS.

3470 419 3586 480 662

1932 544 2020 599 vel
2069 561 2180 599 non
2231 546 2441 613 dando,
2485 546 2572 601 vel
2614 547 2951 604 auferendo.
3003 549 3107 613 Qui
3160 565 3266 604 nos
3318 566 3418 619 pro
3468 550 3581 605 ini-

1934 635 2104 689 micis
2118 636 2490 705 orarejussit.
2505 639 2628 707 Ipse
2642 638 2896 692 estenim
2910 638 3391 709 etProphetarum
3412 644 3579 707 Deus,

1934 723 2031 794 qui
2050 722 2199 778 filios
2220 729 2526 795 parentum
2544 726 2817 781 manibus
2836 726 3120 781 immolari
3138 727 3581 792 sibi,utistecri-

1933 812 2331 882 minatur,non
2360 814 2544 869 solum
2570 832 2873 886 nunquam
2897 815 3304 883 voluit,verum
3320 818 3491 871 etiam
3510 834 3581 872 ne

1930 901 1988 956 id
2014 903 2195 970 ﬁeret,
2219 902 2278 956 in
2306 904 2453 974 Lege
2475 904 2798 959 constituit.
2826 904 2931 970 Qui
2955 905 3080 959 sine
3097 906 3427 977 acceptione
3451 923 3577 977 per-

1932 1008 2209 1047 sonarum
2229 993 2707 1049 benefaciendum
2729 994 3000 1049 omnibus
3017 994 3327 1049 intimavit.
3351 997 3476 1066 Ipse
3493 1002 3581 1052 est

1937 1080 2087 1135 enim
2117 1086 2172 1136 et
2192 1082 2612 1153 Prophetarum
2638 1087 2807 1150 Deus,
2832 1083 2931 1154 qui
2962 1084 3195 1153 quando
3223 1084 3348 1137 sine
3370 1085 3581 1139 discre-

1929 1169 2087 1225 tione
2105 1170 2286 1225 aetatis
2303 1176 2403 1226 aut
2420 1188 2591 1227 sexus
2609 1172 2793 1228 occidi
2808 1171 3075 1227 homines
3090 1172 3452 1241 jussit,unde
3470 1174 3579 1229 scit

1928 1257 2038 1313 iste
2066 1259 2152 1314 vel
2176 1261 2488 1332 quisquam
2508 1261 2647 1333 quid
2680 1262 2762 1316 eis
2796 1265 2927 1333 post
2958 1266 3202 1316 mortem
3238 1262 3399 1316 bona)
3422 1278 3577 1317 com-

1929 1350 2291 1419 pensationis
2310 1351 2595 1416 attribuit,
2616 1367 2866 1421 quorum
2890 1350 3180 1406 mortibus
3198 1350 3452 1405 viventes
3475 1355 3576 1407 aut

1928 1438 2255 1493 emendavit
2273 1443 2371 1495 aut
2395 1438 2637 1494 terruit?
2658 1439 2762 1505 Qui
2787 1456 2892 1494 nos
2926 1456 3086 1509 aequo
3109 1439 3303 1495 animo
3325 1439 3574 1509 injurias

1927 1524 2217 1579 sustinere
2246 1529 2302 1579 et
2331 1526 2547 1581 donare
2570 1527 2858 1598 praecepit.
2896 1527 3023 1598 Ipse
3055 1531 3144 1581 est
3174 1528 3329 1581 enim
3354 1533 3410 1582 et
3432 1527 3574 1582 Pro-

1926 1612 2234 1683 phetarum
2265 1614 2439 1682 Deus,
2464 1615 2563 1686 qui
2596 1615 2831 1670 oculum
2866 1632 2968 1687 pro
3000 1615 3187 1682 oculo,
3214 1617 3443 1671 dentem
3468 1634 3572 1688 pro

1924 1701 2118 1767 dente,
2151 1703 2388 1757 modum
2411 1704 2607 1774 posuit
2638 1723 2837 1775 poena),
2865 1722 2933 1759 ne
2965 1705 3276 1776 quisquam
3312 1706 3423 1761 sibi
3446 1723 3571 1760 am-

1924 1790 2080 1861 plius
2108 1794 2340 1862 putaret
2356 1792 2551 1847 deberi
2572 1793 3041 1865 vindictaa,quam
3067 1793 3569 1865 pertulissetinju-

1924 1878 2040 1933 riae.
2073 1880 2142 1933 Et
2174 1880 2281 1934 hoc
2315 1880 2465 1947 ideo,
2491 1881 2630 1952 quia
2659 1882 2730 1935 de
2760 1881 3047 1952 sapientia
3076 1882 3174 1936 Dei
3203 1882 3425 1937 dictum
3456 1887 3567 1950 est,

1924 1968 2075 2039 quod
2106 1969 2312 2040 Legem
2333 1973 2387 2024 et
2418 1970 2878 2025 misericordiam
2906 1971 2962 2024 in
2987 1968 3189 2042 lingua
3211 1975 3417 2041 portet.
3454 1972 3567 2028 Nec

1924 2074 2026 2129 per
2039 2057 2497 2114 misericordiam
2512 2059 3075 2114 debitadebitoribus
3090 2060 3304 2115 nostris
3317 2059 3571 2116 scienter

1925 2144 2064 2201 dimi
2077 2148 2497 2214 tteremus,nisi
2522 2163 2625 2219 per
2639 2148 2841 2219 Legem
2863 2149 2992 2221 ipsa
3004 2149 3199 2203 debita
3218 2150 3249 2203 d
3262 2149 3573 2205 iscernere-

1925 2252 2059 2290 mus
2076 2239 2115 2290 ί.
2141 2236 2245 2301 Qui
2262 2236 2321 2291 in
2343 2241 2875 2309 tantapotestatese
2898 2237 3217 2293 humilians
3244 2240 3315 2294 ad
3335 2256 3572 2295 conver-

1923 2325 2164 2380 tendosSi
2184 2341 2289 2380 nos
2312 2326 2497 2381 factus
2510 2326 2842 2392 homo,cum
2864 2326 3200 2382 hominibus
3218 2326 3572 2384 estiocutus.

1926 2414 2055 2484 Ipse
2083 2417 2171 2468 est
2199 2413 2355 2469 enim
2373 2419 2430 2469 et
2450 2420 2598 2470 Deus
2623 2415 3063 2487 Prophetarum,
3091 2416 3189 2486 qui
3213 2432 3346 2470 cum
3372 2415 3578 2487 primis

1925 2501 2190 2574 patribus
2215 2507 2304 2558 est
2323 2503 2553 2558 locutus
2582 2520 2595 2559 ι
2621 2503 2751 2559 ideo
2774 2509 2982 2575 prieter
3003 2520 3063 2558 se
3086 2504 3284 2559 dicens
3308 2521 3424 2559 non
3448 2520 3577 2561 esse

1925 2590 2106 2647 alium
2140 2597 2344 2659 Deum,
2378 2592 2515 2663 quia
2546 2592 2721 2647 etiam
2746 2609 2981 2647 summa
3012 2592 3284 2660 Trinitas,
3311 2598 3580 2650 manente

1925 2697 2309 2751 personarum
2334 2681 2682 2737 discretione
2701 2683 2720 2716 ³
2744 2698 2897 2736 unus
2920 2687 3009 2737 est
3030 2682 3315 2746 Deus.Qui
3341 2685 3583 2754 Aposto-

1926 2768 2001 2825 lis
2026 2770 2150 2825 suis
2172 2774 2237 2825 ut
2258 2771 2439 2842 gratis
2454 2771 2590 2825 dare
2602 2776 2797 2842 atquae
2823 2772 3005 2843 gratis
3020 2771 3578 2842 acceperant,jussit:

1928 2860 2000 2914 ad
2032 2860 2516 2915 sustentationem
2552 2864 2748 2915 tamen
2786 2877 2950 2916 suam
2977 2876 3081 2915 nec
3113 2859 3287 2915 aliam
3318 2861 3581 2915 tunicam

1929 2964 2129 3004 secum
2156 2949 2303 3004 ferre
2334 2949 2463 3004 ideo
2496 2949 2815 3017 constituit,
2850 2950 2991 3021 quia
3021 2955 3258 3005 secutus
3291 2949 3580 3020 adjunxit,

1930 3036 2142 3107 Dtgnus
2157 3046 2236 3092 est
2251 3040 2399 3092 enim
2420 3040 2707 3109 operarius
2722 3038 2971 3094 mercede
2984 3056 3083 3094 sua
3102 3039 3306 3109 (Matth.
3325 3056 3381 3107 x,
3399 3038 3577 3109 8—10);

1932 3132 1997 3181 ut
2026 3126 2126 3197 qui
2148 3126 2528 3199 Evangelium
2547 3128 2994 3197 annuntiabant,
3010 3145 3073 3184 ex
3099 3128 3409 3199 Evangelio
3428 3128 3582 3183 vive-

1933 3220 2061 3270 rent
2085 3216 2126 3286 (Ι
2146 3218 2249 3271 Cor
2292 3216 2472 3288 1x,l"1)
2498 3233 2510 3271 :
2538 3222 2646 3272 Deo
2669 3222 2861 3271 tamen
2884 3234 3127 3272 munera
3148 3216 3440 3271 offerenda
3455 3232 3584 3272 esse

1936 3305 2300 3374 monstravit,
2327 3306 2423 3375 qui
2450 3304 2671 3360 nullius
2690 3306 2930 3377 indiget,
2949 3311 3005 3360 et
3035 3322 3280 3360 munera
3300 3305 3583 3360 sumendo

1935 3392 2067 3464 plus
2085 3394 2323 3447 confert.
2345 3395 2471 3465 Ipse
2492 3399 2580 3449 est
2600 3395 2751 3449 enim
2779 3400 2836 3449 et
2862 3394 3282 3465 Prophetarum
3302 3392 3586 3465 Deus,qui

1934 3485 1993 3536 et
2022 3498 2266 3536 munera
2297 3499 2436 3537 suos
2467 3484 2729 3555 accipere
2759 3487 2931 3548 vetat,
2967 3485 3182 3554 quibus
3227 3486 3588 3537 excaecantur

1936 3569 3255 3643 oculijudicantium;etmuneraipse,quamvis
3269 3588 3381 3626 non
3399 3575 3585 3643 egeat,

1937 3658 2167 3729 accipit,
2204 3665 2265 3713 ut
2298 3660 2507 3730 pietate
2538 3662 2711 3715 faciat
2743 3661 3050 3731 opulentas
3082 3662 3309 3715 animas
3340 3661 3583 3715 offeren-

1938 3748 2109 3802 tium.
2161 3749 2264 3813 Qui
2321 3748 2579 3804 sabbatis
2630 3749 2926 3804 hominem
2979 3750 3221 3815 curavit,
3272 3750 3586 3805 ostendens

1931 3837 2056 3907 jam
2088 3853 2215 3890 esse
2245 3841 2500 3908 tempus,
2535 3843 2600 3892 ut
2628 3839 2951 3893 secundum
2979 3838 3342 3910 prophetiam
3366 3839 3587 3905 Cantici

1939 3925 2295 3980 canticorum
2331 3927 2617 3997 aspiraret
2638 3928 2783 3994 dies,
2808 3932 2864 3981 et
2893 3933 3333 3982 removerentur
3364 3928 3583 3982 umbra:

1939 4014 2119 4085 (Cant.
2152 4032 2214 4085 II,
2251 4017 2355 4085 17).
2390 4016 2519 4087 Ipse
2562 4024 2651 4072 est
2678 4017 2835 4071 enim
2866 4021 2921 4071 et
2960 4016 3377 4089 PrOphetarum
3412 4024 3582 4088 Deus,

1943 4103 2042 4176 qui
2075 4103 2367 4159 hominem
2402 4105 2560 4179 ligna
2590 4106 2850 4161 sabbatis
2873 4105 3259 4177 colligentem,
3282 4107 3415 4177 quia
3447 4122 3588 4160 non-

1946 4199 2022 4254 du
2032 4193 2121 4253 md
2134 4195 2878 4249 uorum‘Testamentorum
2892 4198 3005 4248 tem
3017 4211 3155 4265 pora
3168 4196 3587 4266 distinguebat,

1947 4288 2045 4345 sed
2076 4287 2283 4357 Legem
2312 4283 2401 4337 Dei
2437 4283 2761 4337 contumaci
2781 4286 2837 4337 et
2864 4282 3044 4353 impia
3075 4288 3263 4338 mente
3295 4288 3593 4355 contemp-

1947 4380 2121 4445 serat,
2154 4372 2534 4444 lapidandum
2565 4388 2694 4426 esse
2747 4372 3079 4439 mandavit;
3112 4374 3357 4443 ejusque
3388 4389 3593 4444 corpo-

1948 4465 2055 4521 rali
2085 4468 2270 4518 morte
2301 4462 2500 4533 (quam
2520 4464 2651 4532 post
2685 4459 2988 4532 paululum
3024 4462 3181 4515 omni
3214 4461 3437 4515 homini
3460 4461 3594 4533 quis

1946 4553 2175 4610 dubitet
2203 4550 2535 4605 adfuturam
2560 4550 2608 4620 7)
2639 4549 3055 4605 sanxittimore
3073 4550 3460 4605 obedientiam
3488 4568 3593 4605 cae-

1946 4643 2087 4699 teris
2122 4641 2505 4712 profuturam.
2539 4638 2644 4702 Qui
2696 4644 2928 4710 propter
2977 4638 3285 4694 salvandos
3326 4639 3593 4694 homines

1948 4750 2010 4788 se
2028 4730 2255 4787 venisse
2275 4727 2439 4781 dixit.
2467 4727 2595 4798 Ipse
2615 4732 2703 4781 est
2722 4727 2877 4781 enim
2900 4731 2957 4782 et
2974 4727 3391 4799 Prophetarum
3416 4728 3591 4794 Deus,

1948 4822 2049 4894 qui
2072 4816 2473 4891 justojudicio
2502 4832 2649 4887 quos
2680 4815 2803 4869 vult
2833 4817 3118 4871 obdurat:
3147 4816 3297 4871 sicut
3318 4816 3375 4869 in
3409 4816 3591 4897 Evan-

1950 4910 2099 4983 gelio
2121 4909 2161 4977 ⁵,
2194 4908 2349 4962 Venit
2372 4906 2429 4959 in
2455 4904 2755 4976 judicium,
2791 4921 2905 4959 non
2938 4905 3128 4960 solum
3162 4910 3222 4959 ut
3251 4906 3347 4976 qui
3369 4921 3478 4958 non
3510 4906 3593 4959 vi-

1949 5000 2075 5055 dent
2124 4996 2381 5055 videant;
2430 4995 2527 5049 sed
2575 4994 2751 5049 etiam
2798 5002 2861 5049 ut
2906 4996 3005 5065 qui
3048 4994 3250 5061 vident,
3283 4994 3414 5050 (arci
3459 4992 3598 5063 ﬁant

1950 5089 2133 5162 (Joan.
2158 5104 2232 5151 Ix,
2257 5085 2368 5155 39).
2392 5084 2496 5148 Qui
2532 5084 2808 5138 mandata
2834 5083 2957 5137 vita:
2978 5087 3267 5154 perpetuae
3298 5081 3465 5137 nobis
3497 5082 3595 5137 de-

1953 5180 2058 5234 dit.
2092 5182 2220 5249 Ipse
2251 5178 2341 5230 est
2373 5174 2525 5228 enim
2557 5177 2613 5228 et
2636 5172 3057 5243 Prophetarum
3090 5172 3265 5241 Deus,
3298 5171 3398 5242 qui
3433 5188 3597 5226 man-

1954 5266 2091 5322 data
2122 5268 2323 5320 sancta
2353 5267 2409 5317 et
2444 5262 2608 5333 justa
2640 5265 2695 5316 et
2728 5262 2897 5327 bona,
2934 5259 3204 5331 superbis
3233 5264 3451 5329 tamen,
3485 5276 3601 5315 non

1954 5356 2025 5412 de
2081 5354 2271 5426 ipsius
2320 5353 2527 5425 gratia,
2590 5351 2689 5406 sed
2740 5350 2809 5405 de
2850 5366 2957 5404 sua
3002 5349 3213 5405 virtute
3260 5348 3603 5416 fidentibus,

1958 5462 2072 5502 non
2123 5443 2339 5516 quibus
2392 5442 2670 5506 viverent,
2716 5439 2816 5494 sed
2869 5438 3086 5509 quibus
3120 5444 3505 5509 morerentur,
3542 5443 3607 5495 ut

2024 5537 2036 5569 ί
2075 5533 2257 5582 Plures
2285 5531 2429 5587 Mss,
2461 5529 2779 5577 disceremus.

2020 5598 2041 5667 ξ
2072 5598 2131 5667 In
2160 5592 2617 5667 priestantioribus
2649 5592 2789 5649 Mss.,
2822 5589 3202 5667 confortaudos:

2022 5660 2043 5695 ³
2072 5660 2148 5726 In
2162 5653 2350 5707 iisdem
2381 5658 2886 5726 hlss.,_personarum
2908 5653 3243 5726 preprietate.

2023 5724 2045 5758 ι
2074 5721 2288 5783 Aliquot
2317 5718 2669 5783 prob£e_M_ss.,
2700 5718 2960 5783 nonquia
2979 5718 3215 5783 duprum.

2023 5786 2044 5821 ³
2074 5784 2159 5834 Sic
2173 5778 2409 5832 'Mss.'At
2458 5780 2602 5844 editi,
2633 5781 2742 5843 qui,
2770 5778 2899 5830 sicut
2942 5780 2997 5830 in
3030 5778 3307 5844 Evangelia
3334 5781 3429 5839 ait,
3470 5780 3608 5829 venit

1962 5848 2017 5899 in
2042 5846 2313 5905 mundum,
2341 5857 2444 5894 non
2472 5841 2656 5904 solum;
2687 5846 2787 5893 etc.
