4094 6466
572 379 688 441 663
772 380 1085 443 CONTRA
1128 378 1696 440 ADVERSARIUM
1729 379 1901 440 LEG.
1937 378 2037 437 ET
2068 377 2485 449 PROPHE’I‘.,
2518 378 2581 437 S.
2618 375 3045 439 AUGUSTINI
3076 372 3309 435 LIBER
3338 373 3783 438 SECUNDUS.
3872 373 3997 435 664

574 511 1052 567 convincerentur
1103 511 1278 565 dedit.
1328 510 1487 565 Sicut
1517 508 1796 582 Apostoli,
1831 509 2058 564 dicente
2109 524 2220 563 uno

572 600 856 672 ipsorum,
891 600 1057 655 bonus
1084 600 1215 656 odor
1242 599 1450 657 Christi
1479 605 1661 665 erant,
1694 604 1750 655 et
1782 601 1840 653 in
1871 600 1955 653 his
1985 599 2081 669 qui
2106 599 2218 653 sal-

572 691 628 745 vi
656 689 874 760 fiebant,
908 692 962 743 et
992 690 1051 743 in
1084 689 1168 744 his
1198 691 1295 761 qui
1341 690 1638 760 peribant;
1683 690 1814 744 aliis
1843 688 2061 761 quidem
2090 687 2220 742 odor

573 780 705 835 vita
732 780 789 832 in
822 779 1007 844 vitam,
1040 778 1168 833 aliis
1196 778 1326 833 odor
1353 780 1543 833 mortis
1568 779 1624 833 in
1656 786 1879 833 mortem
1901 777 1973 847 (ll
2009 778 2129 831 Cor.
2157 793 2215 843 11,

577 868 663 935 15,
700 868 807 935 16).
840 868 948 931 Qui
975 867 1310 922 vitiatorum
1338 867 1498 924 salus
1530 868 1818 940 apparuit,
1854 868 2001 921 dans
2031 865 2217 920 inces-

574 971 705 1011 sum
739 956 985 1021 claudis,
1018 956 1280 1029 linguam
1333 958 1533 1025 mutis,
1567 957 1829 1011 auditum
1883 954 2101 1019 surdis,
2137 954 2217 1008 lu-

574 1062 707 1101 men
757 1046 943 1101 caecis.
980 1046 1106 1117 Ipse
1152 1050 1241 1100 est
1286 1046 1441 1101 enim
1480 1050 1536 1101 et
1586 1046 1998 1116 Prophetarum
2044 1044 2213 1113 Deus,

574 1132 675 1205 qui
705 1134 907 1189 eadem
933 1134 1049 1189 vita
1080 1150 1195 1188 non
1227 1133 1417 1190 solum
1450 1132 1995 1189 misericordissime
2025 1135 2214 1197 sanat,

572 1238 774 1280 verum
806 1222 981 1278 etiam
1006 1223 1337 1294 justissima
1368 1222 1661 1294 importat.
1700 1223 1895 1293 Neque
1925 1221 2083 1277 enim
2116 1222 2213 1276 de-

571 1312 669 1367 bet
699 1326 831 1367 eum
860 1312 1173 1384 quisquam
1205 1328 1318 1367 non
1343 1311 1538 1367 minus
1568 1311 1747 1383 impia
1778 1311 2031 1366 vanitate
2062 1309 2219 1365 Chri-

571 1404 660 1457 sto
715 1404 918 1472 putare
967 1401 1344 1470 contrarium,
1400 1405 1459 1457 et
1506 1401 1684 1457 istum
1735 1401 1952 1456 bonum
2003 1400 2213 1465 dicere,

570 1489 863 1546 Christum
897 1495 1091 1545 autem
1116 1490 1333 1546 malum
1366 1515 1379 1557 ;
1414 1505 1479 1546 eo
1507 1491 1660 1563 quod
1687 1490 1797 1546 iste
1828 1490 1886 1546 in
1917 1489 2079 1561 virga
2108 1494 2220 1544 Aa-

569 1594 675 1634 ron
706 1579 934 1634 aridum
970 1578 1217 1651 lignum,
1250 1583 1305 1635 et
1336 1578 1500 1635 nulla
1530 1579 1721 1635 radice
1742 1579 2080 1645 subnixum,
2112 1579 2215 1633 ﬂo-

569 1681 690 1722 rem
737 1666 886 1722 ferre
918 1668 1053 1723 fecit
1083 1671 1138 1721 et
1169 1668 1462 1735 fructum;
1498 1665 1765 1722 Christus
1816 1671 2013 1722 autem
2045 1666 2213 1721 arbo-

568 1771 691 1810 rem
723 1756 1029 1812 maledicto
1061 1756 1314 1820 arefecit,
1348 1755 1485 1827 quia
1516 1755 1661 1811 nihil
1694 1756 1752 1810 in
1785 1773 1850 1811 ea
1883 1772 2212 1828 pomorum,

569 1861 820 1918 quorum
854 1846 1114 1901 nondum
1147 1850 1271 1900 erat
1298 1850 1551 1917 tempus,
1584 1846 1821 1902 invenit.

640 1953 873 2008 CAPU'P
904 1953 1026 2008 XII.
1051 1983 1118 1993 —
1138 1954 1227 2007 38.
1257 1953 1459 2008 Dicens
1491 1958 1685 2009 autem
1708 1952 2035 2009 alium‘esse
2055 1954 2213 2025 pacis

568 2046 625 2099 et
646 2042 947 2097 charitatis
974 2042 1406 2115 patrem,alium
1430 2042 1561 2098 belli
1583 2050 1637 2097 et
1660 2043 1870 2098 furoris
1895 2048 2212 2112 auctorem;

567 2130 738 2187 illum
761 2131 957 2187 volens
975 2130 1219 2205 intelligi
1242 2132 1723 2202 Christum,bunc
1746 2137 1939 2188 autem
1968 2132 2137 2204 Legis
2160 2136 2216 2188 et

568 2221 985 2294 Prophetarum
1001 2221 1212 2277 Deum:
1234 2226 1426 2293 potest
1441 2238 1624 2278 vanus
1638 2222 1827 2278 dicere
1840 2222 2032 2294 ipsum
2052 2223 2129 2277 Ch
2139 2222 2213 2277 ri-

566 2314 721 2367 stum
737 2310 845 2366 sibi
861 2326 987 2365 esse
1001 2310 1647 2378 contrarium,autduos
1666 2310 1983 2377 fuisse,non
2006 2328 2211 2383 unum,

565 2399 719 2455 inter
739 2416 799 2455 se
816 2398 1037 2454 scilicet
1062 2404 1484 2471 repugnantes;
1510 2398 1691 2456 alium
1714 2400 1813 2471 qui
1835 2400 1997 2467 dixit,
2020 2407 2216 2457 Pacem

569 2490 643 2546 do
674 2490 820 2545 vobis
838 2490 1014 2560 (Joan.
1037 2504 1149 2556 x1v,
1173 2490 1264 2560 27)
1290 2507 1302 2556 ;
1336 2493 1392 2544 et
1413 2489 1590 2544 alium
1625 2491 1724 2561 qui
1749 2490 1911 2560 dixit,
1946 2491 2062 2546 Non
2092 2492 2218 2546 veni

562 2594 753 2651 pacem
790 2580 1006 2633 mittere
1036 2579 1091 2632 in
1124 2582 1347 2645 terram,
1380 2580 1479 2634 sed
1505 2579 1752 2650 gladium
1774 2579 1979 2651 (Matth.
2007 2598 2060 2647 x,
2083 2581 2174 2651 34)
2200 2597 2212 2635 :

569 2668 820 2724 maxime
842 2667 981 2739 quia
1001 2666 1270 2739 displicet
1287 2668 1336 2722 ei
1358 2685 1447 2723 res
1466 2667 1695 2739 aliquas
1718 2670 1899 2725 bonas
1926 2669 2215 2725 malarum

570 2750 908 2812 nominibus
940 2756 1199 2827 figurari.
1235 2757 1395 2821 Quod
1427 2774 1559 2812 vero
1589 2757 1769 2814 alium
1802 2758 1943 2814 dicit
1971 2775 2099 2815 esse
2129 2759 2217 2813 in-

570 2850 763 2902 cestus
781 2849 837 2901 et
857 2844 1277 2901 adulteriorum
1301 2846 1813 2910 conscium,alium
1836 2865 1968 2903 vero
1992 2849 2215 2919 pudicae

569 2935 855 2991 castitatis
877 2940 932 2990 et
949 2934 1349 2989 sanctimoniae
1366 2935 1705 2992 dominum:
1729 2936 1895 2992 illum
1918 2936 2215 2992 diabolum

568 3023 893 3096 intelligat;
930 3023 1353 3096 Prophetarum
1388 3028 1582 3080 autem
1631 3025 1817 3081 Deum
1851 3027 2072 3082 noverit
2102 3043 2214 3083 non

568 3113 767 3168 minus
791 3112 1075 3167 castitatis
1088 3113 1554 3169 etsanctimoniaa
1574 3114 1875 3169 dominum
1901 3132 2023 3171 esse
2041 3132 2216 3186 quam

568 3201 865 3260 Christum
891 3217 903 3256 :
929 3201 1068 3273 quia
1091 3206 1240 3258 Deus
1262 3201 1672 3274 Apostolorum
1694 3203 1848 3259 idem
1871 3204 1995 3276 ipse
2017 3209 2073 3259 et
2087 3209 2218 3259 Pro-

572 3288 903 3364 phetarum,
929 3289 1190 3362 priorum
1214 3289 1332 3345 illis
1356 3295 1634 3362 tempore,
1658 3293 1758 3347 sed
1774 3293 1886 3349 fide
1904 3293 2215 3362 sociorum;

572 3378 698 3453 ipse
730 3383 819 3435 est
849 3378 1002 3434 Deus
1033 3379 1092 3433 in
1125 3382 1373 3451 utroque
1403 3379 1774 3437 Testamento
1797 3382 1946 3452 justi
1980 3386 2144 3438 actus
2166 3386 2221 3438 et

573 3467 803 3542 piarum
835 3468 1185 3536 orationum,
1220 3467 1345 3541 ipse
1374 3474 1462 3525 est
1492 3468 1550 3524 in
1581 3475 1827 3543 utroque
1860 3475 2058 3528 auctor
2087 3471 2218 3527 reli-

576 3558 875 3631 giosorum
906 3558 1349 3614 sacrificiorum.

648 3669 737 3725 39.
751 3668 956 3725 Videte
979 3685 1117 3725 sane
1136 3670 1289 3726 unde
1308 3670 1551 3742 probare
1571 3670 2221 3727 voluerithumanorum

579 3774 888 3832 corporum
919 3759 1079 3828 vitia,
1110 3775 1223 3814 non
1254 3760 1325 3814 ad
1354 3761 1533 3814 Deum
1557 3766 1877 3832 auctorem,
1903 3762 2003 3815 sed
2032 3761 2224 3832 potius

580 3848 651 3903 ad
675 3848 970 3905 diabolum
994 3848 1309 3920 pertinere:
1329 3848 1464 3919 quia
1490 3850 1769 3904 Dominus
1788 3850 1867 3904 ait
1886 3850 1945 3904 in
1970 3851 2223 3921 Evange-

574 3936 759 4007 lio,de
783 3937 1023 3993 muliere
1048 3954 1223 4003 quam
1249 3954 1451 3992 sanam
1486 3937 1637 4007 fecit,
1661 3939 1810 4008 quod
1837 3954 1964 3993 eam
1988 3944 2225 3995 satanas

573 4024 913 4097 alligaverat
934 4026 1131 4081 decem
1162 4030 1219 4081 et
1247 4030 1375 4081 octo
1404 4042 1588 4081 annos
1612 4044 1625 4093 ;
1663 4030 1895 4099 propter
1919 4029 2071 4099 quod
2104 4033 2227 4083 erat

572 4114 833 4183 incurva,
878 4132 982 4170 nec
1010 4131 1072 4171 se
1119 4116 1339 4187 erigere
1372 4120 1600 4186 poterat
1648 4117 1799 4186 (Luc.
1832 4134 1956 4188 χιιι,
1991 4118 2220 4185 11-16):

573 4222 743 4278 quasi
768 4208 1030 4271 satanas,
1056 4220 1185 4259 cum
1221 4204 1434 4258 habeat
1456 4220 1689 4277 semper
1718 4206 2096 4277 cupiditatem
2122 4224 2225 4262 no-

573 4294 761 4361 cendi,
789 4309 995 4348 nocere
1026 4293 1301 4364 cuiquam
1328 4293 1533 4363 possit,
1564 4294 1678 4350 nisi
1712 4295 1783 4349 ab
1817 4294 2226 4367 Omnipotente

574 4381 860 4453 acceperit
901 4384 1271 4452 potestatem.
1303 4380 1447 4435 Nam
1499 4382 1635 4453 quid
1670 4383 1851 4451 aliud,
1885 4402 2001 4440 non
2033 4384 2224 4440 solum

573 4470 633 4525 in
656 4469 804 4525 libro
824 4469 954 4536 Job,
983 4486 1156 4539 quem
1182 4471 1438 4541 profecto
1460 4471 1567 4526 iste
1594 4489 1704 4527 non
1733 4473 1963 4545 accipit,
1985 4474 2084 4529 sed
2110 4490 2227 4529 ma-

573 4558 661 4633 gis
686 4560 743 4613 in
764 4558 889 4630 ipso
912 4558 1216 4630 Evangelio
1231 4559 1589 4615 declaratum
1616 4561 1831 4631 est,ubi
1856 4563 2104 4633 spiritus
2123 4563 2226 4617 im-

574 4648 779 4703 mundi
810 4664 913 4703 nec
945 4648 1002 4702 in
1036 4664 1241 4719 porcos
1292 4648 1460 4716 irent,
1496 4650 1607 4704 nisi
1647 4651 1755 4705 hoc
1789 4650 1903 4706 illis
1936 4652 2224 4724 benignus

570 4736 697 4809 ipse
720 4737 980 4793 Salvator
997 4737 1349 4808 petentibus,
1367 4755 1514 4809 quos
1532 4744 1685 4795 certe
1708 4740 1765 4793 in
1791 4740 2064 4811 abyssum
2087 4758 2224 4813 pos-

574 4831 659 4883 set
690 4825 967 4899 relegare,
997 4827 1337 4883 concederet
1355 4829 1565 4897 (Matth.
1591 4846 1690 4895 v11,
1716 4829 1804 4899 31,
1832 4830 1901 4883 32
1933 4846 1946 4884 :
1982 4846 2101 4886 rem
2124 4846 2222 4886 ne-

574 4916 889 4972 cessariam
923 4916 1127 4972 docere
1159 4933 1264 4972 nos
1298 4915 1518 4984 volens,
1544 4923 1607 4972 ut
1638 4917 1860 4973 scilicet
1891 4919 2224 4974 noverimus

576 5005 758 5060 multo
793 5004 987 5061 minus
1018 5022 1118 5061 eos
1143 5022 1313 5077 posse
1345 5022 1452 5061 sua
1486 5010 1771 5078 potestate
1804 5023 2007 5062 nocere
2030 5006 2222 5063 homi-

576 5094 770 5161 nibus,
806 5093 907 5165 qui
934 5110 1039 5149 nec
1086 5095 1395 5165 pecoribus
1449 5094 1975 5167 qualibuscumque
2020 5102 2223 5168 potue-

573 5185 760 5239 runt?
787 5187 949 5238 Hanc
982 5188 1179 5239 autem
1214 5187 1563 5255 potestatem
1598 5184 1749 5239 Deus
1778 5185 1965 5241 bonus
1998 5186 2223 5241 occulta

574 5272 990 5343 nobisjustitia
1022 5271 1160 5327 dare
1188 5276 1401 5344 potest,
1437 5274 1656 5343 injuste
1690 5290 1801 5329 non
1833 5278 2045 5345 potest.

644 5379 731 5434 40.
756 5378 970 5434 Deinde
997 5379 1151 5450 quod
1174 5378 1245 5433 de
1276 5378 1567 5435 Anchristi
1600 5380 1849 5437 adventu
1888 5386 1943 5437 et
1971 5381 2221 5439 elatione

572 5467 755 5539 impia
784 5467 929 5523 dixit
958 5466 1295 5539 Apostolus,
1325 5468 1487 5525 velut
1517 5469 1625 5525 iste
1643 5470 1712 5525 ad
1745 5471 1853 5527 hoc
1883 5472 2134 5540 trahere,
2158 5476 2222 5527 ut

571 5556 769 5629 ipsum
784 5556 1188 5628 intelligamus
1202 5556 1623 5630 PrOphetarum
1634 5562 1812 5616 Deum
1830 5577 1842 5616 :
1861 5562 2014 5617 unde
2026 5562 2220 5632 potius

574 5644 941 5703 convincitur
970 5645 1111 5701 illud
1144 5646 1247 5702 Dei
1296 5662 1423 5703 esse
1454 5648 1759 5721 templum,
1793 5650 1891 5704 ubi
1923 5649 2219 5705 hominem

575 5734 1011 5807 peccati,filium
1027 5735 1695 5807 interitus,extollentem
1714 5755 1775 5793 se
1794 5754 1970 5809 super
1986 5754 2219 5794 omnem

574 5824 779 5893 Deum,
804 5831 858 5881 et
874 5841 1051 5898 super
1069 5841 1242 5883 omne
1263 5826 1416 5897 quod
1439 5826 1666 5899 colitur,
1693 5825 2002 5899 Apostolus
2024 5843 2218 5886 sessu~

2330 524 2459 563 rum
2492 524 2621 563 esse
2649 507 2795 562 dixit
2843 507 2914 579 (II
2951 506 3125 562 Thess.
3162 522 3225 571 ιι,
3251 506 3306 575 3,
3329 506 3401 576 4).
3444 506 3598 562 Deus
3620 507 3782 563 enim
3812 524 3989 564 verus

2328 597 2502 666 est,in
2525 597 2695 668 cujus
2719 595 2934 666 templo
2960 594 3257 652 falsusille
3279 612 3549 651 sessurus
3568 601 3657 651 est
3677 614 3690 652 ε
3718 598 3789 652 ad
3812 614 3989 669 quem

2328 687 2577 759 pertinet
2602 686 2776 742 etiam
2798 686 2926 753 iste,
2948 686 3046 757 qui
3076 686 3185 740 sub
3205 686 3441 741 nomine
3463 685 3702 754 Christi,
3720 688 3882 757 quod
3904 692 3992 743 est

2328 792 2539 831 nomen
2591 776 2707 841 Dei,
2740 775 2847 829 hoc
2885 780 2992 845 est,
3025 774 3412 830 christianum
3444 791 3506 830 se
3547 775 3730 830 videri
3764 776 3987 845 volens,

2326 864 2803 937 superextollitur
2823 869 3021 920 contra
3046 862 3340 920 Christum
3366 889 3380 927 ς
3405 881 3583 937 seque
3606 866 3869 921 ostendit
3892 883 3989 922 an-

2325 954 2802 1021 tichristum,non
2830 969 3005 1009 unum
3029 953 3196 1007 illum
3227 954 3503 1025 majorem
3532 954 3900 1021 caeteris,sed
3921 971 3989 1010 ex

2327 1042 2417 1098 his
2433 1042 2683 1114 aliquem
2700 1044 2770 1098 de
2794 1043 3007 1115 quibus
3022 1042 3423 1098 dicitJoannes
3436 1043 3990 1115 evangelista,Nunc

2323 1133 2643 1189 antichristi
2668 1133 2830 1188 mulli
2858 1131 3000 1205 facti
3022 1136 3148 1187 sunt
3179 1133 3222 1203 (Ι
3253 1133 3409 1188 Ιοαη.
3444 1149 3506 1199 ιι,
3540 1134 3650 1205 48).
3679 1134 3792 1189 Eos
3825 1134 3988 1189 enim

2325 1221 2553 1276 dicebat
2577 1221 2895 1289 haereticos,
2913 1221 3011 1293 qui
3030 1221 3395 1291 temporibus
3420 1222 3840 1294 Apostolorum
3859 1240 3989 1279 esse

2316 1309 2443 1381 jam
2476 1313 2788 1382 coeperant.
2822 1309 2887 1363 Hi
2912 1314 3105 1365 autem
3139 1315 3436 1381 coeperunt
3457 1328 3585 1367 esse
3612 1317 3747 1383 post
3775 1329 3988 1368 ascen-

2324 1398 2547 1454 sionem
2578 1399 2863 1454 duntaxat
2891 1398 2948 1453 in
2982 1398 3192 1454 cretum
3228 1400 3453 1454 Domini
3484 1401 3626 1456 Jesu
3644 1401 3890 1473 Christi,
3916 1403 3989 1458 ab

2322 1486 2421 1543 illo
2451 1487 2688 1544 Simone
2709 1504 3084 1560 mago,quem
3105 1488 3355 1561 legimus
3376 1490 3433 1544 in
3458 1489 3699 1547 Actibus
3725 1496 3987 1564 Aposto-

2324 1575 2512 1633 lorum
2552 1576 2905 1649 baptizatum
2937 1578 3071 1647 (Act.
3104 1594 3227 1648 vm,
3264 1579 3371 1650 13).
3427 1580 3561 1635 Post
3591 1580 3751 1637 hunc
3782 1586 3987 1637 autem

2323 1666 2559 1722 fuerunt
2588 1665 2853 1722 nonnulli
2886 1666 3158 1738 discipuli
3184 1666 3409 1739 cjus,in
3440 1668 3644 1724 eadem
3677 1667 3988 1741 impietate

2323 1756 2674 1828 posteriores
2706 1755 2997 1827 prioribus
3030 1756 3442 1811 succedentes:
3468 1773 3717 1829 quorum
3752 1758 3814 1813 in
3841 1775 3983 1814 suc-

2323 1846 2583 1901 cessione
2597 1850 2843 1917 quartus
2859 1845 3074 1899 exstitit
3094 1845 3372 1902 Basilides
3396 1848 3435 1917 ί,
3452 1845 3549 1916 qui
3566 1846 3795 1918 primus
3810 1865 3985 1919 aper-

2322 1934 2439 1991 tius
2462 1952 2642 1990 ausus
2663 1934 3165 2005 estdicere,Deum
3192 1951 3363 2007 quem
3389 1952 3532 2008 gens
3554 1935 3759 1992 Judtea
3777 1937 3982 2006 coluit,

2324 2041 2437 2079 non
2462 2024 2643 2079 fuisse
2656 2041 2856 2079 verum
2882 2025 3220 2080 deum.Post
3241 2026 3384 2081 istos
3408 2025 3520 2080 fuit
3538 2026 3777 2097 quidam
3796 2026 3984 2083 etiam

2322 2116 2716 2185 Carpocrates,
2748 2113 2846 2185 qui
2881 2113 3111 2185 negavit
3143 2113 3318 2169 istum
3360 2114 3649 2170 visibilem
3685 2117 3984 2172 mundum

2323 2220 2357 2259 a
2385 2219 2618 2258 summo
2634 2202 2748 2258 Deo
2781 2204 3182 2271 creatum,sed
3217 2220 3249 2257 a
3272 2204 3626 2276 quibusdam
3659 2205 3988 2263 virtutibus

2322 2291 2779 2348 daamoniorum’
2805 2308 2817 2346 :
2846 2308 3065 2363 negans
3088 2292 3262 2347 etiam
3291 2292 3502 2364 Legem
3530 2310 3656 2366 quis
3690 2311 3793 2366 per
3814 2295 3986 2367 Moy-

2322 2398 2423 2439 sen
2458 2382 2595 2437 data
2624 2385 2732 2449 est,
2767 2386 2947 2437 Deum
2981 2380 3232 2437 dedisse.
3265 2381 3487 2437 Cerdon
3538 2388 3739 2455 postea
3779 2401 3985 2441 surre-

2323 2473 2423 2538 xit,
2460 2471 2559 2543 qui
2591 2471 2818 2544 primus
2849 2471 3145 2526 invenitur
3175 2470 3391 2527 dixisse
3423 2472 3569 2527 duos
3601 2472 3765 2541 deos,
3791 2491 3981 2530 unum

2321 2562 2565 2629 bonum,
2599 2566 2656 2617 et
2688 2562 2937 2617 alterum
2971 2559 3216 2627 malum,
3251 2560 3420 2633 longe
3452 2567 3772 2633 antequam
3805 2564 3992 2620 haere-

2324 2651 2407 2707 sis
2456 2650 2907 2706 Manichaeorum
2958 2649 3314 2717 emersisset,
3348 2666 3598 2721 quorum
3633 2653 3694 2707 in
3744 2652 3857 2709 hoc
3892 2654 3978 2709 fu-

2326 2742 2475 2796 rioso
2509 2739 2889 2795 deliramento
2934 2756 3096 2795 error
3124 2745 3210 2794 est
3242 2739 3451 2795 notior.
3483 2741 3671 2811 Hujus
3701 2742 3990 2799 Cerdonis

2324 2830 2578 2887 Marcion
2597 2829 2926 2901 discipulus
2946 2830 3073 2884 fuit.
3088 2827 3317 2900 Apelles
3335 2846 3568 2902 quoque
3586 2830 3729 2886 talia
3758 2833 3985 2890 docuit.

2328 2920 2766 2975 Fueruntetiam
2784 2936 2817 2974 a
2838 2919 3347 2990 quodamPatricio
3371 2920 3985 2988 nonnulliPatrieiani,

2324 3009 2410 3065 vel
2434 3010 2627 3074 sunt3,
2644 3008 2917 3063 similiter
2934 3008 3307 3064 adversantes
3331 3008 3543 3064 divinis
3564 3010 3861 3066 veteribus
3888 3011 3985 3067 Li-

2323 3098 2467 3154 bris.
2500 3098 2567 3152 Hi
2613 3115 2815 3154 omnes
2848 3097 3215 3170 apertissime
3245 3104 3446 3154 contra
3475 3099 3658 3155 Deum
3708 3101 3985 3157 sentiunt

2327 3187 2496 3259 Legis
2527 3192 2583 3243 et
2605 3186 3047 3258 Prophetarum,
3069 3187 3177 3242 hoc
3199 3191 3308 3255 est,
3332 3192 3511 3244 Deum
3535 3205 3759 3260 verum,
3794 3207 3829 3246 a
3859 3207 3981 3263 quo

2327 3277 2517 3333 factus
2539 3280 2627 3332 est
2652 3277 2907 3331 mundus
2956 3281 3030 3332 De
3053 3276 3251 3347 aliqua
3272 3276 3521 3333 istorum
3544 3277 3754 3334 haeresi
3780 3284 3871 3336 est
3901 3280 3989 3337 is-

2326 3370 2382 3422 te
2411 3382 2423 3420 :
2460 3382 2595 3420 nam
2630 3382 2744 3420 non
2774 3382 2907 3421 eum
2941 3369 3079 3437 puto
3109 3382 3238 3421 esse
3280 3365 3686 3423 Manicheum.

2401 3456 2488 3510 41.
2522 3455 2629 3510 Sed
2677 3453 2993 3525 cujuslibet
3041 3454 3117 3509 sit
3146 3454 3400 3510 haeretici
3448 3456 3680 3525 erroris,
3713 3457 3806 3513 vel
3838 3458 3989 3531 ipse,

2329 3544 2417 3601 vel
2450 3544 2748 3600 Fabricius
2793 3544 2986 3599 nescio
3038 3543 3196 3615 quis,
3227 3544 3399 3615 cujus
3431 3560 3492 3600 se
3522 3545 3812 3617 gloriatur
3864 3564 3994 3604 esse

2333 3634 2711 3706 discipulum,
2740 3636 3029 3704 quantum
3050 3633 3120 3687 ad
3153 3632 3307 3688 hunc
3339 3633 3556 3689 librum
3582 3635 3790 3692 attinet
3815 3653 3994 3708 quem

2334 3724 2601 3794 misistis,
2638 3723 2782 3779 satis
2813 3722 2863 3777 ei
2895 3726 3036 3795 puto
3079 3738 3205 3778 esse
3260 3740 3631 3796 responsum.
3668 3726 3748 3780 Ea
3779 3729 3998 3801 quippe

2333 3813 2546 3868 furoris
2577 3813 2707 3884 ejus
2738 3811 2962 3881 dejecta
2992 3817 3131 3867 sunt
3159 3812 3389 3881 robora,
3422 3830 3490 3869 ex
3519 3814 3736 3886 quibus
3761 3832 3993 3887 omnes,

2334 3919 2481 3974 quas
2514 3901 2570 3956 in
2601 3918 2665 3957 eo
2697 3899 2994 3957 volumine
3025 3901 3280 3973 scripsit,
3316 3902 3696 3974 blasphemiae
3744 3905 3995 3976 pullula-

2334 3995 2492 4053 runt,
2526 3990 2898 4063 impiissimis
2930 3990 2991 4045 in
3025 3991 3207 4047 Deum
3243 3991 3570 4048 maledictis
3597 3999 3771 4065 atque
3802 3996 3998 4053 convi-

2334 4079 2438 4135 ciis
2469 4079 2624 4135 varia
2669 4080 3017 4151 loquacitate
3068 4081 3427 4137 frondentes.
3482 4084 3741 4148 Quarum
3784 4102 3993 4142 omnes

2336 4168 2680 4241 singillatim
2730 4186 2926 4225 ramos
2959 4170 3147 4239 ferire,
3196 4170 3373 4226 nimis
3408 4171 3646 4243 longum
3693 4173 3805 4228 fuit
3839 4190 3854 4230 :
3890 4176 3991 4231 sed

2338 4258 2563 4314 radices
2596 4258 2732 4330 ipsae
2775 4258 3003 4315 fuerant
3047 4261 3437 4332 amputandae.
3472 4262 3530 4317 Si
3562 4266 3755 4317 autem
3788 4280 3992 4321 recen-

2333 4348 2509 4403 seatis
2565 4365 2691 4419 quas
2722 4352 2921 4403 contra
2970 4349 3249 4404 Faustum
3302 4349 3693 4405 manichaeum
3744 4352 3992 4424 scripsi-

2334 4454 2487 4503 mus,
2547 4442 2603 4491 et
2647 4443 2848 4494 contra
2892 4438 3292 4507 Adimantum,
3355 4439 3454 4511 qui
3503 4440 3803 4496 Manichaei
3855 4460 3991 4499 sec-

2332 4530 2483 4582 tator
2509 4543 2641 4581 cum
2673 4527 2772 4582 ille
2814 4527 3027 4583 viveret
3056 4528 3236 4583 fuisse
3275 4530 3554 4599 jactatur,
3592 4530 3781 4586 multa
3824 4549 3991 4604 repe-

2333 4616 2493 4671 rietis
2516 4633 2643 4688 quae
2667 4616 2944 4671 adversus
2967 4616 3143 4672 istum
3159 4618 3376 4689 pariter
3396 4618 3723 4674 valeant.Et
3743 4622 3993 4677 fortasse

2332 4706 2379 4763 si
2405 4707 2504 4762 illa
2533 4707 2881 4778 legerentur,
2907 4707 2992 4763 vel
3025 4726 3140 4763 non
3173 4709 3435 4780 omnino,
3460 4708 3547 4765 vel
3580 4727 3693 4765 non
3728 4710 3991 4768 multum

2333 4798 2729 4852 necessarium
2763 4797 2968 4853 fuisset
2998 4798 3120 4853 haec
3152 4799 3425 4855 scribere.

2405 4887 2491 4940 42.
2527 4886 2677 4941 Sane
2704 4891 2834 4957 post
2866 4887 3039 4942 finem
3065 4886 3222 4958 libri,
3258 4888 3315 4942 in
3348 4904 3462 4958 quo
3493 4888 3609 4945 fine
3632 4889 3987 4960 paucitatem

2331 4974 2636 5030 hominum
2687 4975 2745 5029 in
2778 4992 2882 5031 suo
2916 4992 3109 5031 errore
3140 4978 3534 5045 commendat,
3567 4978 3669 5050 qui
3717 4980 3989 5038 videlicet

2332 5080 2651 5136 paucorum
2674 5069 2762 5120 est
2777 5064 3099 5136 sapientia:
3124 5067 3279 5137 quod
3305 5066 3579 5122 omnibus
3593 5068 3989 5126 haereticisad-

2331 5154 2604 5211 versariis
2627 5153 2894 5210 Ecclesiae
2930 5153 3246 5222 catholica,
3280 5172 3409 5226 quas
3440 5173 3543 5228 per
3573 5173 3780 5214 omnes
3801 5164 3986 5216 terras

2332 5246 2568 5317 copiosa
2593 5245 2886 5301 fertilitate
2908 5246 3279 5313 diffunditur,
3308 5247 3363 5301 in
3390 5264 3497 5302 sua
3520 5247 3731 5320 cuique
3752 5252 3987 5322 propria

2330 5335 2583 5391 vanitate
2605 5352 2911 5390 commune
2926 5339 3041 5403 est;
3066 5352 3267 5391 omnes
3291 5336 3445 5391 enim
3469 5337 3539 5393 de
3554 5338 3851 5409 paucitate
3863 5340 3985 5413 glo-

2333 5424 2579 5492 riantur,
2611 5428 2668 5480 et
2698 5428 2765 5480 ut
2794 5425 3069 5481 seducere
3100 5424 3332 5497 possint
3362 5425 3805 5486 multitudinem
3828 5446 3983 5503 quae—

2393 5652 2409 5686 ί
2449 5649 2610 5699 Vetus
2638 5647 2761 5698 Mss.
2792 5648 3152 5709 Remigianul,
3183 5648 3503 5700 Bassz'lides.1

2391 5714 2412 5745 ί
2440 5713 2497 5760 In
2528 5711 2670 5770 Mss.,
2703 5709 2976 5760 virtutibus
3004 5712 3235 5761 deorum.

2390 5775 2411 5809 ι
2440 5776 2585 5839 ιρι,
2616 5775 2705 5839 ᾳᾳὶ
2730 5777 2868 5839 sunt.
2908 5775 3045 5839 Editi
3074 5776 3181 5839 alii,
3212 5775 3294 5839 vei
3330 5778 3469 5826 sunt.
3500 5775 3595 5826 His
3623 5780 3968 5833 consentiunt

2327 5837 2451 5888 Mss.
2482 5838 2538 5888 in
2566 5837 2759 5903 quibus
2785 5838 2922 5899 loco,
2954 5837 3253 5902 Pati-ieiuni,
3284 5838 3494 5905 legitur.
3522 5839 3795 5896 Ραινίοἰηί.
