4094 6464
223 452 337 512 665

221 587 435 639 runt‘:
465 588 598 657 post
632 584 785 639 hunc
822 600 957 655 ergo
1001 583 1176 639 finem
1208 584 1364 654 libri,
1389 601 1594 640 rursus
1621 582 1861 639 alterius

218 674 795 744 apparetexordium,
829 674 1091 742 ejusdem
1113 674 1353 729 forsitan
1386 673 1640 729 hominis
1672 676 1865 728 aucto-

219 760 595 831 ris,ejusdem
628 763 1006 834 tamen,quod
1022 780 1136 817 non
1160 761 1863 828 dubitatur,erroris.Dis-

216 856 429 922 putare
456 857 647 907 autem
681 856 950 923 cmperat,
971 853 1120 923 quod
1154 869 1286 908 caro
1310 852 1490 907 alium
1514 852 1751 907 haberet
1774 852 1865 906 fa-

218 939 717 1007 bricatorem,non
741 946 921 995 Deum
942 957 954 995 :
974 941 1126 996 unde
1144 958 1273 996 cum
1291 958 1581 1013 perpauca
1603 941 1860 1009 dixisset,

215 1027 280 1085 in
300 1029 427 1101 ipso
446 1028 677 1085 exordio
701 1035 886 1101 empta
904 1030 1070 1085 finita
1091 1048 1155 1086 su
1167 1031 1359 1085 nt.Sed
1378 1036 1571 1085 utrum
1594 1030 1717 1101 ipse
1732 1047 1865 1085 auc-

214 1122 312 1174 tor
331 1136 399 1173 an
426 1119 677 1190 scriptor
692 1120 911 1174 codicis
926 1137 1037 1175 non
1062 1120 1318 1191 potuerit
1334 1119 1573 1189 implere
1589 1120 1739 1189 quod
1757 1136 1864 1174 caa-

212 1213 403 1279 perat,
425 1208 639 1263 nescio.
660 1207 737 1263 De
761 1208 867 1263 hac
887 1214 1082 1264 tamen
1108 1207 1400 1264 dementia
1428 1207 1730 1263 hominum
1750 1223 1862 1262 non

210 1297 713 1353 considerantium
729 1298 866 1369 quid
881 1297 1498 1369 loquantur,adversus
1513 1296 1863 1353 Manichaaos

210 1385 539 1457 multajam
559 1386 1071 1459 scripsimus.Etin
1090 1386 1470 1459 hujusipsius
1488 1386 1679 1458 operis
1697 1385 1861 1441 initio

205 1475 443 1545 idonea,
479 1480 765 1547 quantum
796 1477 1085 1542 existimo,
1109 1476 1270 1546 jacta
1300 1479 1438 1531 sunt
1460 1475 1858 1544 fundamenta,

212 1566 439 1637 quibus
468 1565 727 1637 prudens
757 1569 813 1620 et
862 1567 991 1637 pius
1038 1564 1216 1621 lector
1247 1564 1550 1636 intelligat,
1584 1581 1698 1619 non
1731 1564 1858 1619 ideo

205 1653 677 1709 subtrahendam
702 1670 941 1709 carnem
973 1654 1248 1726 operibus
1282 1654 1401 1720 Dei,
1428 1654 1581 1725 quod
1615 1652 1858 1725 spiritus

205 1746 424 1799 natura
450 1744 527 1800 sit
545 1743 734 1815 potior
757 1762 769 1811 ;
788 1760 892 1798 nec
906 1744 1032 1799 ideo
1047 1741 1201 1798 mala
1215 1758 1342 1797 esse
1365 1742 1475 1797 ista
1493 1740 1854 1812 temporalia,

207 1832 354 1903 quia
387 1832 591 1888 merito
613 1832 696 1888 eis
718 1836 1139 1904 praeponuntur
1161 1837 1373 1887 (eterna
1398 1850 1409 1898 ;
1430 1848 1533 1887 nec
1553 1832 1681 1887 ideo
1704 1832 1858 1887 bona

204 1923 511 1977 terrestria
542 1922 905 1989 detestanda,
955 1921 1096 1993 quia
1128 1924 1265 1976 sunt
1295 1920 1553 1976 cmlestia
1579 1920 1852 1977 meliora:

206 2027 347 2067 cum
375 2010 526 2067 Deus
540 2011 821 2067 creaverit
850 2009 1565 2083 omniabona,magnusin
1598 2010 1852 2082 magnis,

279 2136 400 2200 {ita
432 2136 488 2185 in
520 2137 645 2186 Mss.
675 2136 741 2185 At
769 2136 825 2184 in
856 2135 1030 2195 editis,
1052 2134 1368 2195 siseducers
1381 2136 1429 2184 si
1453 2136 1653 2200 possint
1681 2136 1854 2186 multi-

204 2198 438 2249 tudinem
458 2202 712 2265 quarunt.

1153 451 1701 514 CONSULTATIO
1747 448 2009 511 OROSII
2052 451 2155 508 AD
2199 449 2741 511 AUGUSTINUM.

3506 446 3626 507 666

1974 580 2075 637 sed
2099 598 2211 637 non
2244 598 2455 654 parvus
2474 582 2531 636 in
2548 580 2898 654 parvis.Jam
2923 579 3064 635 illud
3088 579 3247 635 aliud
3273 579 3427 652 quod
3446 579 3503 633 in
3519 595 3611 635 eo-

1973 671 2105 726 dem
2146 671 2341 727 codice
2361 671 2534 727 scribi
2558 674 2826 742 ccsperat,
2848 670 3141 725 Adimanti
3164 686 3311 741 opus
3340 668 3613 735 est,illius

1973 760 2244 832 discipuli
2280 760 2601 827 Manichzei,
2634 760 2733 831 qui
2757 758 3111 832 praenomine
3142 759 3337 813 Addas
3366 760 3383 792 ¹
3421 756 3610 813 dictus

1974 852 2094 902 est:
2124 847 2220 902 ubi
2256 849 2325 903 de
2346 853 2591 920 utroque
2612 848 2986 902 Testamento
3036 846 3191 901 velut
3223 846 3376 901 inter
3398 862 3458 900 se
3481 861 3617 901 con-

1972 936 2149 991 traria
2184 937 2515 992 testimonia
2545 937 2924 1009 proferuntur
2972 933 3262 1006 versipelli
3285 934 3619 999 dolositate,

1971 1024 2131 1080 velut
2163 1026 2655 1082 indeostendatur
2672 1030 2985 1094 utrumque
3002 1024 3073 1079 ab
3100 1040 3212 1078 uno
3240 1028 3347 1078 Deo
3362 1040 3488 1079 esse
3505 1040 3617 1079 non

1973 1132 2165 1187 posse,
2198 1118 2298 1172 sed
2333 1116 2584 1172 alterum
2617 1117 2689 1172 ab
2713 1114 3137 1171 altero.Contra
3166 1112 3273 1168 hoc
3292 1119 3483 1167 autem
3501 1130 3624 1168 ma-

1970 1203 2197 1277 lignum
2242 1206 2776 1261 machinamentum
2801 1206 2927 1276 jam
2959 1203 3097 1259 olim
3152 1202 3519 1273 scripsimus,
3551 1206 3617 1257 ut

1970 1293 2144 1365 paulo
2176 1299 2309 1351 ante
2342 1292 2814 1365 commemoravi,
2835 1298 2892 1348 et
2919 1292 3115 1364 ipsum
3139 1290 3487 1363 opusculum
3511 1307 3613 1345 no-

1970 1385 2161 1437 strum
2193 1381 2405 1439 habere
2460 1400 2561 1439 vos
2601 1383 2791 1439 credo.
2846 1381 3122 1448 Quamvis
3171 1380 3438 1454 quaedam
3496 1379 3616 1435 sint

1969 1471 2337 1543 perpaucain
2370 1472 2482 1527 ﬁne
2509 1471 2693 1544 ipsius
2724 1471 2916 1544 operis
2932 1468 3468 1541 Adimanti,quibus
3498 1484 3613 1524 non

1968 1560 2270 1631 respondi:
2306 1562 2501 1616 nescio
2562 1562 2776 1634 quibus
2824 1560 3005 1628 enim,
3058 1564 3124 1614 ut
3168 1557 3290 1613 ﬁeri
3324 1560 3487 1623 solet,
3518 1555 3608 1612 in-

1969 1651 2361 1717 currentibus,
2387 1667 2515 1720 quae
2565 1650 2753 1722 magis
2781 1650 3125 1705 videbantur
3147 1664 3372 1719 urgere,
3398 1647 3499 1702 illa
3528 1646 3615 1703 in-

1967 1741 2233 1810 terrupta
2264 1741 2346 1794 sic
2380 1743 2806 1795 remanserunt.
2841 1739 2972 1805 Sed,
3002 1743 3067 1793 ut
3097 1737 3235 1802 dixi,
3268 1736 3327 1791 in
3358 1737 3470 1791 fine
3492 1752 3614 1807 per-

1966 1843 2154 1899 pauca
2174 1831 2331 1893 sunt,
2368 1844 2495 1899 quas
2544 1829 2592 1884 si
2634 1827 2919 1884 Dominus
2965 1825 3231 1892 voluerit,
3264 1824 3609 1896 quantocius

1965 1917 2253 1989 explicare
2278 1918 2516 1973 curabo.

1970 2129 2172 2249 Αὲάεὶο
2226 2136 2554 2201 antiquiores
2582 2136 2706 2187 Mss.
2734 2135 2800 2186 At
2828 2135 2972 2194 editi,
3004 2135 3093 2198 qui
3143 2132 3353 2198 proprio
3405 2129 3611 2183 nomine

2090 2214 2164 2249 as.

2090 2214 2164 2250 αε.

202 2308 3615 2355 Μ

1308 2449 1380 2505 ΙΝ
1429 2448 1979 2517 SUBSEQUENTES
2026 2449 2503 2519 SCRIPTIONES,

216 2568 357 2631 Vide
386 2567 491 2629 lib.
524 2570 586 2642 2,
617 2586 747 2648 cap.
782 2570 883 2640 44,
921 2565 1477 2648 Retractationum,
1514 2575 1650 2625 tom.
1684 2569 1743 2648 l,
1800 2565 2087 2648 col.648,
2149 2564 2364 2648 verbis,
2422 2570 2593 2629 inter
2639 2566 2774 2627 haec
2805 2564 2885 2646 (a)
2916 2563 3138 2638 Orosii,
3174 2582 3353 2645 usque
3381 2562 3464 2624 ad
3488 2562 3599 2625 col.

1439 2647 1579 2720 649,
1614 2644 1823 2719 verbis,
1849 2646 1965 2707 Fili
1994 2647 2193 2709 Orosi.
2280 2649 2361 2708 M.

264 2774 336 2835 (α)
366 2775 489 2824 Hac
517 2772 605 2822 illa
637 2770 693 2820 in
728 2772 1211 2822 Retractationibus
1232 2770 1472 2833 proxime
1508 2774 1629 2835 ante
1662 2774 1859 2829 notata,
1892 2771 2003 2820 sive
2034 2774 2293 2834 tempora,
2312 2773 2423 2822 sive
2452 2772 2727 2834 opuscula,
2759 2772 2899 2821 inter
2914 2784 3033 2833 quae
3054 2784 3109 2821 se
3130 2770 3297 2835 Ogrosii
3327 2768 3604 2835 Consulta-

195 2833 340 2887 tioni
369 2836 434 2887 de
465 2835 878 2886 Priscillianistis
906 2838 959 2884 et
988 2835 1299 2899 Origenistis
1329 2833 1669 2896 respondisse
1698 2838 1922 2883 testatur
1953 2834 2303 2898 Augustinus,
2331 2833 2577 2885 incidunt
2596 2836 2651 2884 in
2682 2835 2872 2884 Christi
2903 2847 3107 2883 annum
3136 2833 3342 2883 circiter
3371 2834 3479 2883 415.

1235 3093 1727 3151 CONSULTATIO
1770 3095 1925 3153 SIVE
1969 3096 2575 3154 COMMONITORIUM

627 3260 1313 3415 OROSII
1417 3262 1704 3412 AD
1818 3263 3194 3419 AUGUSTINUM

914 3498 1005 3556 DE
1054 3497 1347 3555 ERRORE
1383 3495 2140 3556 PRISCILLIANISTARUM
2172 3501 2257 3557 ET
2287 3500 2889 3558 ORIGENISTARUM.

1697 3622 2096 3637 w—

268 3722 621 3779 Beatissimo
653 3723 801 3797 patri
821 3727 1152 3779 Aooos'rmo
1182 3721 1474 3794 episcopo,
1499 3721 1773 3779 answs.

271 3815 323 3869 1.
355 3813 486 3869 Jam
521 3812 759 3885 quidem
813 3828 1220 3885 suggesseram
1245 3811 1549 3867 Sanctitati
1580 3816 1715 3879 tua,
1746 3813 1847 3868 sed

190 3903 716 3959 Commonitorium
734 3907 1022 3976 suggesta;
1037 3902 1115 3957 rei
1128 3907 1267 3957 tunc
1284 3901 1487 3957 offerre
1502 3901 1847 3973 meditabar,

193 4009 334 4048 cum
360 3997 416 4048 te
445 3992 776 4064 expeditum
795 3992 990 4047 animo
1010 3992 1081 4047 ab
1106 3990 1235 4046 aliis
1256 3990 1512 4045 dictandi
1538 3990 1848 4046 necessita-

191 4082 360 4139 tibus
385 4098 512 4137 esse
543 4082 882 4138 sensissem.
908 4082 1017 4138 Sed
1039 4080 1314 4153 quoniam
1348 4080 1569 4135 domini
1593 4080 1726 4147 mei,
1747 4080 1850 4135 ﬁlii

200 4173 315 4237 tui,
340 4172 652 4243 Eutropius
684 4178 741 4227 et
763 4169 1263 4243 Paulusepiscopi,
1298 4170 1497 4226 eadem
1524 4186 1638 4241 qua
1660 4174 1715 4225 et
1745 4186 1849 4241 ego

198 4276 356 4334 puer
377 4262 391 4295 ¹
417 4260 838 4330 vester,salutis
867 4259 1130 4316 omnium
1154 4259 1401 4315 utilitate
1421 4260 1850 4330 permoti,com-

195 4349 582 4407 monitorium
608 4351 732 4421 jam
764 4350 1050 4405 dederunt
1066 4349 1137 4403 de
1167 4347 1485 4419 aliquantis
1506 4348 1847 4419 haresibus,

194 4456 307 4495 nec
321 4444 513 4495 tamen
529 4456 731 4495 omnes
747 4439 1182 4512 significarunt;
1208 4454 1441 4493 necesse
1466 4438 1573 4493 fuit
1588 4456 1677 4494 me
1691 4438 1849 4494 festi-

194 4534 337 4584 nato
368 4529 536 4585 edere
566 4534 621 4585 et
660 4545 1000 4585 coacervare
1029 4528 1087 4582 in
1122 4544 1304 4583 unum
1340 4544 1541 4583 omnes
1574 4528 1847 4599 perditio-

192 4634 342 4673 num
376 4618 613 4674 arbores
652 4636 782 4674 cum
810 4617 1107 4674 radicibus
1124 4622 1180 4672 et
1202 4617 1380 4673 ramis
1403 4616 1546 4682 suis,
1567 4621 1623 4671 et
1645 4617 1850 4673 oti‘erre

193 4708 445 4781 ignienti
477 4708 710 4780 spiritui
733 4712 925 4773 tuo,ut
947 4713 1006 4763 tu
1031 4708 1153 4763 viso
1186 4707 1417 4780 agmine
1435 4711 1849 4779 perspectaque

192 4797 859 4871 nequitia,permetiaris
884 4814 1059 4870 quam
1085 4797 1277 4869 possis
1297 4796 1734 4870 dispositionem
1754 4797 1850 4852 ad-

201 4887 408 4944 hibere
438 4888 671 4943 virtutis
690 4888 731 4942 ³.
754 4887 838 4943 Tu
865 4892 1114 4957 tantum,
1139 4886 1474 4943 beatissime
1492 4886 1847 4959 pater,ma1i-

197 4993 351 5049 gnas
366 4975 613 5033 aliorum
638 4976 1033 5049 plantationes
1047 4975 1496 5032 velinsertiones
1518 4992 1652 5032 erue
1674 4981 1851 5049 atque

199 5065 464 5131 succide,
495 5070 552 5123 et
581 5082 776 5122 veram
811 5082 1022 5140 sparge
1046 5069 1390 5133 sementem,
1424 5065 1594 5121 nobis
1626 5067 1696 5121 de
1730 5066 1849 5123 tuis

196 5156 467 5212 fontibus
489 5156 786 5229 rigaturis.
803 5156 921 5228 Ego
952 5160 1159 5211 testem
1183 5154 1365 5210 Deum
1389 5156 1733 5227 spondeo,et
1752 5155 1842 5210 in-

194 5251 565 5303 crementum
589 5246 782 5319 Operis
808 5245 1404 5318 tuispero,quiaterra
1424 5244 1523 5300 illa
1546 5262 1670 5317 quae
1694 5262 1848 5302 nunc

191 5335 460 5408 ingratos
488 5336 714 5391 [ructus
744 5335 1032 5392 insincere
1064 5334 1223 5391 culta
1251 5334 1503 5404 exhibet,
1536 5334 1585 5390 si
1617 5351 1745 5391 eam
1777 5336 1848 5392 de

192 5441 417 5483 manna
444 5422 543 5481 illo
567 5424 864 5481 recondito
894 5428 959 5481 tu
993 5424 1147 5497 apud
1172 5440 1266 5480 me
1292 5424 1729 5481 mandando’et
1757 5441 1845 5481 re-

259 5552 278 5588 ί
303 5550 476 5609 Forte,

258 5614 282 5649 ³
302 5610 544 5677 Vaticani
567 5610 899 5677 codices,qua
924 5612 1086 5677 possis
1106 5611 1434 5677 dispositione
1444 5610 1673 5662 studium
1702 5612 1847 5663 adhi-

201 5674 320 5726 bere
349 5676 570 5723 virtutis.

262 5739 285 5775 ³
316 5738 470 5797 Editi,
503 5738 557 5787 in
584 5739 784 5787 sincera
817 5736 1015 5786 cultura
1044 5737 1261 5798 exhibet,
1279 5739 1326 5788 si
1352 5738 1582 5787 eamdem
1604 5752 1739 5787 anno
1757 5738 1847 5789 illo

198 5802 467 5869 grandito
501 5802 642 5869 apad
688 5805 735 5850 te
764 5800 1076 5869 "Laudando.
1118 5801 1451 5869 Qastigantur
1478 5800 1717 5854 subsidio
1749 5804 1845 5855 Ms.

210 5862 645 5931 Sigiramnelisis,
674 5877 769 5916 seu
799 5864 851 5917 S.
881 5862 1165 5927 Cigiranni.

504 5548 791 5623 presbyter.

1957 3723 2168 3796 plendo
2198 3722 2540 3793 visitaveris,
2574 3739 2760 3795 usque
2799 3722 2857 3778 in
2908 3723 3293 3779 centesimum
3346 3723 3600 3779 fructum

1960 3812 2198 3885 profusa
2227 3812 2540 3884 aliquando
2570 3812 2811 3868 liberius
2835 3813 3095 3869 ubertate
3127 3814 3518 3885 proiiciet.Per
3547 3817 3606 3869 te

1958 3902 2243 3959 Dominus
2274 3902 2429 3957 Deus
2461 3908 2674 3970 noster,
2704 3920 2802 3974 per
2830 3906 2908 3969 te,
2932 3902 3195 3974 inquam,
3222 3902 3386 3958 beate
3417 3906 3601 3975 pater,

1959 4007 2107 4064 quos
2130 3991 2435 4063 castigavit
2458 3992 2515 4046 in
2557 3992 2772 4064 gladio,
2804 3993 3074 4048 emendet
3117 3991 3177 4047 in
3207 3993 3397 4048 verbo.
3432 3992 3515 4047 Ad
3547 3996 3603 4048 te

1959 4098 2063 4154 per
2090 4082 2272 4136 Deum
2303 4081 2524 4137 missus
2554 4098 2686 4137 sum
2713 4098 2726 4149 ;
2762 4082 2833 4137 de
2861 4086 2918 4137 te
2949 4099 3051 4155 per
3071 4098 3205 4137 eum
3238 4098 3428 4153 spero,
3461 4082 3601 4137 dum

1958 4170 2258 4227 considero
2296 4169 2545 4241 qualiter
2575 4175 2769 4226 actum
2802 4174 2907 4238 est,
2969 4172 3121 4242 quod
3156 4170 3270 4226 huc
3318 4170 3597 4226 venirem.

1957 4262 2223 4332 Agnosco
2257 4275 2362 4315 cur
2382 4261 2665 4316 venerim:
2700 4261 2827 4316 sine
2855 4258 3177 4326 voluntate,
3197 4260 3322 4315 sine
3344 4259 3603 4315 necessi-

1960 4354 2097 4417 tate,
2128 4349 2254 4405 sine
2277 4366 2564 4405 consensu
2595 4350 2666 4404 de
2690 4348 2879 4421 patria
2904 4365 3177 4421 egressus
3200 4366 3353 4416 sum,
3377 4348 3604 4405 occulta

1960 4440 2214 4511 quadam
2245 4438 2297 4494 vi
2331 4443 2515 4509 actus,
2540 4439 2721 4495 donec
2744 4438 2802 4493 in
2832 4438 3002 4493 istius
3025 4443 3189 4493 terrea
3207 4437 3371 4495 littus
3391 4437 3601 4495 allatus

1960 4530 2221 4585 sum.Hic
2244 4528 2553 4584 demumin
2580 4545 2713 4584 eum
2737 4528 2951 4600 resipui
2974 4528 3335 4584 intellectum
3360 4530 3514 4601 quod
3530 4530 3601 4585 ad

1961 4621 2015 4673 te
2043 4618 2238 4673 venire
2270 4616 3019 4689 mandabar.Impudentem
3040 4635 3154 4674 non
3178 4618 3483 4689 judices,si
3506 4635 3600 4674 ac-

1958 4708 2105 4781 cipis
2162 4708 2553 4763 conﬁtentem.
2587 4712 2695 4763 Fac
2753 4722 2845 4763 me
2876 4709 2946 4763 ad
3004 4708 3272 4764 dilectam
3296 4707 3593 4763 dominam

1958 4814 2148 4853 meam
2174 4800 2191 4834 ί
2225 4798 2500 4853 idoneum
2542 4797 2972 4870 negotiatorum
3006 4797 3240 4853 inventa
3285 4797 3599 4869 margarita

1957 4886 2167 4960 (Matth.
2201 4904 2324 4957 xm,
2348 4888 2459 4958 46),
2495 4904 2609 4943 non
2642 4887 2955 4960 fugitivum
2986 4904 3217 4944 servum
3249 4903 3447 4942 eversa
3464 4884 3597 4943 sub-

1958 4976 2177 5033 stantia
2210 4975 2790 5034 reverti.Dilaceratis
2810 4978 3044 5050 gravius
3064 4993 3098 5032 a
3113 4976 3444 5032 doctoribus
3468 4992 3587 5047 pra-

1956 5066 2247 5138 vis,quam
2272 5083 2305 5122 a
2330 5066 2760 5122 cruentissimis
2792 5066 3060 5123 hostibus
3090 5064 3441 5121 sumus.Nos
3461 5081 3597 5120 con-

1958 5156 2194 5211 fitemur
2232 5158 2535 5223 oﬂ‘ensam,
2558 5160 2617 5211 tu
2653 5156 2915 5229 pervides
2940 5155 3203 5227 plagam:
3230 5154 3384 5225 quod
3408 5153 3597 5210 solum

1958 5247 2566 5319 superest,adjuvante
2590 5246 2836 5302 Domino
2858 5244 3070 5317 largire
3090 5243 3601 5300 medicinam.Bre.

1956 5337 2102 5392 viter
2120 5352 2257 5409 ergo
2278 5341 2335 5392 et
2374 5337 2512 5409 quid
2547 5340 2681 5392 ante
2722 5333 2871 5391 male
2920 5333 3247 5406 plantatum
3280 5333 3595 5403 convaluit,

1956 5430 2015 5482 et
2053 5426 2193 5498 quid
2226 5430 2428 5499 postea
2468 5426 2637 5499 pejus
2692 5426 2979 5481 insertum
3035 5422 3359 5496 praevaluit,
3408 5430 3597 5481 osten-

1956 5515 2112 5571 dam.

2025 5607 2080 5660 2.
2106 5604 2787 5677 Priscillianus,primum
2806 5603 2864 5661 in
2879 5620 2944 5660 eo
2959 5604 3293 5662 Manicbais
3309 5604 3601 5675 miserior,

2021 5802 2039 5836 1
2072 5798 2228 5858 Editi,
2259 5797 2501 5849 dilectum
2523 5798 2785 5849 dominum
2817 5814 3002 5849 meum.
3036 5798 3499 5859 AtMss.,dilectam
3513 5797 3603 5846 do-

1960 5863 2156 5917 minam
2190 5874 2357 5913 msam
2390 5876 2403 5915 ε
2434 5862 2665 5927 patriam
2694 5863 2914 5927 scilicet,
2932 5864 2997 5917 ad
3031 5876 3190 5928 quam
3220 5863 3415 5915 reverti
3435 5862 3599 5926 cupit.
