4094 6454
160 396 283 457 673

162 530 460 600 quomodo
492 534 630 584 sunt
659 534 891 597 aeterna,
926 530 1037 585 nisi
1071 531 1208 603 quia
1255 536 1469 588 aeterna
1498 532 1645 588 dixit
1687 550 1810 604 quea

158 624 295 674 ante
326 634 388 674 se
418 635 533 674 non
564 618 780 674 habent
812 618 995 674 ullum
1028 624 1306 691 tempus?

226 726 459 781 CAPUT
491 726 664 781 Vl.-
691 726 745 779 7.
779 726 889 781 Sed
922 726 1187 798 quisquis
1222 729 1535 799 prudenter
1563 728 1810 784 advertit

153 816 311 886 quod
344 815 567 870 dictum
618 820 727 883 est,
759 816 837 870 Ite
868 817 925 870 in
958 818 1138 887 ignem
1167 826 1453 883 κίεν-ηψπ,
1488 818 1629 873 illud
1680 834 1809 873 esse

150 904 381 959 dictum
416 905 569 976 quod
606 921 718 959 non
749 904 923 960 habet
974 907 1170 973 linem,
1204 924 1237 962 a
1266 908 1551 963 contrario
1604 908 1808 978 probat

151 1010 219 1049 eo
251 993 380 1065 ipso
408 995 532 1051 loco
576 993 907 1067 evangelico
952 995 1022 1050 de
1053 995 1169 1051 vita
1198 1001 1411 1052 aeterna
1457 1014 1632 1068 quam
1657 996 1805 1065 justi

152 1083 445 1156 accepturi
476 1087 617 1139 sunt
648 1099 663 1138 :
697 1100 811 1138 non
841 1083 997 1139 enim
1025 1090 1081 1139 et
1112 1085 1240 1156 ipsa
1278 1085 1453 1141 habet
1500 1086 1693 1141 ﬁnem.
1726 1087 1810 1141 Ita

151 1171 308 1229 enim
345 1172 660 1228 conclusit:
695 1172 855 1228 Ibunt
883 1174 1044 1229 illiin
1072 1176 1469 1231 ambustionem
1499 1181 1801 1243 (tetanum;

144 1262 289 1334 justi
316 1268 523 1328 autem,
555 1263 615 1317 in
642 1261 818 1317 vitam
845 1267 1121 1320 aeternam
1156 1263 1365 1331 (Matth.
1414 1281 1541 1331 xxv,
1571 1265 1657 1332 41,
1692 1265 1799 1336 46).

154 1351 220 1406 In
251 1354 506 1423 utroque
546 1367 766 1423 graecus
809 1349 1028 1404 αἰώνιον
1075 1352 1268 1408 habet.
1294 1352 1355 1409 Si
1405 1353 1806 1409 misericordia

158 1457 264 1496 nos
296 1445 575 1512 provocat
604 1441 859 1507 credere,
890 1458 1005 1496 non
1039 1441 1301 1497 futurum
1334 1442 1648 1514 impiorum
1681 1443 1808 1499 sine

158 1530 272 1586 ﬁne
297 1527 693 1601 supplicium;
727 1530 867 1601 quid
900 1530 969 1586 de
1002 1531 1237 1602 praemio
1271 1532 1573 1602 justorum
1623 1531 1807 1588 credi-

156 1619 271 1674 turi
303 1634 535 1684 sumus,
564 1635 695 1673 cum
728 1618 786 1672 in
823 1622 1070 1690 utraque
1102 1624 1280 1692 parte,
1306 1621 1508 1675 eodem
1543 1620 1686 1686 loco,
1712 1636 1805 1676 ea—

156 1709 287 1764 dem
323 1708 843 1775 sententia,eodem
862 1708 1031 1763 verbo
1052 1709 1463 1779 pronuntietur
1479 1709 1809 1764 aeternitas?

154 1800 238 1853 An
270 1798 483 1852 iterum
536 1797 713 1852 etiam
760 1798 955 1867 justos
986 1814 1055 1852 ex
1104 1798 1204 1852 illa
1247 1798 1704 1853 sanctiﬁcatione
1753 1801 1809 1853 et

154 1885 271 1940 vita
299 1890 518 1941 mterna
552 1885 609 1940 in
643 1890 1011 1957 peccatorum
1061 1886 1499 1941 immunditiam
1548 1892 1718 1957 atque
1746 1886 1806 1941 in

158 1980 407 2030 mortem
461 1974 793 2047 relapsuros
843 1993 969 2032 esse
1033 1975 1294 2031 dicemus
1330 1975 1358 2030 ?
1404 1976 1572 2031 Absit
1618 1975 1726 2031 hoc
1775 1993 1806 2030 a

156 2064 487 2119 christiana:
520 2063 651 2120 ﬁdei
684 2066 953 2121 sanitate.
975 2064 1295 2135 Utrumque
1329 2065 1508 2137 igitur
1538 2066 1663 2120 sine
1696 2065 1808 2120 [ine

158 2154 381 2209 dictum
413 2158 503 2209 est
530 2158 835 2220 aeternum,
865 2155 974 2210 hoc
1003 2159 1110 2225 est,
1143 2151 1394 2210 αἰώνιονε
1431 2170 1501 2210 ne
1532 2170 1665 2210 cum
1690 2154 1808 2208 dia-

159 2242 273 2298 boli
307 2260 509 2315 poenas
540 2240 825 2314 dolemus,
860 2244 930 2299 de
962 2260 1138 2317 regno
1181 2243 1396 2299 Christi
1442 2242 1802 2298 dubitemus.

162 2337 457 2389 Pestremo
502 2333 549 2389 si
580 2339 858 2388 aeternum
891 2337 946 2389 et
985 2332 1275 2399 aeternale,
1308 2332 1415 2388 hoc
1446 2336 1553 2400 est,
1586 2329 1717 2384 αἰών
1752 2334 1809 2387 et

161 2420 401 2489 αἰώνιον,
433 2422 545 2479 sub
577 2430 817 2493 utroque
864 2421 1161 2479 intellectu
1194 2422 1251 2477 in
1302 2421 1621 2493 Scripturis
1670 2421 1803 2492 poni

162 2508 650 2581 solet,aliquando
682 2510 807 2565 sine
835 2509 1286 2579 ﬁne,aliquando
1315 2526 1448 2564 cum
1480 2510 1630 2578 ﬁne;
1664 2508 1804 2580 quid

160 2599 229 2655 de
282 2599 401 2654 illis
454 2590 744 2669 prophetas
790 2598 981 2654 verbis
1038 2598 1375 2670 responsuri
1423 2615 1651 2666 sumus,
1709 2598 1805 2653 ubi

160 2688 440 2759 scriptum
472 2696 577 2759 est,
613 2688 818 2743 Vermis
859 2704 1047 2743 eorum
1088 2704 1200 2744 non
1247 2690 1535 2754 morietur,
1562 2690 1611 2743 et
1659 2690 1805 2758 ignis

158 2795 348 2833 eorum
379 2794 491 2833 non
517 2779 900 2845 exstinguetur
931 2778 1082 2844 (Isai.
1117 2776 1406 2849 va1,24)?
1436 2776 1802 2841 Qualiscum-

160 2883 270 2939 que
300 2884 471 2939 pmna
488 2866 818 2939 signiﬁcata
848 2866 923 2921 sit
941 2866 1175 2922 nomine
1194 2866 1407 2921 vermis
1425 2870 1596 2938 atque
1614 2866 1800 2939 ignis;

158 2961 306 3012 certe
334 2957 385 3011 si
414 2972 526 3011 non
579 2954 859 3010 morietur
903 2971 1006 3011 nec
1054 2956 1477 3026 exstinguetur,
1511 2956 1636 3011 sine
1688 2955 1801 3011 ﬁne

158 3045 430 3117 praedicta
460 3049 549 3100 est
580 3062 593 3100 :
629 3060 731 3099 nec
762 3043 921 3099 aliud
951 3044 1158 3115 agebat
1189 3044 1494 3115 Propheta,
1528 3060 1657 3100 cum
1692 3044 1801 3100 hoc

157 3133 388 3202 diceret,
423 3133 535 3189 nisi
568 3140 633 3189 ut
662 3149 787 3189 eam
822 3132 950 3188 sine
979 3134 1093 3188 ﬁne
1124 3131 1477 3205 pradiceret.

224 3241 458 3297 CAPUT
506 3241 623 3299 VII.
655 3271 723 3284 —
751 3242 805 3296 8.
847 3245 922 3297 De
963 3257 1141 3313 regno
1191 3240 1365 3296 etiam
1415 3240 1647 3308 Christi,
1682 3258 1797 3296 non

159 3330 478 3385 secundum
512 3328 569 3383 id
601 3329 756 3401 quod
786 3329 845 3383 in
878 3328 1160 3401 principio
1188 3328 1442 3384 Verbum
1476 3330 1623 3385 Deus
1643 3329 1797 3402 apud

161 3424 336 3474 Deum
368 3420 557 3489 (Joan.
591 3436 631 3485 ι,
668 3420 756 3486 1);
790 3435 922 3473 nam
956 3417 1116 3473 illinc
1143 3434 1311 3473 nemo
1344 3435 1602 3490 unquam
1629 3419 1796 3473 dubi-

157 3508 478 3580 tavit,quod
510 3508 587 3564 sit
616 3525 713 3563 rex
742 3508 1006 3564 omnium
1037 3507 1383 3563 saeculorum
1418 3523 1431 3562 :
1466 3508 1566 3564 sed
1596 3524 1801 3565 secun-

161 3597 299 3652 dum
343 3597 602 3653 hominis
649 3596 1076 3668 susceptionem
1123 3601 1179 3651 et
1226 3596 1561 3653 mediatoris
1606 3614 1800 3653 sacra-

164 3693 421 3743 mentum
455 3690 512 3741 et
540 3703 606 3741 ex
649 3686 870 3759 virgine
915 3686 1400 3754 incarnationem,
1432 3687 1802 3757 apertissime

162 3776 379 3832 dictum
413 3781 500 3832 est
529 3777 683 3848 quod
718 3777 891 3831 ﬁnem
925 3792 1040 3831 non
1068 3776 1145 3831 sit
1174 3774 1536 3843 habiturum,
1562 3777 1660 3831 ubi
1694 3795 1801 3832 an-

163 3864 323 3938 gelus
356 3868 600 3937 loquens
649 3866 720 3921 ad
752 3864 987 3919 Mariam
1024 3868 1267 3920 matrem
1324 3864 1582 3919 futuram
1628 3865 1802 3938 virgi-

164 3970 411 4026 nemque
459 3970 821 4018 mansuram,
855 3953 937 4008 ait
966 3953 1118 4008 inter
1147 3958 1351 4008 caetera
1384 3969 1397 4008 :
1431 3955 1528 4008 Hic
1555 3956 1661 4010 erit
1690 3956 1803 4010 Ma-

162 4060 315 4115 gnus.
338 4048 391 4099 et
418 4044 567 4113 ﬁlius
590 4043 863 4099 Altissimi
892 4043 1218 4111 vocabitur;
1245 4047 1300 4098 et
1324 4043 1471 4099 dabit
1502 4045 1591 4099 illi
1626 4046 1807 4100 Domi-

165 4150 263 4188 nus
292 4134 434 4189 Deus
480 4132 663 4188 sedem
690 4132 861 4188 David
883 4134 1060 4204 patris
1089 4133 1225 4202 eius,
1260 4142 1313 4188 et
1343 4134 1592 4205 regnabit
1622 4136 1683 4189 in
1712 4134 1806 4190 do-

168 4238 248 4277 mo
273 4223 433 4278 Iacob
477 4239 539 4277 in
587 4226 871 4290 attentum,
903 4230 953 4277 et
999 4224 1160 4293 regni
1203 4222 1320 4293 ejus
1367 4238 1477 4278 non
1519 4225 1626 4279 erit
1671 4223 1807 4293 finis

167 4312 312 4382 (Luc.
346 4329 384 4381 Ι,
418 4312 508 4383 32,
540 4312 652 4383 33).
686 4312 1019 4367 Secundum
1050 4311 1188 4383 quid
1214 4313 1373 4380 regni
1401 4314 1516 4383 ejus
1562 4330 1673 4369 non
1702 4317 1810 4369 erit

167 4401 312 4472 ﬁnis,
344 4400 460 4457 nisi
491 4401 812 4457 secundum
844 4401 901 4455 id
949 4400 1103 4472 quod
1155 4401 1402 4471 regnabit
1430 4403 1487 4455 in
1535 4401 1689 4458 domo
1715 4404 1806 4459 Ja-

169 4489 306 4546 cob?
336 4490 483 4549 Nam
515 4490 624 4546 hoc
654 4491 809 4562 quod
857 4489 955 4562 ait,
988 4491 1049 4545 in
1094 4494 1402 4551 aeternum;
1434 4497 1669 4562 propter
1714 4492 1809 4565 ip-

171 4595 291 4636 sam
339 4579 785 4652 ambiguitatem
835 4579 1102 4651 exposuit
1150 4578 1435 4646 addendo,
1485 4582 1646 4651 regni
1687 4587 1811 4653 ejus

169 4686 279 4723 non
306 4671 412 4726 erit
457 4670 587 4741 ﬁnis
616 4686 630 4724 :
666 4686 736 4724 ne
766 4670 1078 4741 quisquam
1108 4674 1388 4723 aeternum
1419 4667 1513 4723 hic
1552 4668 1634 4725 sic
1660 4672 1807 4726 acci-

171 4762 341 4830 peret,
375 4759 871 4831 quemadmodum
903 4757 1181 4814 saeculum
1226 4758 1401 4813 ﬁnem
1434 4759 1811 4829 quandolibet

171 4847 829 4921 habiturum.Numquid
863 4852 1054 4903 autem
1089 4846 1410 4919 regnumin
1435 4847 1605 4903 domo
1633 4849 1811 4906 Jacob

171 4941 225 4993 et
240 4937 300 4992 in
323 4939 459 4995 sede
486 4939 660 4993 David
683 4937 929 5010 intelligi
954 4940 1163 5009 potest,
1183 4936 1297 4991 nisi
1319 4936 1378 4991 in
1401 4936 1655 4993 Ecclesia
1675 4944 1731 4994 et
1750 4939 1809 4995 in

173 5042 235 5082 eo
262 5027 478 5100 populo
505 5026 606 5099 qui
635 5031 725 5083 est
754 5043 999 5099 regnum
1031 5024 1205 5097 ejus?
1232 5025 1303 5079 de
1334 5041 1448 5096 quo
1478 5026 1655 5081 etiam
1674 5028 1815 5083 dicit

177 5116 647 5186 Apostolus,Cum
673 5116 965 5172 tradiderit
998 5130 1227 5183 regnum
1258 5118 1374 5169 Deo
1393 5121 1444 5170 et
1468 5116 1673 5188 Patri(l
1690 5116 1809 5174 Cor.

173 5220 262 5269 xv,
291 5206 469 5278 24),ἰά
499 5211 750 5273 est,cum
784 5205 1114 5278 perduxerit
1141 5207 1373 5259 sanctos
1404 5220 1542 5260 suos
1572 5206 1642 5259 ad
1672 5223 1813 5262 con-

175 5294 609 5366 templationem
642 5296 1056 5367 Patris,utique
1086 5298 1142 5349 et
1171 5294 1242 5348 ad
1276 5310 1464 5363 suam,
1488 5296 1811 5352 secundum

180 5384 232 5438 id
259 5388 410 5455 quod
434 5384 588 5440 Deus
607 5388 696 5440 est
717 5384 958 5456 aequalis
981 5382 1154 5438 Patri.
1188 5382 1313 5436 Non
1336 5382 1489 5436 enim
1513 5381 1595 5437 sic
1615 5385 1811 5457 tradit,

178 5477 239 5526 ut
265 5472 388 5544 ipse
406 5474 665 5530 amittat:
681 5475 818 5545 quia
838 5478 895 5529 et
912 5479 1080 5529 Pater
1099 5472 1251 5527 dedit
1269 5471 1413 5527 Filio
1432 5470 1629 5529 habere
1648 5475 1816 5531 vitam

180 5561 237 5614 in
263 5564 543 5634 semetipso
569 5563 805 5634 (Joan.v,
827 5564 940 5630 26),
965 5578 1068 5617 nec
1097 5561 1300 5631 utique
1330 5560 1528 5615 amisit
1556 5562 1698 5633 ipse.
1733 5569 1815 5619 Ac

181 5664 276 5720 per
304 5650 411 5705 hoc
441 5650 490 5706 si
521 5651 683 5723 regni
714 5652 843 5722 ejus
872 5668 987 5705 non
1017 5650 1125 5705 erit
1154 5648 1310 5715 ﬁnis,
1343 5649 1597 5720 profecto
1628 5652 1814 5707 sancti

182 5738 303 5809 ejus
332 5738 431 5810 qui
462 5744 601 5795 sunt
622 5756 864 5812 regnum
883 5740 1174 5810 ejus,cum
1202 5736 1300 5792 illo
1320 5737 1445 5792 sine
1476 5737 1588 5793 ﬁne
1614 5755 1816 5813 regna-

181 5824 341 5883 bunt.
373 5826 535 5895 Quod
564 5833 761 5886 autem
791 5827 891 5885 illo
920 5827 1044 5885 loco
1074 5826 1216 5883 dicit
1244 5825 1582 5899 Apostolus,
1614 5827 1814 5887 Deinde

1618 400 1848 461 LIBER
1892 402 2124 463 UNUS.

3442 425 3564 484 674

1918 535 2194 604 ﬁnis,eum
2225 537 2514 595 tradiderit
2543 558 2767 613 regnum
2799 546 2903 603 Deo
2942 554 2991 603 et
3020 551 3222 616 Patri;
3252 553 3329 606 ibi
3362 554 3563 624 ﬁnem,

1921 639 2033 677 non
2068 632 2633 699 consumentem,sed
2658 634 3046 703 perﬁcientem
3068 639 3559 711 signiﬁcatzsicut

1919 711 2140 768 dictum
2174 718 2280 782 est,
2313 718 2468 772 Finis
2495 721 2641 775 enim
2690 723 2824 791 tegis
2874 726 3136 799 Christus,
3168 731 3241 784 ad
3276 731 3559 801 justitiam

1915 804 2067 855 omni
2094 803 2339 860 credenti
2382 809 2555 873 (Rom.
2589 826 2641 877 x,
2673 811 2760 881 l1);
2797 829 2911 884 quo
2942 813 3033 869 lex
3062 818 3410 887 perﬁciatur,
3444 839 3559 877 non

1916 906 2030 960 quo
2064 891 2549 957 aboleatur.Quod
2584 904 2640 952 et
2668 899 2786 954 illic
2818 902 3127 973 signiﬁcat,
3150 907 3247 961 ubi
3280 910 3361 965 ait
3392 927 3405 964 :
3439 913 3557 966 Non

1913 982 2043 1069 veni
2073 980 2248 1053 legem
2277 985 2499 1053 solvere,
2532 987 2623 1041 sed
2652 990 2954 1061 adimplere
2984 994 3188 1063 (Matth.
3223 1014 3275 1062 v,
3307 1000 3413 1069 17).

1989 1068 2227 1125 CAPUT
2257 1070 2479 1128 VllI.—
2500 1074 2719 1140 9.0uod
2754 1083 2947 1135 autem
2979 1081 3181 1138 dicunt
3211 1085 3282 1140 de
3312 1068 3563 1144 rationa-

1916 1154 2071 1212 libus
2102 1161 2403 1228 creaturis,
2438 1163 2494 1217 id
2528 1167 2860 1231 est,sanctis
2889 1171 3122 1241 Angelis
3153 1179 3210 1228 et
3240 1173 3564 1233 immundis

1918 1246 2298 1315 daemonibus,
2333 1255 2388 1304 et
2418 1252 2561 1323 ipsis
2594 1254 2904 1313 animabus
2937 1259 3423 1334 hominum,quod
3448 1281 3565 1321 ma-

1908 1334 2097 1426 jorem
2130 1336 2320 1393 locum
2355 1340 2547 1395 minor
2576 1343 2748 1415 culpa
2786 1351 3189 1422 promeruerit,
3225 1368 3341 1423 qua
3370 1353 3562 1426 impu-

1916 1422 2112 1478 dentia
2141 1434 2425 1482 conentur
2472 1430 2734 1487 Ecclesiae
2784 1433 2998 1491 Christi
3044 1422 3413 1509 persuadere,
3444 1422 3559 1499 non

1916 1511 2101 1567 video.
2135 1514 2341 1571 Melius
2372 1516 2567 1589 itaque
2599 1522 2915 1594 credimus,
2949 1524 3133 1582 Deum
3159 1545 3271 1584 non
3305 1530 3559 1601 peccatis

1916 1601 2286 1658 rationalium
2319 1606 2632 1675 spirituum
2664 1612 2978 1669 adductum
3012 1631 3138 1671 esse
3169 1618 3239 1672 ad
3276 1619 3559 1676 fabricam

1916 1692 2144 1758 mundi,
2166 1709 2235 1747 ne
2267 1692 2364 1749 illa
2395 1702 2715 1767 sequantur
2747 1704 2762 1736 ¹
2793 1702 3068 1771 absurda,
3102 1708 3254 1777 quod
3288 1709 3435 1765 duos
3466 1726 3560 1765 so-

1915 1777 2018 1851 les,
2051 1780 2137 1835 vel
2168 1786 2306 1849 tres,
2339 1783 2424 1838 vel
2472 1790 2740 1857 quatuor,
2774 1789 2859 1844 vel
2892 1795 3319 1863 quotquotlibet
3348 1797 3561 1853 habere

1918 1868 2085 1957 nobis
2117 1876 2271 1925 esset
2303 1887 2537 1928 necesse
2567 1875 2608 1944 ⁸,
2644 1875 2692 1930 si
2724 1877 3042 1948 plurimum
3092 1884 3408 1954 spirituum
3460 1903 3562 1957 per

1914 1955 2163 2012 liberum
2196 1958 2500 2015 arbitrium
2534 1966 2697 2019 tanta
2726 1964 2897 2037 culpa
2944 1972 3309 2039 praecederet,
3341 1955 3562 2044 quanta

1916 2044 2047 2101 illos
2080 2046 2137 2101 in
2170 2046 2463 2105 similibus
2493 2066 2799 2124 corporum
2830 2056 3153 2113 caelestium
3184 2059 3372 2132 globis
3403 2080 3568 2135 opor-

1916 2138 2059 2189 teret
2088 2135 2305 2191 includi
2344 2155 2358 2193 :
2388 2140 2487 2194 sed
2522 2139 2740 2198 factum
2775 2159 2904 2200 esse
2948 2148 3234 2204 mundum
3266 2149 3365 2205 Dei
3397 2151 3562 2207 boni-

1914 2227 2050 2289 tate,
2086 2241 2388 2295 magnum,
2421 2227 2665 2300 bonum,
2697 2248 2729 2286 a
2761 2249 2994 2290 summo
3027 2240 3085 2291 et
3114 2254 3229 2293 non
3283 2239 3429 2293 facto
3454 2240 3560 2296 bo-

1916 2329 2026 2382 no;
2066 2313 2123 2368 in
2173 2332 2286 2386 quo
2330 2316 2537 2373 ﬁerent
2583 2321 2780 2376 omnia
2828 2323 2981 2379 bona
3025 2326 3192 2381 valde
3238 2329 3561 2387 secundum

1916 2407 2205 2469 naturam,
2239 2409 2294 2459 et
2325 2405 2457 2460 aliis
2488 2406 2602 2463 alia
2632 2410 2890 2480 meliora,
2923 2429 2957 2466 a
2987 2416 3238 2471 summis
3278 2421 3562 2475 creaturis

1913 2507 2101 2562 usque
2130 2492 2200 2546 ad
2234 2492 2435 2549 inﬁma
2464 2495 2752 2553 distinctis
2783 2501 3063 2571 gradibus
3094 2505 3464 2571 ordinata,ut
3493 2523 3561 2565 eo

1914 2580 2086 2635 modo
2115 2587 2313 2636 essent
2338 2583 2554 2651 omnia,
2589 2587 2729 2642 dum
2764 2605 2878 2644 non
2911 2596 3109 2646 essent
3154 2593 3280 2650 sola
3309 2596 3555 2667 potiora,

1912 2674 1969 2724 et
1997 2668 2276 2725 haberent
2305 2673 2433 2742 ejus
2476 2675 2706 2731 numeri
2752 2679 3091 2750 terminum,
3127 2699 3298 2753 quem
3339 2685 3565 2742 consti-

1912 2758 2195 2813 tuendum
2228 2762 2381 2831 apud
2412 2777 2473 2816 se
2504 2762 2647 2819 vidit
2688 2768 2953 2824 omnium
3006 2776 3352 2828 naturarum
3401 2790 3561 2830 crea-

1900 2850 2174 2901 turarum
2224 2850 2490 2905 conditor
2539 2852 2714 2920 Deus,
2748 2856 2847 2926 qui
2882 2873 2949 2912 ea
2996 2876 3111 2914 non
3146 2861 3298 2916 facta
3336 2863 3561 2934 didicit,

1910 2936 2009 2992 sed
2045 2943 2282 2993 noverat
2314 2954 2442 3018 esse
2495 2941 2779 2999 facienda.
2815 2945 2975 3002 Unde
3002 2947 3146 3004 illud
3180 2952 3334 3023 quod
3376 2953 3562 3023 aiunt,

1908 3024 1965 3079 in
1998 3026 2124 3097 ejus
2157 3026 2443 3098 sapientia
2465 3030 2592 3100 jam
2627 3033 2807 3089 fuisse
2836 3035 2985 3091 facta
3015 3038 3562 3113 omnia,antequam

1908 3114 1967 3168 in
2003 3116 2142 3170 istas
2175 3116 2391 3171 formas
2421 3123 2479 3172 et
2510 3120 2713 3176 modos
2746 3124 3010 3194 proprios
3041 3128 3458 3198 proferrentur,
3474 3134 3560 3186 at-

1908 3218 2021 3275 que
2049 3203 2106 3257 in
2141 3204 2264 3259 suis
2304 3206 2610 3262 ordinibus
2638 3218 3001 3283 apparerent,
3036 3232 3148 3270 non
3182 3217 3374 3273 sobrie
3404 3218 3550 3274 dici-

1905 3296 2019 3347 tur.
2042 3293 2215 3348 Facta
2242 3294 2398 3349 enim
2431 3298 2662 3367 quando
2684 3305 2898 3369 essent,
2934 3308 3245 3375 antequam
3280 3307 3431 3363 facta
3458 3323 3549 3363 es-

1906 3382 2080 3437 sent?
2111 3382 2219 3437 Sed
2268 3382 2326 3437 in
2360 3384 2459 3439 Dei
2503 3388 2789 3458 sapientia
2835 3392 3098 3447 omnium
3150 3394 3550 3451 faciendarum

1906 3487 2100 3526 rerum
2132 3471 2386 3527 rationes
2417 3490 2544 3530 esse
2587 3482 2921 3546 potuerunt,
2955 3497 3070 3537 non
3117 3486 3311 3538 tamen
3362 3484 3548 3540 factae.

1906 3558 2115 3615 Omnia
2144 3560 2299 3615 enim
2334 3578 2435 3632 per
2461 3561 2647 3633 ipsam
2682 3566 2832 3621 facta
2861 3575 3140 3636 sunt,non
3160 3575 3217 3626 et
3242 3572 3370 3644 ipsa
3400 3572 3554 3629 facta

1906 3654 1995 3704 est
2026 3666 2038 3704 :
2074 3648 2213 3720 quia
2240 3654 2296 3705 et
2324 3650 2453 3722 ipsa
2480 3657 2567 3707 est
2597 3653 2852 3710 Verbum
2903 3658 2972 3712 de
3004 3675 3119 3731 quo
3158 3660 3392 3729 dicitur,
3428 3662 3551 3719 0m-

1906 3738 2003 3793 nia
2027 3754 2126 3809 per
2150 3740 2327 3809 ipsum
2373 3742 2520 3809 facta
2560 3746 2684 3796 sunt
2716 3745 2898 3812 (Joan.
2932 3762 2970 3814 1,
3002 3748 3079 3816 3).
3130 3749 3377 3806 Noverat
3417 3767 3553 3824 ergo

1910 3828 2062 3884 Deus
2095 3826 2293 3883 omnia
2320 3845 2443 3899 qua:
2478 3829 2612 3885 fecit
2640 3837 2954 3905 antequam
2990 3836 3217 3893 faceret.
3238 3839 3362 3894 Non
3393 3840 3552 3896 enim

1909 3933 2226 3989 possumus
2255 3933 2388 3972 eum
2436 3918 2627 3974 dicere
2670 3921 2937 3993 ignorata
2984 3925 3211 3997 fecisse,
3242 3931 3300 3983 et
3342 3944 3411 3984 ea
3438 3945 3554 3985 non

1911 4006 2023 4061 nisi
2047 4007 2198 4061 facta
2214 4006 2487 4062 didicisse
2512 4026 2524 4074 ;
2554 4010 2809 4067 nescisse
2830 4012 2971 4083 quid
2996 4014 3228 4084 faceret,
3245 4017 3345 4072 sed
3370 4018 3552 4074 scisse

1915 4096 2067 4168 quod
2094 4096 2244 4150 fecit.
2264 4100 2379 4150 Hoc
2401 4096 2557 4150 enim
2581 4097 2627 4151 si
2656 4098 2725 4154 de
2746 4098 2941 4171 aliquo
2964 4102 3185 4159 artiﬁce
3206 4090 3556 4161 homine'di-

1914 4184 3313 4260 ceremus,insipientissimesaperemus.Noverat
3332 4210 3468 4267 ergo
3488 4209 3558 4250 ea

1916 4274 2317 4341 facienda,non
2334 4275 2480 4328 facta
2503 4290 2516 4329 :
2542 4282 2776 4331 noverat
2797 4282 2861 4333 ut
2890 4279 3243 4349 faceret,non
3262 4282 3401 4354 quia
3417 4284 3560 4339 fece-

1916 4367 2020 4418 rat.
2058 4362 2305 4418 Proinde
2334 4363 2747 4435 quamvisjam
2779 4376 2912 4422 nota
2959 4375 3175 4441 essent,
3208 4371 3348 4443 quia
3378 4372 3490 4429 nisi
3524 4389 3560 4428 ο.

1915 4453 2131 4508 sciente
2161 4469 2273 4507 non
2309 4453 2512 4507 ﬁerent
2535 4470 2547 4520 ;
2567 4470 2679 4509 non
2712 4462 2903 4511 tamen
2931 4458 3079 4513 facta
3107 4476 3236 4517 esse
3264 4464 3563 4533 coeperunt

1916 4556 2042 4612 quae
2073 4543 2139 4593 ut
2168 4539 2371 4593 ﬁerent
2400 4539 2883 4608 sciebantur,nisi
2916 4550 3048 4616 post
3076 4546 3303 4615 ﬁerent,
3335 4566 3465 4622 quae
3495 4552 3562 4605 ut

1918 4633 2067 4685 recte
2091 4628 2295 4683 ﬁerent
2322 4627 2656 4683 sciebantur
2683 4636 2995 4703 antequam
3026 4636 3233 4693 ﬁerent
3258 4638 3300 4694 ³.

1988 4717 2224 4774 10.Cum
2255 4721 2450 4772 autem
2479 4717 2846 4791 veritas,quae
2879 4739 3066 4795 neque
3099 4727 3370 4798 opinatur
3394 4728 3559 4783 inco-

1917 4806 2209 4880 gnita,nec
2240 4805 2495 4876 aliquem
2528 4805 3107 4883 fallit,purgationem
3132 4820 3414 4887 nostram,
3437 4816 3557 4879 imo

1916 4911 2049 4950 vero
2080 4899 2136 4949 et
2161 4894 2572 4965 perfectionem
2595 4897 2770 4953 etiam
2793 4904 3422 4971 postresurrectionem
3442 4922 3563 4961 cor-

1919 5000 2126 5056 porum
2159 4981 2553 5055 spiritualium
2588 5002 2775 5058 usque
2805 4990 2875 5043 ad
2892 4992 3241 5064 Angelorum
3261 4994 3559 5065 aequalita-

1920 5078 2035 5128 tem
2068 5071 2369 5143 promittat
2401 5072 2655 5128 futuram
2687 5076 2838 5143 (Luc.
2870 5095 2963 5148 xx,
2994 5082 3084 5151 36)
3109 5098 3123 5149 ;
3149 5083 3437 5154 quomodo
3471 5082 3563 5138 di-

1921 5165 2133 5216 cuntur
2152 5159 2264 5231 ipsi
2287 5160 2470 5214 sancti
2489 5161 2936 5234 Angeli,quibus
2958 5169 3357 5241 purgatissimi
3374 5188 3542 5244 aequa

1920 5250 2004 5304 les
2032 5247 2469 5313 erimus,adhuc
2492 5266 2525 5303 a
2546 5252 2797 5322 peccatis
2828 5255 2953 5309 suis
2983 5272 3110 5312 esse
3140 5260 3477 5330 purgandi?
3496 5261 3563 5317 Et

1921 5356 2053 5395 cum
2068 5337 2279 5392 coelum
2304 5354 2516 5393 novum
2540 5346 2595 5393 et
2614 5344 2826 5397 terram
2843 5360 3047 5400 novam
3064 5346 3561 5418 polliceaturDeus

1985 5467 2001 5499 ι
2034 5462 2226 5533 Magna
2253 5462 2340 5533 hic
2370 5462 2426 5533 in
2454 5462 2786 5533 Amerbachii
2827 5468 3104 5533 etAErasmi
3135 5472 3461 5524 editionibus
3485 5476 3565 5525 la-

1920 5540 2061 5578 cuna
2084 5527 2451 5599 _est,detract‘is_
2470 5529 2820 5599 sequentibus
2849 5531 2971 5599 plus
3000 5537 3273 5599 sexaginta
3302 5539 3561 5598 versibus,

1921 5604 2054 5654 quos
2082 5594 2259 5654 tamen
2291 5592 2454 5654 nostri
2480 5602 2667 5654 omnes
2694 5592 2816 5640 Mss.
2850 5592 3069 5645 habent.

1982 5654 2003 5689 ι
2030 5654 2107 5724 με
2140 5651 2370 5724 Vaticani
2400 5649 2592 5724 aliaest
2622 5653 2763 5724 hom,
2793 5657 2932 5717 quod
2957 5658 3058 5707 duo
3085 5660 3316 5721 soles,vel
3341 5668 3459 5723 tres,
3484 5662 3567 5713 υει

1920 5714 2271 5780 quatuoerel
2297 5711 2707 5780 quotlibet‘uobis
2734 5711 2861 5766 esset
2890 5735 3101 5772 necesse.

1981 5778 2105 5853 inEx
2134 5776 2515 5853 Sigirampensi
2545 5776 2719 5853 Ms.sic
2746 5781 3138 5853 redintegratus
3168 5790 3247 5837 est
3270 5786 3561 5853 locus(qua

1921 5843 1976 5889 ut
2002 5836 2503 5906 ﬁerent'sciebantur
2527 5843 2802 5907 antequam
2828 5836 3049 5911 ﬁerent.)
