4094 6512
171 434 282 495 681

171 567 533 623 annuntiabit
555 566 704 623 vobis
733 567 911 634 (Joan.
943 582 1054 635 xvr,
1093 567 1199 638 14).

242 658 326 711 20.
346 655 525 711 Filius
546 674 578 710 a
600 673 661 712 se
685 673 798 711 non
839 661 1028 728 potest
1060 658 1245 712 facere
1275 657 1596 729 quidquam
1626 658 1727 729 (Id.
1761 675 1812 726 ν,

175 747 284 818 19),
305 746 400 801 sed
426 744 484 799 in
506 745 779 800 omnibus
797 745 985 800 Patris
1008 750 1306 816 exspectat
1329 747 1820 818 nutum.Spiritus

175 853 212 890 a
240 852 302 891 se
323 833 601 905 loquitur,
626 835 723 888 sed
760 834 816 888 in
833 835 1106 889 omnibus
1129 834 1336 889 Christi
1362 840 1653 906 exspectat
1677 853 1819 906 prae-

174 928 402 995 ceptum
431 939 443 976 ε
470 922 821 992 Non,inquit,
840 940 872 976 a
888 939 944 977 se
964 923 1229 993 loquetur;
1242 925 1336 978 sed
1357 940 1820 995 quacumqueau-

173 1014 344 1068 dierit
372 1013 642 1084 loquetur,
674 1021 723 1066 et
744 1016 973 1067 ventura
1001 1013 1362 1068 annuntiabit
1409 1013 1556 1068 vobis
1578 1014 1678 1085 (Id.
1705 1030 1822 1082 xvr,

245 1191 334 1246 21.
369 1189 548 1246 Filius
582 1207 683 1262 pro
717 1190 886 1245 nobis
917 1191 1247 1264 interpellat
1271 1193 1497 1248 Patrem
1526 1210 1538 1248 :
1568 1191 1821 1264 Spiritus

173 1296 278 1352 pro
311 1279 474 1335 nobis
506 1279 766 1351 postulat
796 1279 1028 1337 Filium.

245 1370 330 1425 22.
363 1369 563 1425 Totius
598 1369 876 1424 bonitatis
907 1376 964 1424 et
995 1370 1291 1441 sapientiae
1308 1374 1363 1425 et
1384 1370 1616 1426 virtutis
1634 1371 1821 1426 Patris

173 1460 300 1515 viva
328 1463 383 1515 et
402 1475 555 1523 vera,
572 1458 805 1529 propria
823 1463 879 1512 et
896 1459 1188 1529 condigna
1205 1459 1399 1531 imago
1423 1465 1510 1515 est
1522 1458 1678 1515 Filus
1699 1478 1710 1514 :
1731 1464 1820 1514 to-

173 1549 294 1602 tius
324 1546 621 1619 sapientize
652 1550 708 1602 et
737 1547 968 1602 virtutis
1003 1547 1130 1602 Filii
1164 1549 1552 1604 manifestatio
1583 1554 1672 1604 est
1702 1549 1824 1620 Spi-

174 1637 343 1693 ritus.

244 1727 331 1780 23.
366 1726 489 1780 Non
522 1732 608 1780 est
638 1742 771 1795 pars
803 1743 906 1781 nec
930 1727 1115 1798 portio
1139 1726 1324 1782 Patris
1349 1727 1550 1797 Filius,
1574 1728 1670 1782 sed
1696 1743 1822 1798 pro-

173 1815 336 1888 prius
359 1819 411 1869 et
442 1813 884 1880 dilectissimus,
909 1816 1199 1886 perfectus
1228 1820 1285 1871 et
1318 1817 1523 1887 plenus
1561 1816 1823 1888 unigeni-

173 1911 270 1960 tus
291 1903 487 1959 Filius.
521 1903 645 1957 Non
667 1908 752 1958 est
777 1920 911 1973 pars
941 1920 1044 1958 nec
1076 1905 1260 1975 portio
1296 1905 1416 1958 Filii
1444 1905 1820 1975 Spiritus,sed

173 1993 428 2064 primum
462 1997 517 2046 et
549 1992 904 2063 pracipuum
937 2009 1083 2064 opus
1115 1993 1401 2065 unigeniti
1449 1994 1545 2048 Dei
1578 2011 1689 2065 pres
1721 2010 1823 2050 caa-

171 2081 312 2137 teris
347 2081 657 2137 universis.

245 2172 331 2226 24.
368 2171 532 2225 Pater
563 2171 750 2240 major
781 2173 868 2224 est
897 2169 1039 2224 Filio
1072 2187 1177 2226 suo
1213 2188 1224 2225 :
1256 2171 1435 2226 Filius
1468 2171 1821 2243 incompara-

169 2259 366 2315 biliter
397 2260 585 2330 major
614 2265 670 2313 et
698 2258 902 2313 melior
926 2265 1014 2313 est
1046 2260 1286 2330 Spiritu.

238 2349 327 2405 25.
361 2349 528 2404 Pater
560 2353 708 2402 Deus
741 2353 798 2402 et
831 2348 1112 2402 Dominus
1153 2353 1241 2404 est
1276 2348 1413 2403 Filio
1465 2366 1571 2404 suo
1599 2366 1611 2404 :
1643 2348 1822 2404 Filius

173 2442 326 2493 Deus
356 2443 414 2493 et
444 2436 727 2492 Dominus
761 2442 848 2491 est
878 2436 1143 2507 Spiritui.

244 2528 336 2580 26.
363 2527 530 2581 Pater
560 2525 942 2580 immobiliter
971 2530 1027 2580 et
1059 2525 1496 2596 impassibiliter
1519 2525 1713 2581 volens
1735 2526 1821 2580 Fi-

173 2617 318 2672 lium
351 2616 590 2687 genuit:
626 2615 806 2670 Filius
829 2615 954 2669 sine
997 2615 1190 2670 labore
1222 2619 1278 2669 et
1328 2616 1662 2687 fatigatione
1697 2614 1820 2670 sola

171 2706 384 2761 virtute
416 2721 522 2760 sua
555 2704 837 2775 Spiritum
872 2704 1022 2758 fecit.

243 2796 331 2848 27.
370 2793 548 2848 Filius
571 2800 633 2846 ut
664 2794 935 2847 sacerdos
970 2793 1171 2847 adorat
1220 2793 1402 2847 Deum
1437 2809 1633 2860 suum,
1661 2798 1717 2847 et
1749 2794 1818 2848 ab

173 2883 444 2941 omnibus
475 2883 750 2937 adoratur
773 2886 833 2935 ut
864 2882 1015 2935 Deus
1048 2886 1104 2935 et
1142 2887 1366 2936 creator
1393 2883 1658 2936 omnium
1681 2899 1692 2936 :
1714 2883 1816 2936 Pa-

173 2979 258 3029 ter
285 2989 416 3027 vero
449 2971 609 3027 solus
642 2971 869 3024 nullum
905 2972 1128 3034 adorat,
1172 2971 1310 3041 quia
1362 2988 1463 3026 nec
1515 2973 1818 3041 majorem,

174 3079 275 3118 nec
307 3060 589 3133 aequalem
616 3060 789 3114 habet
811 3077 984 3130 quem
1012 3060 1213 3114 adoret
1238 3077 1249 3114 :
1273 3059 1416 3113 nulli
1441 3061 1658 3131 gratias
1680 3061 1816 3131 agit,

173 3152 309 3224 quia
334 3149 552 3206 nullius
612 3148 959 3203 beneﬁcium
991 3153 1340 3203 consecutus
1375 3153 1496 3215 est;
1548 3149 1822 3204 omnibus

171 3247 235 3297 ut
258 3249 449 3296 essent.
495 3240 568 3292 ob
617 3238 940 3293 bonitatem
994 3254 1159 3292 suam
1205 3239 1460 3304 donavit,
1495 3237 1619 3309 ipse
1665 3239 1818 3309 quod

169 3335 258 3387 est
287 3347 319 3384 a
349 3329 585 3383 nemine
619 3328 862 3398 accepit.
895 3327 1042 3397 Ergo
1073 3327 1193 3380 haec
1242 3328 1419 3380 trium
1466 3327 1824 3382 substantia-

169 3435 322 3486 rum,
355 3417 564 3482 Patris,
599 3423 656 3470 et
689 3414 832 3469 Filii.
877 3421 934 3469 et
965 3415 1218 3486 Spiritus
1267 3416 1448 3470 sancti
1501 3416 1818 3484 distinctio,

169 3514 226 3565 et
257 3507 433 3562 trium
467 3522 680 3569 rerum,
730 3505 825 3559 Dei
859 3503 1123 3576 ingemti,
1157 3509 1212 3558 et
1265 3505 1358 3558 Dei
1407 3505 1711 3576 unigeniti,
1764 3511 1821 3561 et

171 3597 425 3669 Spiritus
475 3595 734 3650 advocati
770 3593 1098 3648 diil'erentia
1134 3609 1145 3648 :
1180 3601 1235 3647 et
1267 3593 1436 3648 Pater
1456 3599 1602 3648 Deus
1635 3599 1690 3648 et
1708 3595 1818 3650 Do-

177 3687 375 3742 minus
402 3691 490 3740 est
525 3683 663 3739 Filio
693 3701 818 3751 suo,
848 3687 904 3738 et
933 3683 1195 3737 omnium
1229 3699 1353 3753 qua:
1401 3700 1502 3753 per
1548 3684 1817 3739 virtutem

177 3775 308 3832 Filii
339 3773 634 3829 voluntate
662 3772 848 3844 ipsius
880 3772 1028 3825 facta
1057 3777 1195 3825 sunt
1228 3770 1407 3826 Filius
1449 3771 1716 3827 minister
1763 3777 1821 3828 et

159 3879 441 3921 summus
466 3863 735 3916 sacerdos
771 3865 858 3914 est
882 3859 1066 3914 Patris
1089 3859 1177 3913 sui
1206 3876 1218 3914 :
1247 3859 1509 3914 omnium
1534 3877 1665 3915 vero
1687 3877 1820 3932 ope-

169 3970 304 4009 rum
337 3967 577 4007 suorum
610 3950 893 4005 Dominus
925 3954 981 4003 et
1031 3953 1178 4003 Deus
1223 3953 1329 4013 est,
1365 3947 1532 4003 Patre
1573 3950 1815 4005 volente.

239 4043 330 4096 28.
363 4042 431 4096 Et
461 4040 631 4096 sicuti
669 4054 837 4092 nemo
871 4042 1060 4108 potest
1106 4037 1230 4091 sine
1283 4036 1426 4092 Filio
1471 4039 1541 4092 ad
1594 4039 1816 4094 Patrem

165 4132 440 4200 transire,
475 4130 553 4184 ita
584 4134 639 4183 et
667 4143 837 4182 nemo
871 4129 1062 4197 potest
1094 4126 1221 4180 sine
1254 4126 1472 4197 Spiritu
1509 4133 1708 4182 sancto
1734 4129 1821 4183 Fi-

164 4223 319 4277 lium
371 4220 429 4275 in
474 4218 714 4273 veritate
774 4218 1207 4288 adorare:ergo
1259 4217 1316 4269 in
1349 4216 1567 4287 Spiritu
1619 4223 1819 4273 sancto

165 4311 450 4366 adoretur
480 4307 681 4362 Filius.

239 4399 331 4453 29.
366 4398 473 4453 Per
506 4396 717 4452 Filium
749 4393 1106 4466 gloriﬁcatur
1138 4396 1326 4447 Pater.

239 4489 330 4543 30.
357 4485 611 4558 Spiritus
644 4482 827 4538 sancti
860 4499 1006 4553 opus
1036 4485 1091 4535 et
1121 4480 1419 4552 diligentia
1451 4486 1537 4536 est
1563 4482 1820 4537 sanctiﬁ-

164 4593 324 4641 care,
355 4581 410 4630 et
440 4579 673 4630 sanctos
700 4571 1013 4635 custodire,
1047 4575 1105 4624 et
1136 4587 1249 4624 non
1283 4568 1475 4624 solum
1501 4571 1822 4625 rationabi-

161 4667 268 4735 lia,
298 4672 358 4720 ut
390 4663 630 4734 quidam
666 4663 893 4732 putant,
952 4659 1052 4713 sed
1085 4662 1141 4712 et
1192 4657 1610 4712 irrationabilia
1656 4660 1824 4730 plura

163 4753 541 4812 sanctiﬁcare
578 4769 589 4806 :
624 4756 680 4805 et
707 4766 805 4804 eos
847 4748 945 4818 qui
990 4748 1325 4802 ceciderunt
1374 4752 1606 4818 propter
1655 4765 1822 4803 suam

165 4842 611 4918 negligentiam,
645 4839 716 4895 ad
751 4838 1061 4909 pristinum
1086 4841 1301 4890 statum
1337 4851 1633 4906 reparare:
1666 4837 1823 4908 igno-

163 4941 374 4992 rantes
420 4933 644 4997 docere,
696 4928 1104 4985 obliviscentes
1153 4928 1486 4993 admonere,
1522 4933 1826 4998 peccantes

163 5037 443 5096 arguere,
473 5021 666 5093 pigros
698 5018 942 5083 hortari,
977 5017 1046 5070 de
1097 5015 1285 5071 salute
1336 5032 1444 5070 sua
1488 5016 1742 5088 cogitare
1772 5023 1828 5072 et

163 5112 424 5170 sollicite
457 5125 644 5182 agere,
670 5111 933 5163 errantes
964 5107 1033 5160 ad
1068 5105 1220 5160 viam
1246 5105 1504 5160 veritatis
1519 5106 1826 5176 deducere,

163 5203 446 5259 inﬁrmos
477 5215 679 5254 curare
709 5201 765 5252 et
797 5194 1170 5267 fragilitatem
1204 5194 1463 5265 corporis
1494 5209 1596 5265 per
1626 5194 1829 5250 alacri-

161 5298 358 5349 tatem
390 5288 596 5346 animae
629 5287 944 5352 continere,
978 5289 1034 5340 et
1077 5284 1145 5338 ad
1198 5300 1455 5338 amorem
1493 5283 1725 5354 pietatis
1777 5287 1833 5339 et

163 5380 466 5439 castitatis
497 5377 863 5443 conﬁrmare,
897 5378 954 5428 et
1002 5389 1204 5428 omnes
1253 5372 1617 5438 illuminare;
1660 5390 1835 5444 super

164 5469 379 5528 omnia
432 5469 604 5522 ﬁdem
637 5470 691 5520 et
722 5463 1066 5520 charitatem
1109 5462 1362 5534 praebere
1415 5461 1687 5532 singulis,
1733 5479 1834 5533 pro

164 5560 378 5617 studio
408 5572 642 5629 quoque
672 5560 729 5609 et
758 5553 1082 5625 diligentia,
1117 5569 1219 5623 pro
1238 5551 1571 5605 sinceritate
1603 5557 1660 5605 et
1693 5553 1834 5606 sim-

164 5648 438 5722 plicitate
471 5645 704 5708 mentis,
741 5659 842 5713 pro
875 5658 1148 5696 mensura
1180 5640 1312 5694 lidei
1359 5645 1415 5695 et
1455 5639 1658 5694 merito
1691 5657 1832 5696 cou-

162 5737 530 5794 versationis
574 5733 820 5806 gratiam
868 5732 936 5785 ad
993 5729 1299 5784 utilitatem
1351 5729 1626 5794 dividere,
1662 5747 1838 5785 unus-

162 5830 437 5901 quisque
468 5826 528 5879 in
562 5839 675 5896 quo
708 5837 879 5893 opere
907 5824 963 5875 et
1021 5820 1316 5891 proposito
1369 5819 1542 5874 fuerit
1601 5819 1834 5889 habilis,

167 5920 237 5978 in
272 5918 408 5993 ipso
441 5914 732 5971 ordinare.

511 6043 772 6104 PATROL.
818 6037 999 6100 XLII.

1469 436 1735 497 SERMO
1778 433 2274 498 ARIANORUM.

3456 446 3575 504 689

1995 567 2083 621 31.
2118 567 2312 622 Alium
2346 585 2473 624 esse
2496 586 2529 625 a
2560 570 2722 637 Filio,
2746 576 2802 627 et
2829 577 3036 628 natura
3062 577 3116 629 et
3140 574 3361 639 ordine,
3387 579 3572 648 gradu

1924 659 1980 709 et
2011 657 2240 721 affectu,
2288 657 2570 729 dignitate
2602 666 2656 714 et
2687 666 2986 730 potestate,
3018 663 3228 718 virtute
3274 676 3329 718 et
3377 682 3574 736 opera-

1923 744 2274 801 tionezsicut
2306 752 2360 801 et
2389 747 2564 803 Filius
2597 755 2803 805 natura
2824 756 2881 805 et
2901 753 3123 821 ordine,
3155 756 3336 824 gradu
3363 759 3418 808 et
3433 757 3570 809 atl‘e-

1925 839 2041 899 ctu,
2078 835 2274 890 divina
2305 837 2585 908 dignitate
2619 844 2674 892 et
2704 845 3005 911 potestate,
3042 843 3376 914 unigenitus
3419 843 3571 898 Deus

1925 922 2077 977 alius
2108 931 2195 978 est
2227 929 2297 979 ab
2331 925 2610 996 ingenito.

1995 1012 2082 1067 32.
2119 1012 2485 1084 Impossibile
2515 1033 2651 1089 ergo
2682 1022 2769 1071 est
2799 1034 2979 1072 unum
3004 1020 3393 1090 eumdemque
3442 1037 3569 1078 esse

1927 1100 2154 1156 Patrem
2179 1107 2237 1157 et
2297 1103 2534 1173 Filium,
2577 1112 2949 1177 generantem
2984 1111 3039 1161 et
3069 1114 3426 1178 nascentem,
3475 1111 3570 1165 cui

1923 1190 2326 1246 testimonium
2368 1193 2706 1262 perhibetur
2735 1201 2793 1250 et
2840 1211 2971 1251 eum
3019 1197 3118 1266 qui
3169 1198 3572 1254 testimonium

1923 1279 2207 1349 perhibet,
2236 1282 2517 1352 majorem
2544 1288 2600 1337 et
2631 1299 2763 1338 eum
2795 1285 2892 1355 qui
2927 1286 3207 1356 majorem
3241 1288 3573 1356 conﬁtetur,

1923 1383 2056 1422 eum
2090 1370 2188 1440 qui
2216 1371 2286 1424 ad
2319 1372 2614 1427 dexteram
2644 1374 2805 1428 sedet
2835 1379 2889 1428 et
2921 1380 3038 1429 stat
3081 1381 3136 1429 et
3191 1393 3324 1431 eum
3357 1377 3455 1448 qui
3484 1392 3573 1432 se-

1924 1457 2015 1511 dis
2045 1458 2200 1512 dedit
2233 1459 2533 1530 honorem,
2561 1478 2689 1516 eum
2724 1463 2822 1533 qui
2858 1463 3075 1518 missus
3107 1470 3196 1519 est
3224 1471 3279 1518 et
3307 1481 3441 1519 eum
3474 1464 3574 1536 qui

1925 1545 2109 1604 misit:
2148 1564 2248 1602 nec
2299 1548 2650 1620 dicispulum
2683 1557 2738 1604 et
2768 1552 3084 1622 doctorem,
3121 1558 3186 1607 ut
3217 1553 3341 1624 ipse
3374 1552 3574 1608 docuit

1925 1634 2143 1704 dicens,
2176 1636 2327 1690 Sicut
2356 1638 2536 1693 docuit
2569 1657 2654 1694 me
2687 1645 2874 1708 Pater,
2907 1644 2987 1696 sic
3025 1642 3419 1713 toquor(Joan.
3444 1659 3570 1711 vm,

1924 1724 2014 1794 28)
2033 1740 2051 1778 :
2069 1725 2323 1779 similem
2358 1731 2414 1780 et
2446 1728 2820 1796 imitatorem,
2856 1735 2913 1784 et
2952 1746 3085 1785 eum
3136 1732 3307 1801 cujus
3352 1737 3441 1786 est
3490 1732 3569 1786 si-

1927 1811 2085 1867 milis
2112 1819 2170 1868 et
2203 1815 2530 1882 imitator‘;
2588 1834 2719 1872 eum
2753 1819 2852 1888 qui
2898 1825 3043 1885 orat,
3078 1825 3134 1874 et
3172 1821 3270 1892 qui
3303 1822 3571 1887 exaudit;

1925 1917 2059 1956 eum
2093 1903 2190 1974 qui
2222 1906 2479 1976 suscepit
2503 1907 2861 1973 mandatum,
2885 1913 2938 1962 et
2966 1924 3098 1962 eum
3119 1909 3390 1979 quidedit
3419 1927 3578 1964 man-

1926 1991 2152 2057 datum,
2175 1997 2231 2047 et
2263 1993 2659 2049 ministratum
2694 1994 3070 2066 praecipienti,
3091 1997 3410 2068 supplicem
3431 1998 3572 2053 emi-

1927 2081 2106 2147 nenti,
2132 2082 2431 2137 subditum
2467 2083 2774 2152 superiori,
2803 2085 3257 2157 primogenitum
3275 2088 3579 2158 sempiter-

1926 2184 2020 2236 no,
2067 2170 2435 2242 unigenitum
2488 2172 2768 2244 ingenito,
2823 2175 3182 2230 sacerdotem
3227 2180 3339 2230 Deo
3389 2193 3572 2233 unum

1923 2261 2095 2328 atque
2126 2262 2390 2314 eumdem
2412 2278 2560 2316 esse.

1991 2346 2080 2402 33.
2112 2347 2224 2401 Sed
2255 2351 2312 2401 et
2342 2347 2494 2403 Deus
2525 2349 2650 2404 sine
2697 2350 2978 2420 principio
3028 2352 3306 2421 praescius
3347 2358 3467 2408 erat
3507 2370 3570 2410 se

1923 2435 2204 2505 unigeniti
2243 2436 2335 2491 Dei
2371 2438 2530 2507 pueri
2557 2439 2646 2492 sui
2673 2444 2895 2509 patrem
2917 2440 3178 2495 futurum
3214 2460 3226 2496 :
3262 2447 3439 2496 Deum
3463 2459 3567 2497 au-

1921 2527 2036 2578 tem
2061 2541 2122 2578 se
2157 2524 2416 2580 futurum
2443 2543 2744 2597 nunquam
2771 2529 3076 2598 praescivit,
3104 2530 3242 2600 quia
3263 2530 3562 2601 ingenitus

1922 2617 2028 2678 est,
2061 2618 2118 2668 et
2149 2630 2446 2684 nunquam
2476 2617 2648 2686 C(Bpit
2675 2633 2776 2672 nec
2807 2618 3059 2688 prmcire,
3086 2636 3187 2674 nec
3220 2621 3385 2674 scire.
3419 2620 3566 2683 Quid

1915 2705 2004 2756 est
2027 2708 2222 2756 autem
2250 2705 2754 2774 praescientiamisi
2794 2707 3121 2761 futurorum
3154 2709 3377 2763 scentia
3402 2708 3429 2762 ‘I
3462 2709 3564 2764 Pa-

1920 2795 2007 2844 ter
2037 2796 2232 2846 autem
2255 2794 2588 2862 generando
2623 2794 2832 2861 lilium,
2864 2797 2935 2849 ab
2967 2796 3094 2866 ipso
3123 2796 3259 2850 Filio
3309 2801 3398 2852 est
3429 2815 3573 2852 nun-

1922 2886 2200 2950 cupatus;
2236 2887 2291 2935 et
2320 2882 2445 2952 ipso
2478 2883 2788 2949 revelante,
2824 2885 2893 2938 ab
2918 2885 3192 2940 omnibus
3224 2885 3569 2941 Christianis

1926 2968 2073 3022 Deus
2110 2973 2166 3021 et
2199 2972 2366 3023 Pater
2398 2970 2678 3038 unigeniti
2719 2970 2811 3025 Dei
2845 2976 2932 3024 est
2963 2972 3253 3042 cognitus,
3283 2977 3338 3026 et
3361 2989 3572 3045 magno

1923 3057 2110 3127 major
2138 3062 2193 3111 et
2224 3057 2371 3112 bono
2406 3057 2610 3112 melior
2638 3064 2725 3112 est
2758 3060 3191 3115 manifestatus.

1993 3145 2078 3200 34.
2117 3145 2181 3199 Et
2211 3148 2348 3216 quia
2392 3146 2770 3201 Homousiani
2820 3149 3023 3202 dicunt
3051 3148 3403 3204 Salvatorem
3447 3168 3572 3206 nos-

1923 3239 2077 3289 trum
2112 3235 2460 3290 humilitatis
2491 3237 2678 3307 gratia
2709 3237 2828 3291 haec
2861 3238 3057 3292 omnia
3087 3239 3157 3293 de
3189 3239 3371 3294 Patris
3396 3257 3570 3311 pries-

1924 3323 2156 3393 cientia,
2190 3329 2247 3378 et
2295 3325 2365 3377 de
2409 3341 2516 3378 sua
2564 3326 2923 3395 subjectione
2970 3343 3097 3381 esse
3130 3327 3410 3394 locutum,
3463 3345 3569 3384 nos

1922 3429 2053 3467 vero
2084 3412 2396 3468 Christiani
2430 3413 2723 3468 credimus
2768 3414 2936 3468 Patre
2967 3416 3288 3486 imperante
3320 3421 3376 3470 et
3425 3416 3568 3472 Filio

1922 3502 2357 3571 obtemperante
2392 3502 2509 3556 haec
2540 3503 2737 3557 omnia
2767 3520 2894 3558 esse
2923 3520 3055 3558 eum
3099 3505 3387 3571 locutum;
3424 3505 3566 3559 dici-

1922 3607 2054 3645 mus
2084 3595 2140 3644 et
2163 3592 2477 3660 probamus
2492 3592 2643 3662 quod
2669 3591 2917 3646 haeretici
2943 3609 3008 3646 ex
3033 3594 3156 3647 suis
3185 3593 3354 3647 dictis
3386 3611 3566 3664 argu-

1923 3687 2100 3733 untur
2127 3685 2184 3733 et
2216 3679 2673 3748 prehenduntur.
2707 3679 2765 3732 Si
2787 3680 2938 3734 enim
2974 3697 3034 3735 se
3066 3680 3418 3749 humiliavit,
3445 3684 3571 3754 ipsa

1922 3768 2222 3823 humilitas
2280 3768 2407 3838 ejus
2465 3768 2855 3822 obedientiam
2909 3769 3210 3824 ostendit:
3257 3769 3384 3840 ipsa
3433 3788 3565 3828 vero

1920 3855 2250 3910 obedientia
2281 3854 2459 3909 alium
2503 3872 2681 3926 supra
2728 3856 3105 3923 eminentem,
3139 3857 3318 3912 alium
3369 3859 3566 3916 subsi-

1921 3947 2170 3998 stentem
2194 3949 2249 3998 et
2279 3944 2606 4014 subjectum
2632 3943 2904 4011 declarat,
2922 3946 3094 4000 sicuti
3128 3947 3208 4001 ait
3231 3947 3568 4018 Apostolus,

1920 4035 2244 4088 Humitiavit
2272 4049 2346 4102 se,
2379 4033 2627 4088 obediens
2654 4037 2828 4103 factus
2853 4037 3006 4090 Patri
3025 4051 3192 4106 usque
3237 4037 3306 4091 ad
3335 4046 3568 4092 mortem

1922 4122 2193 4194 (Philipp.
2229 4140 2290 4191 Il,
2316 4123 2391 4191 8).
2430 4127 2494 4177 Et
2524 4123 2651 4193 ipsa
2682 4123 3006 4188 humilitas,
3039 4125 3187 4194 ejus,
3209 4126 3420 4181 veritas
3448 4131 3558 4198 est,

1921 4229 2034 4267 non
2069 4211 2313 4266 falsitas.
2347 4210 2486 4274 Quis
2514 4212 2666 4266 enim
2697 4213 2783 4267 vel
2816 4213 3049 4283 quando
3071 4214 3306 4285 sapiens
3331 4221 3568 4270 conten-

1921 4307 2017 4356 tus
2057 4306 2144 4356 est
2174 4317 2234 4355 se
2263 4301 2594 4369 humiliare,
2628 4300 2738 4355 nisi
2774 4302 2982 4356 habeat
3013 4304 3292 4374 majorem
3335 4310 3392 4358 et
3439 4319 3560 4359 me-

1922 4389 2126 4445 liorem
2175 4391 2266 4444 cui
2307 4390 2540 4444 festinet
2605 4407 2706 4461 per
2753 4391 3141 4446 humilitatem
3193 4392 3461 4463 placere?
3502 4395 3570 4450 Et

1921 4496 2048 4552 ego,
2073 4480 2284 4550 inquit,
2315 4494 2438 4549 qua?
2467 4480 2685 4550 placita
2713 4485 2839 4534 sunt
2869 4482 2922 4534 ei
2949 4483 3094 4548 facio
3142 4498 3356 4552 semper
3386 4484 3565 4553 (Joan.

1923 4585 2046 4636 VIII,
2091 4569 2200 4636 29).
2236 4567 2423 4622 Semel
2456 4567 2608 4622 enim
2641 4575 2775 4622 ante
2806 4570 3002 4624 omnia
3033 4571 3244 4624 saecula
3274 4571 3570 4628 voluntate

1925 4657 2025 4714 Dei
2066 4663 2258 4725 natus,
2293 4658 2363 4711 ad
2395 4656 2750 4711 voluntatem
2795 4657 2980 4729 ipsius
3037 4665 3235 4715 omnia
3273 4667 3567 4731 operatur.

1925 4748 1983 4802 Si
2017 4752 2211 4802 autem
2244 4763 2304 4800 se
2337 4746 2661 4813 humilavit,
2696 4752 2752 4801 et
2801 4748 3084 4803 mentitus
3132 4755 3241 4817 est,
3277 4750 3430 4822 quod
3472 4750 3570 4804 ab-

1927 4837 2045 4903 sit;
2094 4841 2152 4891 et
2201 4835 2252 4890 si
2300 4835 2510 4890 veritas
2559 4837 2860 4906 mentitur,
2903 4839 3056 4908 quod
3100 4837 3462 4909 impossibile
3485 4843 3574 4893 est

1928 4925 2026 4981 ubi
2058 4925 2191 4997 quis
2224 4929 2443 4996 quaret
2473 4925 2772 4981 veritatem
2797 4928 2824 4981 Ἰ
2854 4926 2964 4982 Sed
3009 4928 3219 4982 veritas
3270 4945 3370 4983 nec
3410 4944 3573 4982 men-

1927 5015 2094 5083 titur,
2147 5030 2252 5070 nec
2300 5015 2595 5082 variatur,
2659 5017 2757 5086 qui
2816 5016 2888 5070 ob
2946 5015 3056 5070 hoc
3113 5015 3269 5070 venit
3325 5021 3387 5070 ut
3429 5016 3573 5070 veri-

1931 5107 2113 5159 tatem
2171 5103 2445 5171 doceret;
2509 5103 2608 5174 qui
2669 5121 2780 5159 non
2832 5108 2921 5159 est
2967 5103 3304 5175 ignorantia;
3349 5105 3570 5171 doctor,

1932 5193 2034 5249 sed
2096 5191 2356 5247 veritatis
2419 5191 2736 5264 magister,
2793 5197 2858 5246 ut
2906 5192 3031 5263 ipse
3109 5192 3251 5247 dixit
3312 5211 3325 5249 :
3392 5193 3576 5250 Nolito

1932 5283 2079 5338 vobis
2130 5297 2320 5338 vocare
2353 5284 2636 5352 magistros
2681 5298 2846 5352 super
2873 5289 3094 5349 terram,
3127 5297 3271 5337 unus
3301 5291 3382 5338 est
3427 5284 3577 5338 enim

1933 5373 2200 5440 magister
2229 5376 2402 5427 vester
2435 5371 2681 5426 Christus
2721 5372 2926 5441 (Matth.
2960 5387 3121 5437 χχιιι,
3156 5371 3264 5442 40).
3289 5372 3346 5427 Si
3379 5377 3577 5428 autem

1937 5460 2338 5531 dixerintquia
2353 5465 2585 5532 propter
2605 5458 3059 5514 incarnationem
3076 5476 3243 5515 suam
3259 5460 3584 5517 humilians

1938 5566 2000 5605 se
2032 5567 2210 5621 super
2239 5555 2472 5615 terram,
2505 5553 2737 5619 propter
2767 5548 3035 5602 homines
3066 5549 3185 5604 haac
3208 5548 3584 5620 loquebatur,

2008 5733 2023 5765 ί
2051 5728 2116 5775 Ει·
2135 5727 2295 5786 Lugd.
2329 5727 2455 5775 Ven.
2475 5729 2522 5773 et
2545 5740 2691 5786 quem
2713 5725 2964 5773 imitatur.
3061 5728 3128 5776 M.

2003 5793 2023 5826 Ι
2054 5792 2136 5838 Er.
2171 5790 2331 5850 Lugd.
2367 5790 2491 5836 Ven.
2529 5790 2648 5836 Lov.
2698 5790 2770 5837 sic
2819 5789 3072 5838 exhibent
3112 5790 3256 5840 hunc
3295 5790 3489 5840 locum.
3524 5792 3589 5840 Et

1940 5853 2290 5918 eum‘quiorat
2323 5851 2367 5899 ei
2395 5851 2483 5918 qui
2511 5850 2764 5915 exaudit;
2794 5858 2839 5902 et
2870 5867 2982 5900 eum
3031 5856 3124 5918 qui
3174 5855 3347 5918 gratia
3386 5858 3512 5916 agtl,
3544 5857 3591 5902 ei

1941 5918 2028 5983 qui
2048 5914 2315 5968 benedicit.
2411 5914 2478 5964 M.

3193 6038 3273 6098 22
