4094 6452
503 389 619 451 683
1247 380 1551 441 CONTRA
1596 371 2027 437 SEBMONEM
2076 367 2573 442 ARIANORUM,
2620 368 2683 428 S.
2733 367 3164 430 AUGUSTINI
3252 394 3255 395 ν
3801 361 3920 422 684
3990 29 4040 395 1

501 520 880 575 ostendamus
910 515 1025 571 illis
1055 514 1276 584 majora
1310 516 1366 567 et
1396 509 1655 565 ﬁrmiora
1692 524 1817 563 esse
1854 505 1956 561 illa
1982 502 2142 559 testi-
2251 504 2459 555 natura
2519 500 2753 571 quidem
2801 499 2998 555 omnia
3041 503 3179 555 sunt
3210 497 3493 568 subjecta,
3527 499 3593 551 ut
3643 500 3921 552 creatura

502 609 719 674 monia,
753 624 879 679 qua:
910 606 980 659 de
1014 602 1377 674 subjectione
1408 599 1532 654 Filii
1564 598 1621 653 in
1654 595 1969 668 Scripturis
2002 596 2141 648 sunt
2249 588 2501 643 Creatori
2533 606 2545 654 ;
2578 588 3140 679 voluntateuautem,
3176 592 3409 659 propter
3453 585 3708 641 liberum
3760 585 3917 639 arbi-

500 698 708 770 posita,
761 677 830 751 de
860 695 932 750 iis
972 710 1098 765 quas
1130 693 1188 746 in
1220 688 1527 762 Evangelio
1572 691 1847 760 aguntur.
1879 683 1938 740 Si
1980 684 2138 739 enim
2250 679 2458 743 trium,
2493 695 2605 733 non
2640 678 2837 733 omnia
2858 677 2941 733 illi
2963 678 3230 749 subjecta
3258 677 3524 731 videmus
3559 692 3572 730 :
3606 680 3753 730 tunc
3784 690 3917 729 vero

499 766 733 860 pmpter
770 784 1038 840 homines
1090 798 1267 854 super
1314 785 1531 836 terram
1580 793 1641 834 se
1690 774 2054 839 humiliabat,
2087 776 2144 828 et
2251 767 2310 822 in
2343 768 2435 822 die
2460 767 2691 860 judicii,
2725 768 2958 860 quando
3006 768 3063 821 in
3096 766 3333 860 nomine
3368 766 3732 860 Jesu-omne
3761 780 3920 835 genu

500 853 626 932 non
647 878 711 931 ut
741 874 1021 930 obediens
1050 876 1107 928 et
1137 853 1442 941 subjectus
1492 867 1646 922 filius
1677 882 1811 922 cum
1843 865 2141 934 incompa-
2252 860 2535 921 ﬂectetur,
2586 856 2936 927 cmlestium,
2972 855 3360 924 terrestrium,
3413 859 3470 910 et
3519 853 3921 918 infernorum,

500 963 671 1019 rabili
703 962 1011 1019 dilectione
1039 965 1097 1016 et
1126 959 1447 1032 gratiarum
1478 957 1701 1013 actione
1736 952 1888 1010 Patri
1914 969 2020 1009 suo
2042 953 2143 1007 ob-
2250 948 2309 1001 et
2350 944 2541 1001 omnis
2596 945 2799 1017 lingua
2828 946 3216 1012 confitebitur,
3268 946 3365 1016 qui
3399 943 3687 999 Dominus
3738 943 3923 998 Jesus

505 1053 897 1124 sequebatur;
931 1050 1072 1124 quia
1098 1052 1387 1121 quantum
1418 1045 1691 1102 sublimis
1736 1048 1826 1100 est
1852 1043 1911 1097 in
1952 1044 2144 1114 potes-
2252 1032 2525 1124 Christus
2548 1035 2607 1088 in
2629 1034 2816 1107 gloria
2848 1034 2943 1090 Dei
2975 1034 3196 1124 Patris‘
3242 1033 3511 1107 (Philipp.
3562 1032 3762 1124 ιιι-10
3804 1033 3921 1103 11),

501 1119 644 1212 tate,
675 1119 907 1197 tantum
940 1119 1183 1195 humilis
1230 1141 1319 1193 est
1348 1137 1408 1192 in
1441 1134 1723 1206 obsequio
1769 1150 1781 1189 :
1830 1136 2146 1203 antequam
2256 1122 2454 1178 omnia
2482 1122 2606 1178 sine
2653 1123 2789 1194 fine,
2841 1127 2898 1179 et
2952 1123 3248 1179 voluntate
3277 1126 3335 1179 et
3362 1127 3574 1212 natura
3602 1119 3692 1212 illi
3723 1124 3925 1212 erunt

502 1210 735 1288 carnem
764 1229 1105 1301 susciperet,
1123 1242 1299 1299 quare
1320 1222 1859 1296 jussusobaudivit,
1891 1226 1947 1278 et
1976 1221 2149 1277 modo
2257 1212 2522 1283 subjecta
2551 1228 2563 1266 :
2599 1216 2655 1268 et
2686 1213 2810 1285 ipse
2850 1216 2981 1284 post
3019 1212 3285 1267 omnium
3318 1212 3430 1267 sibi
3480 1210 3923 1281 subjectionem

503 1321 714 1378 sedens
743 1321 814 1375 ad
845 1300 1137 1375 deiteram
1165 1316 1259 1372 Dei
1290 1312 1620 1386 interpellat
1651 1329 1753 1384 pro
1782 1310 1953 1367 nobis
1974 1312 2147 1382 (Rom.
2258 1301 2317 1355 in
2350 1318 2417 1356 ea
2447 1302 2808 1372 subjectione
2833 1306 2890 1357 et
2920 1302 3200 1357 charitste
3218 1318 3480 1358 manens.
3516 1300 3574 1354 in
3610 1317 3733 1371 qua
3764 1315 3923 1355 sem-

501 1426 626 1481 vm,
658 1409 770 1480 34),
802 1413 858 1464 et
886 1409 944 1463 in
979 1421 1217 1479 corpore
1250 1404 1605 1460 constitutus
1635 1420 1811 1474 super
1841 1407 2056 1457 terram
2086 1401 2146 1456 in
2259 1406 2378 1481 99!}
2410 1394 2466 1445 εἰ
2494 1390 2618 1481 ipse
2651 1395 2713 1445 ut
2745 1390 2924 1481 Filius
2955 1391 3257 1481 subiectus
3287 1390 3396 1481 {Brit
3426 1389 3478 1481 9i
3519 1390 3619 1461 qui
3652 1388 3749 1481 illi
3780 1389 3923 1443 80b-

501 1478 643 1554 οαεὶῤ
699 1478 762 1554 εδ
811 1497 1039 1552 Patrem
1086 1478 1427 1568 fogatupum
1468 1492 1862 1565 promittebat,
1923 1491 2145 1559 dicens,
2258 1479 2403 1533 didit
2433 1479 2664 1535 omnia:
2696 1479 2896 1535 nullus
2956 1480 3202 1535 audiens
3259 1478 3618 1535 christianus
3659 1478 3923 1549 ignorat,

498 1588 564 1642 Et
590 1603 687 1658 ego
716 1596 916 1655 rogabo
946 1567 1175 1641 Patrem,
1192 1600 1393 1648 meum,
1424 1587 1477 1638 et
1505 1583 1683 1638 alium
1702 1581 2023 1637 advocatum
2048 1580 2146 1634 da-
2424 1568 2568 1664 fidis
2599 1586 2667 1623 ex
2698 1569 2922 1664 auditu,
2976 1570 3225 1664 auditus
3270 1573 3464 1624 autem
3513 1583 3644 1664 per.
3670 1567 3921 1664 verbum

503 1678 582 1731 bit
609 1654 758 1732 nobis
786 1654 976 1748 (Ιοαη.
1008 1691 1121 1743 xw,
1157 1675 1272 1744 16)?
1318 1674 1385 1727 Et
1414 1672 1463 1727 si
1515 1671 1705 1726 adhuc
1747 1671 1805 1725 in
1838 1670 1931 1725 his
1962 1668 2145 1724 omni-
2255 1654 2469 1753 fibristi
2500 1656 2671 1726 (Rom-
2706 1672 2759 1722 κ,
2799 1657 2924 1724 17):
2951 1661 3016 1753 ut
3065 1656 3140 1711 sit
3189 1655 3367 1753 Deus
3401 1655 3599 1753 omnia
3628 1654 3922 1753 in‘ognni-

498 1766 608 1821 bus
633 1741 867 1837 propter
887 1741 1165 1819 duritiam
1177 1741 1234 1817 et
1246 1762 1560 1817 caecitatem
1582 1759 1775 1815 cordis
1797 1758 1889 1814 sui
1915 1759 2113 1814 creder

2305 1759 2385 1813 us,
2418 1759 2649 1815 semper
2706 1743 3106 1799 monarchiam
3165 1748 3223 1797 et
3279 1746 3628 1814 potestatem
3690 1741 3922 1796 habens

498 1832 814 1923 noluerint,
848 1854 950 1908 sed
982 1850 1111 1907 ausi
1146 1851 1362 1905 fuerint
1391 1849 1581 1905 dicere
1612 1848 1765 1919 quod
1798 1847 1918 1902 haec
1949 1847 2115 1903 omni

2303 1832 2540 1899 :nnium,
2573 1833 2665 1888 cui
2713 1833 2897 1904 gloria
2954 1838 3010 1889 et
3065 1832 3270 1900 honor,
3305 1832 3434 1889 laus
3481 1837 3539 1888 et
3585 1833 3920 1904 gratiarum

499 1921 851 1998 humilitatis
880 1957 1061 1997 causa
1090 1940 1261 2009 ﬁunt,
1293 1942 1426 2010 post
1456 1936 2022 1993 consummationem
2048 1953 2116 1992 sa:

2306 1922 2424 1989 :tio,
2458 1940 2559 1994 per
2592 1922 2961 1995 unigenitum
3011 1924 3139 1993 ejus
3178 1921 3413 1978 Fillium
3467 1922 3791 1977 Dominum
3816 1921 3839 1956 ²
3869 1924 3923 1976 et

505 2030 642 2095 culi,
676 2030 789 2086 nisi
821 2046 883 2086 se
913 2033 1123 2084 natura
1169 2031 1225 2083 et
1260 2026 1557 2083 voluntate
1605 2026 1777 2080 sciret
1814 2025 2122 2095 subjectum

2307 2010 2604 2068 ilvatorem
2638 2018 2925 2082 nostrum,
2949 2012 3007 2067 in
3038 2012 3256 2084 Spiritu
3289 2016 3514 2081 sancto,
3539 2028 3701 2067 nunc
3734 2019 3795 2067 et
3821 2025 3924 2083 per

506 2124 565 2176 et
594 2119 984 2184 obedientem,
1018 2117 1223 2188 utquid
1271 2134 1332 2172 se
1380 2114 1734 2180 humiliaret,
1779 2114 1879 2170 ubi
1911 2119 2147 2187 propter
2254 2100 2453 2157 omnia
2483 2103 2700 2158 εωθυία
2728 2102 3095 2159 woulorum.
3128 2104 3334 2159 Amen.

507 2208 775 2265 homines
806 2206 1109 2264 humilitas
1140 2205 1467 2262 necessaria
1513 2221 1626 2259 non
1659 2204 1785 2261 est?
1833 2204 1995 2270 Quod
2043 2220 2145 2259 au-

502 2302 622 2354 tem
649 2304 710 2395 fit
737 2301 874 2395 P03?
898 2296 1465 2395 consili-nmatilfmnem
1510 2294 1726 2395 33°33,
1760 2295 1995 2394 quafldo
2045 2294 2150 2395 “Ea
2318 2334 2335 2368 ι
2370 2334 2510 2392 Mss.,
2541 2332 2611 2381 ad
2635 2331 2855 2395 gloriam
2883 2332 2978 2382 Dei
3005 2332 3196 2383 Patria.

505 2387 701 2443 omnia
732 2386 949 2442 fuerint
976 2385 1243 2455 subjecta
1273 2384 1316 2456 (Ι
1348 2384 1469 2440 Cor.
1502 2400 1596 2451 xv,
1627 2383 1717 2454 28)
1752 2401 1764 2439 :
1800 2382 1937 2455 quia
1976 2384 2122 2438 mode

1088 2386 1243 2455 jecta
1273 2384 1316 2456 (Ι
1348 2384 1469 2440 Cor.
1502 2400 1596 2451 xv,
1627 2383 1717 2454 28)
1752 2401 1764 2439 :
1800 2382 1937 2455 quia
1976 2384 2148 2440 modo
2318 2397 2339 2430 ι
2368 2370 2705 2445 iiSSI’b'Eu‘éiZ

1071 2607 1224 2739 S.
1315 2608 2131 2741 AURELII
2218 2605 3319 2742 AUGUSTINI

1746 2797 2264 2863 HIPPONENSIS
2309 2799 2658 2864 EPISCOPI

2092 2920 2331 2968 CONTRA

711 3028 2077 3202 SERMONEM
2216 3028 3711 3203 ARIANORUM

1788 3275 2120 3362 LIBER
2188 3273 2505 3363 UNUS
2540 3265 2634 3359 (⁸).

578 3484 801 3542 CAPUT
822 3481 1119 3540 PRIMUM.
1136 3512 1204 3524 -ι
1225 3483 1277 3539 1.
1295 3484 1505 3538 Eorum
1524 3480 1872 3554 praecedenti
1890 3481 2153 3553 disputa—
2258 3482 2365 3538 teri
2396 3482 2606 3539 Filium
2638 3484 2789 3539 Patri
2806 3501 2934 3541 esse
2964 3486 3333 3540 coaeternum.
3351 3480 3576 3538 Sienim
3594 3480 3929 3555 aliquando

507 3575 653 3631 tioni
684 3575 793 3630 hac
823 3573 1214 3644 disputatione
1246 3572 1586 3644 respondeo,
1631 3570 1733 3643 qui
1781 3587 1913 3626 cum
1953 3569 2151 3626 Domi-
2260 3575 2431 3628 Pater
2454 3572 2580 3628 sine
2610 3572 2749 3628 Filio
2764 3574 2893 3639 fuit,
2926 3578 3049 3628 erat
3082 3576 3214 3629 ante
3244 3571 3453 3626 Filium
3488 3570 3729 3641 aliquod
3762 3577 3929 3630 tem-

507 3682 650 3720 num
700 3668 964 3720 nostrum
1007 3662 1208 3718 Jesum
1265 3661 1562 3718 Christum
1611 3661 1866 3715 fatentur
1914 3660 2149 3731 quidem
2260 3678 2391 3733 pus,
2426 3679 2541 3734 quo
2573 3662 2739 3718 Pater
2759 3663 2883 3719 sine
2904 3661 3003 3718 illo
3025 3661 3187 3719 solus
3217 3661 3344 3716 fuit.
3378 3661 3447 3716 Et
3470 3662 3770 3734 quomodo
3796 3668 3930 3720 erat

505 3754 711 3824 Deum,
744 3755 844 3809 sed
878 3753 1060 3808 Deum
1081 3768 1283 3807 verum
1311 3756 1368 3806 et
1394 3767 1527 3805 cum
1560 3754 1728 3804 Patre
1756 3766 1940 3804 unum
1969 3754 2149 3804 Deum
2260 3756 2391 3806 ante
2426 3752 2625 3807 omnia
2655 3752 2869 3808 saecula
2900 3752 3101 3820 Filius,
3135 3756 3270 3807 ante
3308 3767 3483 3823 quem
3518 3749 3629 3805 fuit
3673 3754 3925 3825 tempus

506 3843 716 3898 nolunt
764 3843 949 3911 fateri,
1010 3843 1157 3898 duos
1214 3839 1382 3895 nobis
1424 3839 1714 3894 inducunt
1779 3839 1918 3894 deos
1959 3838 2151 3893 diver-
2262 3857 2374 3912 quo
2407 3841 2533 3897 sine
2556 3841 2654 3896 illo
2684 3847 2807 3897 erat
2837 3842 3048 3898 Pater?
3079 3841 3272 3907 Porro,
3307 3842 3355 3897 si
3385 3844 3519 3896 ante
3550 3840 3758 3897 omnia
3778 3847 3933 3900 tem-

506 3948 582 3987 saa
649 3932 1013 4003 disparisque
1071 3934 1321 3997 naturae;
1375 3944 1557 3983 unum
1616 3943 1818 3982 verum
1879 3926 2148 3992 alterum,
2260 3929 2598 4000 poraFilius
2628 3936 2751 3986 erat
2781 3932 2918 4002 (non
2944 3931 3100 3987 enim
3128 3930 3294 3986 aliter
3318 3928 3774 4002 intelligendum
3810 3938 3932 4013 est,

504 4037 619 4076 non
652 4036 851 4076 verum
887 4038 899 4075 :
933 4025 1135 4075 contra
1166 4019 1309 4073 illud
1338 4018 1492 4089 quod
1525 4015 1809 4086 scriptum
1846 4019 1954 4085 est,
1986 4016 2147 4084 Audi,
2260 4020 2319 4074 In
2348 4021 2623 4091 principio
2652 4024 2769 4076 erat
2800 4020 3034 4076 Verbum
3054 4037 3074 4082 ;
3106 4023 3179 4086 et,
3212 4019 3409 4076 Omnia
3435 4034 3537 4088 per
3564 4020 3751 4091 ipsum
3771 4023 3930 4091 facta

500 4109 705 4175 Israel;
734 4112 995 4166 Dominus
1025 4110 1165 4163 Deus
1196 4117 1339 4176 tuus,
1385 4107 1652 4161 Dominus
1683 4122 1821 4159 unus
1852 4110 1929 4160 est
1968 4106 2147 4176 (Deut.
2258 4114 2386 4164 sunt
2414 4110 2575 4181 (Joan
2633 4127 2670 4179 I,
2705 4111 2757 4174 1,
2789 4109 2878 4179 3),·
2910 4109 3049 4181 quia
3077 4114 3135 4165 et
3180 4115 3413 4181 tempus
3446 4107 3569 4163 sine
3610 4107 3927 4180 aliquibus

500 4214 576 4267 v1,
609 4200 684 4271 4).
721 4202 833 4254 Hoc
863 4200 1019 4254 enim
1047 4199 1095 4253 si
1128 4198 1199 4252 de
1231 4196 1395 4250 Patre
1416 4195 1636 4249 dictum
1661 4194 1861 4249 volunt
1882 4194 2148 4267 intelligi,
2261 4204 2532 4252 creaturae
2563 4198 2817 4253 motibus
2845 4214 2956 4253 non
2990 4201 3180 4270 potest
3208 4214 3355 4265 esse,
3372 4202 3430 4253 et
3456 4197 3583 4253 ideo
3617 4214 3724 4269 per
3748 4199 3925 4255 illum

502 4289 772 4360 sequitur
801 4293 865 4342 ut
894 4287 1161 4341 Christus
1190 4302 1303 4339 non
1337 4284 1413 4339 sit
1443 4283 1728 4339 Dominus
1761 4285 1906 4338 Deus
1931 4290 2146 4338 noster.
2261 4286 2411 4341 facta
2441 4288 2789 4341 confitemur
2819 4291 2875 4340 et
2902 4292 3186 4359 tempora,
3234 4302 3336 4358 per
3382 4303 3555 4357 quem
3590 4286 3749 4342 facta
3783 4292 3931 4344 sunt

502 4375 564 4432 Si
595 4382 789 4431 autem
840 4377 909 4431 de
957 4375 1119 4441 Filio,
1153 4374 1321 4429 Pater
1369 4390 1481 4429 non
1515 4373 1624 4428 erit
1675 4373 1954 4427 Dominus
2000 4380 2149 4427 Deus
2261 4374 2500 4442 omnia),
2536 4375 2734 4445 procul
2765 4375 2941 4431 dubio
2992 4381 3340 4432 coaeternum
3375 4380 3463 4430 est
3492 4374 3647 4430 Patri
3703 4376 3925 4434 Filius.

502 4468 722 4519 noster.
758 4464 814 4519 Si
846 4481 979 4519 vero
1011 4464 1081 4519 de
1112 4464 1422 4527 ambobus,
1464 4462 1720 4534 profecto
1770 4461 1939 4516 Pater
1968 4466 2025 4516 et
2055 4461 2149 4515 Fi-
2258 4465 2363 4519 Sed
2380 4465 2654 4519 voluntate
2675 4465 2859 4519 Patris
2887 4465 3093 4520 dicunt
3122 4466 3495 4531 constitutum,
3529 4463 3806 4522 nolentes
3838 4467 3929 4522 di-

499 4553 617 4610 lius
647 4570 800 4609 unus
831 4558 919 4609 est
948 4552 1232 4609 Dominus
1264 4554 1411 4607 Deus
1442 4555 1659 4606 noster.
1694 4552 1767 4605 Ac
1801 4566 1903 4621 per
1932 4550 2039 4605 hoc
2071 4549 2146 4605 il-
2259 4569 2386 4608 cere
2418 4553 2603 4609 Deum
2635 4554 2705 4608 de
2737 4559 2848 4609 Deo
2880 4552 3185 4625 aequalem,
3236 4552 3502 4626 genitum
3539 4557 3715 4626 atque
3764 4571 3924 4612 com-

498 4642 600 4699 lud
631 4642 786 4714 quod
816 4641 876 4697 in
920 4640 1227 4712 Evangelio
1270 4640 1553 4713 scriptum
1586 4643 1695 4708 est,
1731 4640 1795 4696 Ut
1824 4648 2149 4712 cognoscant
2256 4646 2511 4697 ternum.
2549 4642 2851 4713 Nusquam
2902 4647 3098 4699 autem
3150 4641 3354 4715 legunt
3394 4642 3676 4699 voluntate
3722 4646 3928 4701 Patris

497 4741 549 4789 te
574 4748 750 4787 unum
776 4747 963 4787 verum
992 4732 1183 4797 Deum,
1215 4738 1267 4787 et
1297 4745 1455 4800 quem
1500 4729 1706 4784 misisti
1732 4729 1915 4784 Iesum
1960 4729 2145 4784 Chris-
2255 4732 2459 4786 Filium
2510 4738 2639 4787 ante
2685 4732 2875 4786 omnia
2938 4733 3141 4789 saecula
3186 4733 3573 4787 constitutum.
3627 4733 3739 4788 Sed
3809 4734 3924 4791 hoc

499 4826 619 4878 tum
646 4824 841 4889 (Joan.
874 4836 1013 4885 xvn,
1043 4819 1097 4891 3)
1125 4836 1147 4881 ;
1175 4818 1285 4875 hoc
1316 4834 1450 4873 eum
1484 4816 1702 4872 dixisse
1741 4817 2145 4888 accipiendum
2256 4824 2559 4891 propterea
2602 4819 2824 4885 dicunt,
2858 4825 2924 4876 ut
2976 4821 3134 4892 prior
3179 4820 3279 4876 illo
3325 4820 3592 4877 videatur
3632 4820 3923 4881 voluntas

499 4915 608 4981 est,
643 4911 713 4967 Ut
742 4914 798 4966 te
822 4914 878 4965 et
910 4926 1082 4981 quem
1112 4907 1553 4963 misistiJesum
1575 4904 1872 4961 Christum
1905 4922 2145 4978 cognos-
2254 4909 2465 4980 Patris,
2525 4925 2641 4980 qua
2697 4925 2829 4964 eum
2880 4909 3266 4966 constitutum
3323 4910 3546 4966 volunt.
3613 4910 3685 4967 Et
3729 4927 3922 4987 argu-

500 5002 634 5055 cant
666 5015 846 5054 unum
869 5015 1067 5054 verum
1100 4997 1304 5052 Deum.
1338 4995 1483 5063 Quia
1504 5000 1561 5050 et
1591 4994 1899 5050 deChristo
1923 4994 2141 5052 dictum
2256 4998 2536 5054 mentatio
2567 5015 2766 5054 eorum
2789 4998 2924 5055 talis
2955 5016 3081 5055 esse
3122 4999 3271 5056 solet
3302 5016 3314 5056 :
3351 5001 3709 5073 interrogant
3747 5005 3919 5061 enim

496 5093 587 5144 est
617 5106 649 5144 a
677 5090 897 5143 Joanne
954 5085 1235 5159 apostolo,
1284 5087 1406 5157 Ipse
1442 5092 1521 5140 est
1550 5098 1707 5139 verus
1754 5084 1894 5139 Deus
1931 5088 1982 5139 et
2027 5087 2144 5141 vita
2253 5092 2451 5143 utrum
2484 5092 2653 5143 Pater
2676 5087 2887 5143 Filium
2920 5088 3117 5145 volens
3147 5106 3219 5145 an
3252 5088 3457 5146 nolens
3484 5089 3796 5163 genuerit;
3850 5097 3922 5149 ut

495 5186 704 5233 aeterna
735 5178 779 5249 (Ι
806 5179 963 5233 Joan.
997 5194 1051 5245 v,
1084 5177 1198 5244 20).
2252 5176 2301 5231 si
2333 5193 2681 5248 responsum
2714 5176 2888 5231 fuerit
2937 5178 3089 5249 quod
3124 5178 3321 5234 volens
3360 5179 3647 5251 genuerit,
3680 5179 3915 5254 dicant,

564 5268 618 5320 2.
654 5269 794 5322 Item
821 5283 951 5321 cum
977 5266 1180 5320 dicunt
1200 5262 1495 5320 Christum
1516 5263 1798 5319 voluntate
1831 5263 1928 5319 Dei
1953 5266 2003 5319 et
2032 5265 2137 5320 Pa-
2252 5265 2414 5321 Prior
2442 5271 2530 5321 est
2558 5282 2693 5337 ergo
2717 5265 2986 5322 voluntas
3018 5266 3225 5323 Patris.
3261 5267 3422 5332 Quod
3466 5273 3662 5325 autem
3697 5269 3916 5328 nolens

492 5356 593 5410 tris
612 5358 699 5410 sui
709 5359 835 5410 ante
856 5356 1039 5410 omnia
1059 5354 1262 5409 saecula
1279 5353 2140 5425 constitutum,cogunturconfi-
2250 5354 2541 5427 genuerit,
2576 5354 2677 5427 qui
2708 5360 2897 5427 potest
2926 5355 3155 5412 dicere?
3184 5357 3292 5413 Sed
3324 5361 3390 5414 ut
3419 5357 3688 5414 noverint
3720 5374 3913 5430 quam

1765 5465 2031 5501 ADMOMTIO
2063 5465 2137 5501 PP.
2174 5465 2612 5502 BBNEDIC‘I‘INOBUM.

553 5532 795 5582 Vidimus
820 5532 982 5595 hujus
1011 5529 1248 5595 opusculi
1278 5531 1572 5581 Gallicanos
1602 5532 1994 5595 manuscriptos
2025 5531 2235 5581 codices
2265 5538 2403 5590 octo,
2426 5532 2795 5591 Sorbonicum,
2820 5533 3252 5592 Germanensem,
3275 5534 3668 5594 Corbeiensem,
3696 5536 3907 5588 Prata!-

492 5594 715 5664 lensem,
743 5594 1130 5664 Michaeliuum,
1164 5596 1488 5664 Sagiensem,
1520 5594 1794 5664 Bernensis
1828 5594 2057 5664 Ecclesia
2083 5608 2269 5654 unum,
2291 5600 2343 5664 et
2373 5596 2575 5664 domini
2606 5596 2876 5664 deMaran
2908 5597 3413 5664 Tho_losatis_unum,
3437 5605 3633 5663 praeter
3662 5604 3907 5664 quatuor

494 5659 773 5708 Vaticanos
804 5673 817 5706 :
851 5660 1219 5708 consuluimus
1247 5660 1405 5707 etiam
1440 5657 1607 5706 varias
1636 5656 1888 5704 lectiones
1920 5656 2241 5719 Belgicorum
2269 5660 2445 5718 trium,
2481 5663 2533 5708 et
2560 5659 2824 5708 editiones
2850 5659 2966 5709 Am.
2998 5660 3084 5709 Er.
3116 5666 3169 5710 et
3196 5662 3323 5711 Lov.

655 5738 1143 5821 Comparavimus
1157 5750 1419 5819 praetera
1439 5757 1534 5801 eas
1555 5754 1746 5796 omnes
1768 5733 2047 5798 eiitz'ones
2069 5739 2234 5799 initio
2256 5743 2426 5801 Rclr.
2457 5748 2511 5799 et
2533 5738 2837 5812 Confess.,
2884 5748 3023 5803 tom.
3050 5742 3104 5811 1,
3138 5752 3516 5809 memoratas.
3566 5744 3649 5806 M.

555 5837 632 5903 (α)
663 5836 901 5902 Scriptus
929 5850 1070 5887 anno
1099 5836 1289 5887 Christi
1319 5836 1429 5888 418.

500 2498 3159 2526 _
