4094 6438
463 397 577 453 687

462 543 616 593 mus,
642 525 794 598 quod
826 524 1083 580 animam
1106 539 1221 579 non
1252 521 1465 577 habeat
1480 521 1743 578 Christus
1764 520 2108 575 humanam.

462 618 674 671 Verum
697 616 750 669 id
775 616 832 668 in
858 615 1033 684 hujus
1052 612 1467 684 disputationis
1486 610 1981 682 consequentibus
1999 607 2108 662 evi-

464 705 695 760 dentius
726 703 1047 775 apparebit.
1095 702 1261 757 Nunc
1291 702 1362 757 ad
1395 700 1513 756 haec
1544 718 1743 757 eorum
1778 700 1949 754 verba
1980 714 2106 769 quis

464 793 879 866 proposuimus
907 792 1018 848 hoc
1051 792 1568 863 respondemus,ut
1599 788 1854 845 recolant
1883 788 1941 842 in
1975 787 2109 859 Epi-

464 881 613 938 stola
660 900 787 954 quas
827 883 899 937 ad
952 882 1222 937 Hebraeos
1270 886 1377 952 est,
1410 881 1481 937 de
1523 878 1748 936 Christo
1780 894 1907 934 esse
1938 875 2109 931 intel-

463 970 676 1027 lectum
700 971 855 1042 quod
880 970 1161 1043 scriptum
1184 969 1586 1037 est,Minorasti
1602 986 1727 1025 eum
1740 968 1906 1040 paulo
1925 968 2111 1020 minus

462 1060 529 1115 ab
560 1059 787 1129 Angelis
824 1060 1016 1131 (Hebr.
1065 1076 1127 1127 ιι,
1158 1060 1215 1131 7)
1249 1076 1263 1116 :
1295 1062 1353 1115 et
1401 1058 1634 1114 videant
1670 1074 1784 1112 non
1817 1056 1887 1111 ad
1918 1054 2110 1110 diver-

464 1148 699 1203 sitatem
729 1152 784 1203 et
811 1146 1261 1219 inaequalitatem
1294 1151 1512 1201 naturai
1543 1144 1730 1201 Patris
1760 1148 1819 1199 et
1854 1142 1981 1198 Filii
2009 1158 2110 1197 va-

463 1235 582 1291 lere
613 1237 767 1308 quod
797 1236 961 1306 dixit,
994 1237 1162 1291 Pater
1189 1234 1368 1305 major
1393 1250 1479 1290 me
1506 1237 1586 1290 est
1612 1234 1789 1305 (Joan.
1819 1247 1935 1299 xrv,
1965 1229 2058 1301 28)
2091 1246 2105 1299 ;

465 1326 567 1382 sed
600 1326 670 1380 ad
702 1325 847 1381 illud
875 1326 1069 1397 potius
1090 1325 1242 1398 quod
1276 1325 1334 1379 in
1366 1325 1551 1380 forma
1583 1322 1731 1379 servi
1764 1326 1999 1395 propter
2018 1320 2108 1375 in-

466 1415 900 1481 firmitatem,in
932 1432 1047 1487 qua
1076 1415 1194 1487 pati
1224 1418 1281 1470 et
1310 1414 1455 1470 mori
1488 1412 1698 1486 potuit,
1719 1412 1910 1467 minor
1932 1411 2109 1466 etiam

464 1501 700 1572 Angelis
730 1501 919 1555 factus
949 1505 1057 1556 est.

538 1591 770 1647 CAPUT
812 1593 900 1648 VI.
934 1623 999 1633 —
1030 1595 1082 1648 6.
1118 1596 1261 1647 Item
1295 1591 1540 1647 dicunt:
1578 1611 1607 1641 «ι
1657 1590 1811 1657 Cum,
1847 1611 1874 1637 »
1904 1588 2109 1659 inquit,

470 1684 647 1737 «venit
676 1680 960 1754 plenitudo
987 1682 1424 1751 temporis,misit
1441 1681 1575 1735 Deus
1600 1680 1804 1735 Filium
1825 1694 1988 1733 suum
2006 1693 2109 1731 na-

467 1775 582 1826 tum
610 1788 678 1826 ea:
698 1772 931 1825 muliere
954 1792 981 1819 »
1003 1769 1204 1841 (Galat.
1221 1770 1502 1840 Iv,li).Ipse
1522 1770 1619 1840 qui
1636 1769 1915 1823 voluntate
1931 1765 2112 1821 Patris

467 1874 690 1914 carnem
717 1860 970 1929 suscepit,
1015 1859 1133 1929 ipse
1159 1859 1439 1913 voluntate
1459 1862 1509 1913 et
1541 1861 1815 1929 praecepto
1846 1858 2019 1928 ipsius
2048 1856 2113 1910 in

470 1962 690 2019 corpore
717 1956 1063 2002 conversatus
1101 1956 1199 2013 est,
1233 1949 1370 2002 sicut
1396 1949 1510 2018 ipse
1538 1948 1666 2003 ait:
1699 1969 1726 1996 ‹‹
1761 1945 2021 2001 Descendi
2046 1944 2113 2000 de

468 2037 616 2103 casto,
648 2051 762 2091 non
791 2044 853 2091 ut
872 2038 1077 2106 faciam
1104 2037 1438 2091 voluntatem
1456 2035 1754 2103 meam,sed
1780 2036 2115 2090 voluntatem

469 2126 588 2196 ejus
619 2127 713 2196 qui
740 2142 827 2179 me
853 2128 1003 2180 misit
1050 2146 1079 2174 »
1131 2125 1307 2196 (Joan,
1358 2143 1435 2192 v1,
1467 2126 1577 2196 38).
1616 2126 1730 2196 Ipse
1760 2129 1819 2180 et.
1841 2124 2114 2180 voluntate

465 2217 654 2269 Patris
676 2217 906 2285 triginta
929 2230 1202 2269 annorum
1233 2215 1560 2285 baptizatus,
1580 2230 1701 2270 voce
1731 2217 1779 2269 et
1800 2214 2112 2268 testimonio

459 2305 645 2359 Patris
672 2304 1055 2374 manifestatus
1076 2306 1228 2374 (Luc.
1251 2321 1335 2373 ιιι,
1360 2304 1571 2373 21-23),
1594 2304 1874 2359 voluntate
1888 2308 1941 2358 et
1959 2317 2111 2374 pra?-

461 2397 609 2463 cepto
654 2394 840 2448 Patris
869 2393 1241 2461 Evangelium
1270 2394 1429 2461 regni
1454 2393 1709 2447 cazlorum
1753 2392 2109 2464 praedicabat,

462 2486 605 2539 sicut
635 2485 749 2554 ipse
779 2484 875 2550 ait,
908 2486 1013 2538 uEt
1041 2485 1172 2539 aliis
1201 2484 1517 2539 civitatibus
1536 2487 1745 2555 Oportet
1759 2499 1846 2539 me
1865 2484 2111 2552 Evange-

465 2574 601 2627 lium
620 2573 926 2644 praedicare
943 2592 963 2626 .·
983 2574 1040 2627 in
1074 2573 1170 2627 hoc
1194 2575 1339 2627 enim
1361 2574 1561 2628 missus
1586 2590 1710 2628 sum
1739 2595 1766 2622 ››
1789 2573 1890 2644 (Id.
1916 2574 2110 2643 1v,/i3),'

463 2670 567 2731 et,«
592 2664 706 2733 Ipse
726 2662 867 2716 mihi
892 2662 1217 2717 mandatum
1232 2663 1382 2717 dedit
1403 2663 1532 2734 quid
1554 2662 1855 2728 dicam,aut
1875 2662 2008 2733 quid
2029 2662 2107 2717 lo-

463 2768 601 2822 quar
631 2774 657 2800 »
690 2753 871 2822 (Joan.
901 2769 1001 2815 xu,
1034 2752 1144 2823 49).
1188 2753 1251 2806 Et
1300 2753 1380 2806 sic
1426 2753 1701 2807 voluntate
1748 2755 1797 2806 et
1844 2760 2109 2823 pracepto

464 2845 649 2897 Patris
680 2842 755 2897 ad
788 2844 1091 2913 passionem
1123 2845 1173 2897 et
1201 2847 1431 2897 mortem
1464 2845 1794 2915 pr0perarit,
1819 2844 1960 2897 sicut
1994 2844 2110 2913 ipse

462 2933 542 2985 ait
574 2950 585 2987 :
608 2955 633 2980 «
660 2932 839 3001 Pater,
864 2940 1107 2987 transeat
1129 2949 1162 2985 a
1182 2948 1270 2987 me
1292 2934 1441 2987 calix
1466 2934 1566 2987 iste
1587 2953 1607 2999 ,-
1639 2949 1749 2987 non
1771 2936 1950 2987 tamen
1970 2931 2108 3002 quod

462 3036 561 3088 ego
592 3022 731 3088 volo,
764 3021 855 3076 sed
885 3021 1023 3091 quod
1057 3030 1115 3077 tu
1144 3022 1224 3076 vis
1256 3044 1282 3069 ››
1316 3022 1523 3093 (Matth.
1569 3040 1721 3088 xxxx,
1763 3023 1855 3089 39,
1897 3021 2010 3094 59).
2044 3025 2108 3077 Et

462 3109 719 3177 Apostolo
748 3118 1018 3165 asserente
1052 3119 1104 3165 et
1145 3110 1355 3166 dicente
1390 3130 1409 3167 :
1444 3132 1470 3161 ‹‹
1503 3112 1790 3177 Obediens,
1826 3134 1853 3161 »
1902 3112 2104 3182 inquit,

471 3217 493 3246 α
516 3202 697 3268 factus
720 3200 876 3253 Patri
894 3215 1062 3270 usque
1081 3200 1152 3253 ad
1168 3202 1416 3265 mortem,
1435 3208 1659 3256 mortem
1678 3209 1858 3257 autem
1876 3203 2052 3257 crucis
2079 3223 2100 3250 ι

464 3287 729 3359 (Philipp.
764 3305 824 3355 ιι,
856 3288 931 3359 8).
967 3288 1066 3342 His
1096 3288 1448 3345 testimoniis
1479 3296 1813 3346 sanctarum
1847 3290 2106 3362 Scriptu-

464 3392 661 3430 rarum
684 3376 819 3446 quid
840 3378 1185 3447 persuadere
1202 3382 1505 3446 conantur,
1534 3380 1645 3435 nisi
1678 3384 1980 3453 propterea
2000 3381 2107 3436 Pa-

461 3464 569 3518 tris
600 3470 655 3519 et
686 3464 811 3519 Filii
862 3465 1123 3521 diversas
1171 3482 1299 3522 esse
1348 3474 1606 3536 naturas,
1647 3469 1784 3540 quia
1830 3469 2107 3526 obediens

463 3555 618 3608 Patri
650 3553 979 3608 ostenditur
1006 3554 1231 3611 Filius?
1259 3556 1419 3622 Quod
1443 3560 1637 3613 tamen
1669 3558 1740 3613 de
1770 3558 2108 3616 hominibus

464 3660 580 3699 non
615 3642 814 3713 utique
865 3644 1119 3699 dicerent
1172 3661 1184 3698 :
1237 3662 1425 3717 neque
1454 3646 1608 3701 enim
1647 3647 1695 3701 si
1742 3647 1917 3703 homo
1952 3648 2108 3705 ﬁlius

465 3731 687 3786 homini
726 3731 875 3802 patri
920 3749 1025 3787 suo
1075 3732 1149 3788 sit
1187 3733 1487 3803 obediens,
1520 3734 1649 3791 ideo
1680 3737 1989 3792 amborum
2020 3737 2107 3791 di-

465 3837 631 3876 versa
663 3826 798 3874 natu
811 3838 872 3875 ra
900 3825 1006 3877 est.

539 3908 763 3963 CAPUT
784 3908 977 3964 VII.—
998 3912 1343 3982 Quanquam
1370 3915 1426 3966 et
1446 3910 1554 3967 hoc
1575 3912 1769 3984 ipsum
1794 3914 1948 3985 quod
1972 3913 2113 3970 dicit

466 3997 660 4066 Jesus,
692 3999 953 4054 Descendi
996 3999 1063 4053 de
1098 4001 1244 4067 ctelo,
1292 4016 1401 4055 non
1448 4009 1508 4055 ut
1536 4001 1751 4074 faciam
1780 4006 2112 4060 voluntatem

467 4088 759 4158 meam,sed
785 4090 1113 4143 voluntatem
1134 4091 1252 4160 ejus
1267 4092 1365 4159 qui
1381 4106 1473 4144 me
1490 4091 1642 4145 misit
1665 4096 1844 4163 (Joan.
1868 4111 1947 4159 vx,
1979 4095 2068 4165 38)
2094 4111 2107 4161 ;

466 4178 537 4231 ad
572 4177 717 4232 illud
737 4178 1021 4232 referatur
1046 4178 1200 4248 quod
1224 4178 1397 4232 homo
1420 4179 1645 4250 primus
1674 4182 1857 4237 Adam
1881 4183 1974 4255 (de
1996 4200 2110 4254 quo

465 4266 605 4320 dicit
624 4266 957 4337 Apostolus,
974 4272 1082 4321 Per
1096 4284 1271 4321 unum
1290 4268 1563 4323 hominem
1578 4280 1863 4340 peccatum
1885 4273 2112 4327 intravit

463 4356 525 4408 in
554 4356 844 4419 mundum,
874 4359 923 4409 et
951 4371 1050 4425 per
1073 4358 1351 4426 peccatum
1383 4373 1527 4413 mors
1560 4378 1579 4426 ,-
1629 4368 1679 4413 et
1707 4361 1788 4414 ita
1820 4362 1875 4415 in
1929 4377 2114 4416 omnes

466 4442 709 4497 homines
736 4445 1074 4514 pertransiit,
1118 4446 1177 4499 in
1207 4462 1311 4515 quo
1336 4461 1519 4501 omnes
1542 4459 1907 4519 peccaverunt
1936 4452 2109 4519 [Rom.

462 4547 519 4601 ν,
552 4532 639 4602 12]
660 4532 698 4603 ),
735 4532 995 4588 faciendo
1024 4532 1381 4590 voluntatem
1415 4553 1603 4603 suam,
1630 4555 1742 4594 non
1775 4540 1902 4611 ejus
1933 4560 1965 4597 a
1995 4560 2110 4614 quo

464 4621 653 4676 factus
682 4626 789 4689 est,
825 4621 1159 4678 universum
1208 4640 1392 4695 genus
1432 4625 1756 4682 humanum
1794 4634 2112 4705 propagine

462 4709 665 4765 vitiata
695 4710 876 4781 culpas
899 4715 955 4765 et
983 4728 1161 4782 poenae
1194 4712 1328 4767 fecit
1359 4713 1695 4770 obnoxium.
1724 4716 1881 4774 Unde
1912 4736 1945 4774 a
1974 4738 2109 4777 con-

462 4799 773 4870 trario,per
793 4816 967 4869 quem
994 4799 1279 4855 liberandi
1299 4801 1740 4874 fueramus,non
1768 4806 1896 4862 fecit
1912 4808 2113 4864 volun-

460 4890 638 4942 tatem
664 4889 961 4955 suam,sed
982 4889 1110 4959 ejus
1133 4905 1292 4959 aquo
1315 4889 1536 4945 missus
1556 4895 1983 4968 est.Itaquippe
2004 4898 2111 4955 hoc

460 4976 586 5032 loco
607 4976 823 5031 dicitur
841 4976 1109 5032 voluntas
1131 4982 1329 5042 sua,ut
1350 4978 1711 5050 intelligatur
1730 5000 1857 5039 esse
1880 4987 2111 5058 propria

463 5070 662 5120 contra
685 5064 1039 5121 voluntatem
1073 5066 1192 5122 Dei.
1219 5066 1417 5138 Neque
1447 5068 1601 5123 enim
1636 5086 1771 5125 cum
1803 5074 2110 5132 obedimus

462 5153 598 5223 Deo,
630 5171 813 5225 eaque
846 5156 1151 5210 obedentia
1182 5155 1436 5209 dicimur
1465 5157 1592 5226 ejus
1625 5159 1809 5216 facere
1838 5165 2111 5221 volunta-

459 5242 880 5309 tem,nolentes
910 5242 966 5297 id
1004 5242 1271 5312 facimus,
1297 5244 1397 5297 sed
1435 5244 1784 5317 volentes,ac
1808 5268 1909 5322 per
1928 5253 2037 5308 hoc
2059 5254 2107 5309 si

458 5329 714 5384 volentes
746 5331 799 5383 id
838 5331 1104 5395 facimus,
1140 5334 1430 5402 quomodo
1457 5334 1814 5395 voluntatem
1850 5352 2107 5398 nostram

457 5433 571 5473 non
609 5418 875 5487 facimus,
898 5420 1011 5475 nisi
1045 5421 1179 5491 quia
1209 5421 1309 5476 illa
1342 5422 1557 5479 dicitur
1587 5428 2107 5505 voluntas,nostra,

459 5507 691 5575 quando
715 5507 1010 5577 Scriptura
1039 5508 1121 5563 ita
1152 5510 1428 5581 loquitur,
1449 5529 1575 5583 quas
1606 5514 1954 5590 intelligitur
1979 5537 2109 5577 esse

458 5594 691 5665 propria
710 5602 909 5651 contra
924 5596 1277 5653 voluntatem
1295 5600 1423 5656 Dei?
1437 5607 1596 5658 Hanc
1609 5604 1815 5660 habuit
1832 5610 2112 5677 Adam,ut

458 5682 515 5736 in
553 5683 648 5736 illo
675 5701 1035 5741 moreremur
1066 5706 1078 5743 :
1116 5689 1263 5743 hanc
1296 5706 1407 5744 non
1444 5691 1650 5746 habuit
1672 5695 2108 5764 Christus,utin

457 5771 554 5825 illo
585 5773 930 5831 viveremus.
955 5776 1031 5831 De
1055 5784 1263 5834 natura
1293 5780 1509 5851 quippe
1540 5781 1801 5841 humana
1824 5786 1932 5843 hoc
1956 5795 2111 5848 recte

458 5860 570 5918 dici
594 5863 869 5933 potest,in
898 5881 1013 5937 qua
1038 5866 1227 5923 extitit
1242 5883 1345 5938 per
1363 5867 1817 5932 inobedientiam
1838 5875 2109 5939 voluntas

1211 390 1522 451 CONTRA
1567 382 2002 449 SERMONEM
2045 379 2538 457 ARIANORUM,
2589 388 2651 447 S.
2698 385 3120 448 AUGUSTINI

3760 388 3890 448 688

2223 518 2474 589 propria,
2510 536 2636 590 quas
2670 520 2769 575 Dei
2809 520 3089 575 voluntati
3116 523 3269 573 esset
3299 519 3561 575 adversa.
3584 520 3881 576 Caeterum

2222 608 2375 679 quod
2410 609 2616 664 attinet
2636 612 2704 664 ad
2735 610 3094 665 divinitatem
3120 609 3267 672 Filii,
3290 627 3405 664 una
3425 611 3755 682 eademque
3782 628 3885 667 vo-

2212 696 2411 753 luntas
2441 705 2528 754 est
2563 700 2743 754 Patris
2766 706 2820 753 et
2842 699 2969 754 Filii
2999 718 3011 756 :
3037 716 3140 754 nec
3166 704 3356 770 potest
3388 699 3505 755 ullo
3535 701 3712 755 modo
3746 717 3883 757 esse

2214 786 2460 853 diversa,
2497 790 2591 844 ubi
2626 795 2713 845 est
2746 796 2956 845 natura
2984 788 3285 844 Trinitatis
3317 789 3713 845 immutabilis
3738 790 3874 845 uni-

2211 893 2398 932 versa.
2435 877 2507 933 Ut
2536 884 2731 935 autem
2772 878 3054 935 Mediator
3100 879 3200 934 Dei
3246 883 3303 935 et
3333 879 3641 935 hominum
3691 879 3875 935 homo

2214 966 2479 1023 Christus
2508 967 2679 1023 Jesus
2708 970 2755 1038 (Ι
2787 970 2918 1024 Tim.
2956 986 3019 1035 II,
3049 969 3105 1037 5)
3150 985 3265 1023 non
3300 968 3511 1024 faceret
3542 968 3872 1041 propriam,

2215 1071 2342 1128 qua;
2375 1056 2491 1112 Deo
2522 1058 2765 1114 adversa
2790 1062 2899 1127 est,
2925 1057 3310 1128 voluntatem,
3340 1075 3455 1113 non
3486 1063 3613 1114 erat
3632 1064 3877 1115 tantum

2213 1143 2517 1216 homo,sed
2540 1147 2689 1202 Deus
2705 1151 2763 1202 et
2780 1147 2984 1203 homo:
2999 1164 3101 1219 per
3117 1164 3293 1218 quam
3316 1146 3648 1202 mirabilem
3668 1147 3881 1220 singu-

2212 1229 2509 1303 laremque
2540 1234 2785 1304 gratiam
2811 1232 3069 1289 humana
3101 1233 3159 1288 in
3193 1234 3293 1289 illo
3325 1235 3452 1289 sine
3481 1240 3724 1306 peccato
3747 1234 3876 1291 ullo

2210 1326 2408 1392 posset
2436 1337 2564 1377 esse
2594 1326 2820 1378 natura.
2870 1322 3111 1395 Propter
3139 1322 3247 1379 hoc
3293 1339 3431 1397 ergo
3463 1324 3565 1393 ait,
3606 1324 3883 1380 Descendi

2212 1410 2276 1465 de
2304 1411 2565 1481 caelo,non
2596 1417 2657 1466 ut
2687 1412 2896 1483 faciam
2925 1414 3257 1468 voluntatem
3287 1414 3586 1480 meam,sed
3606 1415 3871 1469 volunta-

2214 1508 2319 1555 tem
2348 1501 2463 1573 ejus
2496 1503 2593 1571 qui
2618 1518 2705 1556 me
2733 1502 2922 1557 misit:
2947 1509 3009 1557 ut
3037 1520 3103 1557 ea
3134 1520 3311 1558 causa
3341 1510 3495 1559 esset
3526 1507 3707 1559 tanta:
3731 1503 3876 1559 obe-

2214 1589 2599 1661 dientiaa,quae
2622 1590 2857 1647 omnino
2880 1590 3005 1646 sine
3028 1591 3143 1646 ullo
3168 1597 3400 1664 peccato
3431 1598 3587 1649 esset
3610 1593 3880 1650 hominis

2215 1694 2388 1750 quem
2422 1679 2675 1749 gerebat,
2710 1680 2847 1751 quia
2877 1680 2946 1735 de
2977 1679 3119 1735 caalo
3150 1681 3564 1749 descenderat;
3614 1681 3728 1737 hoc
3759 1686 3877 1752 est,

2217 1785 2329 1823 non
2362 1772 2591 1823 tantum
2626 1768 2818 1836 homo,
2852 1786 3053 1825 verum
3097 1771 3273 1826 etiam
3304 1770 3457 1827 Deus
3490 1776 3638 1826 erat.
3676 1770 3875 1827 Unam

2217 1857 2433 1929 quippe
2463 1857 2718 1912 ostendit
2753 1874 2881 1914 esse
2916 1875 3223 1930 personam
3260 1859 3317 1915 in
3357 1865 3605 1932 utraque
3632 1866 3873 1928 natura,

2216 1945 2325 2000 hoc
2360 1951 2450 2001 est
2475 1946 2574 2001 Dei
2606 1951 2663 2002 et
2692 1946 2968 2017 hominis,
3003 1965 3075 2003 ne
3106 1948 3157 2003 si
3204 1949 3351 2005 duas
3395 1950 3591 2015 faciat,
3624 1956 3872 2021 quater-

2216 2035 2369 2090 nitas
2402 2035 2641 2108 incipiat
2688 2053 2835 2103 esse,
2888 2054 2999 2092 non
3050 2037 3304 2095 trinitas.
3338 2038 3623 2103 Quoniam
3664 2041 3878 2113 itaque

2215 2124 2449 2197 gemina
2492 2125 2728 2195 quidem
2777 2127 3127 2194 substantia,
3173 2128 3272 2183 sed
3307 2145 3423 2182 una
3472 2146 3726 2199 persona
3758 2136 3876 2198 est,

2216 2220 2518 2285 propterea
2548 2215 2701 2285 quod
2736 2215 2953 2271 dictum
2981 2221 3091 2285 est,
3123 2217 3384 2273 Descendi
3410 2218 3475 2273 de
3500 2219 3648 2289 caelo,
3677 2224 3874 2275 reter-

2215 2307 2313 2357 tur
2339 2304 2409 2357 ad
2442 2302 2541 2358 Dei
2574 2303 3005 2373 excellentiam;
3034 2306 3186 2377 quod
3219 2322 3351 2362 vero
3381 2307 3731 2377 adjunctum
3758 2319 3875 2379 est,

2213 2407 2324 2446 non
2352 2406 2412 2447 ut
2436 2394 2647 2463 faciam
2675 2394 3001 2449 voluntatem
3032 2410 3229 2464 meam,
3283 2399 3516 2468 propter
3541 2397 3730 2452 Adam
3770 2398 3881 2469 qui

2216 2480 2349 2536 fecit
2370 2483 2813 2549 suam,rel'ertur
2830 2483 2900 2538 ad
2920 2482 3177 2540 hominis
3197 2485 3586 2540 obedientiam
3605 2502 3619 2539 :
3636 2490 3880 2542 utrum-

2215 2586 2328 2641 que
2360 2576 2548 2626 autem
2585 2571 2872 2638 Christus,
2904 2572 2960 2627 id
2991 2577 3099 2640 est,
3132 2572 3286 2630 Deus
3330 2579 3386 2630 et
3414 2573 3587 2631 homo
3607 2592 3629 2638 ;
3660 2580 3874 2633 tamen

2214 2659 2542 2715 obedientia
2586 2661 2643 2715 in
2690 2660 2788 2716 illo
2820 2678 2947 2733 quas
2997 2664 3290 2719 contraria
3331 2670 3423 2719 est
3452 2664 3874 2721 inobedientie

2212 2748 2383 2820 primi
2418 2748 2693 2818 hominis,
2727 2751 3050 2805 secundum
3082 2752 3138 2806 id
3172 2754 3324 2823 quod
3367 2753 3541 2808 homo
3573 2759 3664 2809 est
3694 2771 3873 2810 com-

2214 2839 2543 2893 mendatur.
2579 2838 2741 2893 Unde
2771 2840 2851 2894 ait
2887 2840 3190 2910 Apostolus
3224 2860 3237 2897 ε
3270 2843 3417 2897 Sicut
3444 2845 3593 2898 enim
3618 2861 3725 2916 per
3746 2846 3872 2901 ino-

2211 2927 2535 2982 bedientiam
2574 2930 2739 2981 unius
2776 2927 3032 2995 hominis,
3064 2934 3377 3000 peccatores
3404 2935 3681 2988 constituti
3731 2939 3875 2990 sunt

2208 3017 2375 3072 multi
2388 3033 2409 3078 ;
2432 3019 2510 3071 ita
2540 3026 2590 3071 et
2613 3034 2713 3088 per
2732 3018 3091 3073 obedientiam
3117 3022 3285 3075 unius
3313 3022 3549 3077 hominis
3560 3024 3705 3094 justi
3729 3041 3870 3081 con-

2206 3108 2502 3161 stituentur
2528 3109 2697 3161 mulli
2724 3108 2897 3178 (Rom.
2929 3125 2983 3177 ν,
3018 3108 3126 3179 19).

2280 3203 2507 3260 CAPUT
2535 3204 2756 3260 νηί.--
2775 3204 2891 3261 Nec
2913 3206 3050 3277 quia
3074 3206 3238 3275 dixit,
3271 3207 3533 3277 hominis,
3566 3214 3871 3283 separavit

2208 3292 2414 3364 Deum,
2448 3293 2547 3365 qui
2579 3293 2877 3349 hominem
2909 3295 3269 3368 assumpsit;
3302 3297 3439 3370 quia
3468 3298 3621 3355 sicut
3647 3300 3873 3368 dixi,et

2208 3382 2376 3439 valde
2402 3385 2934 3440 commendandum
2969 3390 3075 3457 est,
3120 3403 3239 3442 una
3290 3404 3538 3459 persona
3585 3395 3695 3445 est.
3734 3391 3871 3464 Ipso

2210 3489 2460 3543 namque
2477 3489 2629 3527 unus
2648 3472 2912 3528 Christus
2933 3477 2990 3529 et
3005 3474 3099 3529 Dei
3114 3474 3293 3531 Filius
3313 3493 3543 3549 semper
3564 3483 3873 3548 natura,et

2212 3561 2469 3617 hominis
2492 3562 2668 3616 Filius
2689 3560 2785 3631 qui
2805 3578 2873 3616 ex
2894 3566 3153 3634 tempore
3170 3572 3513 3637 assumptus
3534 3572 3625 3623 est
3645 3571 3874 3640 gratia:

2213 3667 2318 3706 nec
2332 3649 2413 3705 sic
2428 3655 2770 3721 assumptus
2784 3654 2873 3705 est
2886 3655 2949 3705 ut
2967 3652 3129 3723 prius
3143 3658 3370 3710 creatus
3387 3660 3514 3725 post
3531 3673 3879 3716 assumere.

2210 3739 2437 3809 tur,sed
2477 3745 2538 3793 ut
2567 3738 2693 3811 ipsa
2734 3740 3137 3811 assumptione
3176 3748 3488 3799 crearetur.
3526 3751 3608 3800 Ac
3630 3763 3735 3818 per
3758 3747 3875 3805 hoc

2212 3828 2637 3899 propteristam
2663 3829 2943 3883 unitatem
2985 3846 3240 3901 personas
3290 3831 3347 3886 in
3388 3837 3638 3905 utraque
3689 3842 3871 3895 natu-

2212 3934 2278 3972 ra
2298 3916 2730 3988 intelligendam
2749 3924 2805 3972 et
2825 3917 3003 3973 Filius
3027 3918 3278 3975 hominis
3295 3920 3509 3976 dicitur
3526 3923 3875 3983 descendis-

2212 4024 2274 4063 se
2292 4008 2361 4061 de
2379 4006 2832 4079 caalis,quamvis
2854 4008 2930 4063 sit
2948 4024 3017 4063 ex
3038 4025 3105 4063 ea
3126 4026 3251 4080 qua
3273 4009 3332 4065 in
3355 4015 3512 4067 terra
3530 4012 3720 4069 fuerat
3738 4016 3872 4072 Vir-

2211 4096 2345 4168 gine
2375 4102 2752 4168 assumptus;
2785 4103 2839 4152 et
2872 4097 3051 4153 Filius
3086 4098 3185 4154 Dei
3220 4099 3432 4156 dicitur
3460 4104 3783 4161 crucifixus
3811 4112 3872 4163 et

2214 4186 2497 4255 sepultus,
2527 4186 2794 4257 quamvis
2826 4186 2947 4241 haec
2978 4204 3092 4242 non
3137 4187 3196 4243 in
3250 4188 3551 4247 divinitate
3582 4192 3716 4265 ipsa
3747 4212 3873 4267 qua

2212 4280 2301 4330 est
2327 4274 2670 4346 Unigenitus
2705 4276 2856 4331 Patri
2888 4281 3225 4345 comternus,
3268 4279 3368 4334 sed
3402 4280 3459 4334 in
3493 4286 3718 4339 natura:
3752 4285 3869 4341 hu-

2214 4381 2398 4419 manae
2431 4365 2507 4419 sit
2537 4364 2877 4419 infirmitate
2928 4382 3258 4438 perpessus.
3308 4368 3455 4424 Nam
3500 4370 3719 4429 Filium
3754 4374 3872 4432 ho-

2214 4452 2391 4507 minis
2423 4453 2793 4509 descendisse
2824 4454 2895 4508 de
2926 4454 3087 4523 ccelo,
3120 4454 3315 4527 ipsum
3348 4458 3568 4515 dixisse
3602 4462 3689 4517 sic
3721 4461 3871 4536 legi-

2214 4558 2347 4597 mus
2381 4559 2394 4598 :
2427 4543 2587 4597 Nemo
2608 4542 2853 4599 ascendit
2878 4545 2936 4598 in.
2965 4544 3179 4612 cwlum,
3212 4548 3322 4601 nisi
3361 4549 3457 4617 qui
3485 4548 3549 4604 de
3576 4550 3714 4606 caelo
3753 4552 3875 4608 des-

2211 4630 2407 4701 cendit,
2440 4632 2616 4686 Filius
2647 4631 2905 4697 hominis,
2933 4634 3029 4704 qui
3057 4641 3136 4688 est
3164 4634 3224 4687 in
3252 4635 3381 4691 creto
3402 4636 3591 4708 (Joan.
3625 4656 3716 4708 Ill,
3755 4642 3871 4714 13).

2211 4720 2587 4794 Unigenitum
2629 4737 2760 4776 vero
2811 4721 3018 4776 Filium
3052 4722 3146 4778 Dei
3182 4724 3523 4781 crucifixum
3556 4732 3615 4783 et
3662 4730 3875 4803 sepul-

2210 4814 2358 4878 tum,
2378 4827 2580 4866 omnes
2598 4810 2772 4865 etiam
2796 4810 2852 4865 in
2886 4811 3159 4882 Symbolo
3191 4814 3560 4871 conﬁtemur.
3586 4816 3755 4874 Unde
3777 4824 3873 4877 est

2211 4903 2267 4955 et
2296 4898 2438 4954 illud
2470 4899 2725 4971 Apostoli
2753 4917 2765 4966 ;
2789 4899 2851 4955 Si
2878 4902 3026 4955 enim
3053 4904 3403 4972 cognovisset,
3435 4922 3730 4977 nunquam
3756 4911 3870 4965 Do-

2209 4989 2424 5043 minum
2450 4990 2649 5060 gloriae
2696 4989 3061 5057 cruciﬁxisset
3094 4990 3140 5061 (Ι
3167 4990 3287 5047 Cor.
3337 5010 3377 5048 II
3405 4994 3482 5065 8).
3534 4996 3692 5051 Hanc
3727 5000 3871 5054 uni-

2210 5082 2387 5133 tatem
2423 5094 2679 5149 personas
2724 5077 2935 5133 Christi
2967 5078 3105 5134 Jesu
3154 5079 3385 5136 Domini
3421 5084 3629 5152 nostri,
3678 5085 3770 5142 sic
3800 5105 3871 5144 ex

2213 5172 2421 5221 natura
2470 5171 2717 5237 utraque
2766 5171 3153 5235 constantem,
3186 5168 3381 5225 divina
3430 5171 3655 5228 scilicet
3685 5179 3873 5247 atque

2212 5254 2491 5319 humana,
2525 5260 2589 5308 ut
2621 5256 2892 5326 quaslibet
2932 5272 3133 5311 earum
3182 5259 3529 5315 vocabulum
3561 5262 3746 5319 etiam
3780 5267 3866 5321 al-

2212 5347 2317 5401 teri
2349 5344 2663 5416 impertiat,
2697 5350 2753 5400 et
2782 5346 2977 5401 divina
3006 5346 3299 5414 humanae,
3334 5356 3391 5405 et
3421 5350 3687 5409 humana
3719 5355 3871 5411 divi-

2213 5454 2320 5501 nae,
2352 5436 2556 5491 beatus
2587 5437 2839 5491 ostendit
2861 5436 3195 5507 Apostolus,
3221 5439 3321 5494 ubi
3355 5456 3461 5495 nos
3492 5458 3628 5497 cum
3663 5445 3738 5499 ad
3766 5446 3871 5501 hn-

2213 5526 2518 5581 militatem
2568 5526 3003 5581 misericordem
3054 5544 3155 5599 per
3197 5528 3408 5585 Christi
3457 5530 3871 5591 exhortaretur

2214 5614 2539 5686 exemplum
2585 5632 2597 5671 :
2644 5616 2749 5669 Hoc
2777 5618 2989 5681 sentite,
3022 5616 3235 5689 inquit,
3266 5620 3328 5673 in
3363 5620 3512 5676 vobis
3542 5624 3692 5692 quod
3720 5630 3778 5681 et
3808 5628 3865 5680 in

2216 5703 2421 5758 Christo
2449 5706 2593 5773 Jesu,
2621 5707 2859 5776 quicum
2882 5706 2942 5759 in
2969 5707 3146 5775 forma
3167 5707 3265 5762 Dei
3282 5712 3433 5773 esset,
3458 5726 3570 5765 non
3599 5717 3866 5785 rapinam

2214 5793 2509 5849 arbitratus
2536 5809 2652 5849 esse
2695 5793 2937 5864 aequalis
2982 5795 3127 5862 Deo,-
3174 5795 3265 5852 sed
3300 5813 3359 5852 se
3386 5799 3569 5869 ipsum
3597 5803 3865 5860 asinam.

2212 5883 2316 5953 vit,
2346 5884 2581 5955 formam
2626 5882 2775 5940 servi
2817 5883 3112 5957 accipiens,
3132 5883 3199 5942 in
3226 5883 3655 5951 similitudinem
3691 5890 3869 5953 hami.
