4094 6450
494 431 615 493 691

492 570 640 633 cepto
672 556 854 619 Patris
882 560 1022 616 sedit
1064 558 1133 613 ad
1160 558 1448 613 dexteram
1475 557 1610 628 ejus,
1665 553 1895 607 audiens
1928 554 2150 605 Patrem

494 655 603 711 sibi
622 654 918 708 dicentem:
948 672 974 700 ‹‹
996 647 1133 703 Sede
1154 646 1224 702 ad
1255 646 1535 701 dexteram
1556 660 1753 708 meam,
1771 643 1940 697 donec
1954 656 2155 711 ponam

498 744 749 799 inimicos
770 750 886 795 tuos
916 738 1207 793 scabellum
1238 735 1435 807 pedum
1452 739 1671 789 tuorum
1696 754 1723 780 ››
1753 732 1923 803 (Psal.
1948 728 2151 799 c1x,l)-

497 832 545 887 Is
575 832 673 901 qui
701 829 981 883 voluntate
1010 830 1059 881 et
1108 833 1366 895 praecepto
1398 824 1579 877 Patris
1608 821 1746 875 sedit
1772 820 1840 873 ad
1869 820 2154 873 dexteram

498 919 615 989 ejus
646 920 690 972 is
720 917 996 971 voluntate
1023 918 1073 968 et
1102 915 1373 984 praecepto
1405 914 1587 966 Patris
1611 912 1668 964 in
1689 909 2155 964 consummatione

498 1008 694 1064 saeculi
722 1011 983 1061 uenturus
1004 1002 1352 1072 es!,Apostolo
1367 1000 1698 1069 vociferante
1716 1002 1765 1051 et
1788 997 1993 1050 dicente
2014 1011 2032 1047 :
2050 995 2155 1047 «Et

498 1099 614 1168 ipse
629 1097 883 1165 »,inquit,
904 1116 929 1143 ‹‹
955 1094 1147 1147 Domin
1158 1107 1215 1145 us
1233 1092 1291 1144 in
1295 1092 1474 1162 jussu,
1522 1090 1579 1142 in
1598 1102 1719 1141 voce
1744 1078 2155 1150 Archa‘ngeli,et

498 1187 559 1241 in
590 1186 722 1239 tuba
740 1185 836 1239 Dei
855 1182 1135 1238 descendet
1154 1182 1217 1235 de
1246 1181 1373 1233 creto
1402 1200 1428 1226 ››
1463 1177 1502 1245 (I
1532 1175 1716 1231 Thesse
1739 1192 1811 1243 1v,
1838 1174 1946 1241 15).
1979 1173 2029 1226 Is
2059 1171 2156 1240 qui

496 1276 775 1330 voluntate
784 1277 833 1329 et
844 1281 1110 1344 praecepto
1129 1270 1311 1325 Patris
1334 1267 1806 1335 veniet,voluntate
1820 1266 1870 1318 et
1888 1267 2155 1331 praecepto

496 1364 682 1418 Patris
703 1362 1055 1434 judicaturus
1077 1364 1154 1412 est
1194 1360 1366 1412 totum
1413 1353 1676 1408 mundum
1708 1353 1767 1406 in
1795 1351 2078 1420 aequitate,
2104 1354 2154 1404 et

498 1455 817 1510 redditurus
840 1452 1073 1522 singulis
1098 1446 1395 1503 secundum
1417 1444 1579 1516 ﬁdem
1602 1449 1651 1499 et
1672 1459 1835 1515 Opera
1860 1457 1958 1497 sua
1977 1457 1995 1493 :
2013 1440 2155 1499 sicut

500 1544 616 1614 ipse
635 1544 767 1606 ait,«
787 1546 947 1596 Pater
948 1539 1163 1610 judicat
1178 1534 1570 1600 neminem,sed
1598 1549 1754 1589 omne
1766 1530 2045 1601 judicium
2062 1526 2152 1579 Fi-

496 1630 571 1686 lio
600 1630 744 1685 dedit
761 1651 779 1677 n
799 1648 816 1684 :
839 1627 1207 1692 item,<«Sicuti
1226 1623 1675 1695 audio,judico,et
1676 1621 1960 1692 judicium
1975 1632 2153 1671 meum

494 1735 682 1774 verum
704 1722 821 1781 est;
851 1720 989 1789 quia
1018 1734 1127 1771 non
1158 1730 1338 1786 quaero
1366 1714 1701 1767 voluntatem
1733 1726 1927 1776 meam,
1940 1706 2027 1761 sed
2058 1720 2153 1759 vn-

496 1809 763 1863 luntatem
795 1808 909 1877 ejus
942 1806 1037 1877 qui
1063 1819 1151 1858 me
1179 1802 1536 1871 misitn(.loan
1562 1817 1634 1866 .v,
1659 1800 1749 1864 22,
1782 1798 1891 1867 30).
1932 1794 2077 1852 Unde
2099 1789 2154 1847 et

494 1899 554 1952 in
576 1895 873 1969 judicando
893 1895 1079 1949 Patris
1095 1893 1447 1963 praesentiam
1466 1890 1758 1961 praeponit,
1774 1895 1992 1941 etsuam
2008 1884 2149 1938 divi-

494 2003 627 2040 nam
656 1985 975 2055 dignitatem
1004 1986 1055 2037 et
1100 1988 1413 2052 potestatem
1441 1978 1729 2033 secundam
1746 1977 2035 2047 postponit,
2068 1972 2149 2025 di-

493 2090 621 2130 cens
641 2091 692 2127 .·‹‹
734 2069 1205 2135 Venite,benedicti
1233 2070 1422 2124 Patris
1456 2068 1610 2121 mei»
1636 2066 1844 2136 (Matth.
1876 2080 2004 2127 xxv,
2035 2061 2147 2131 34).

494 2165 632 2234 Ergo
648 2164 829 2234 justus
846 2160 1025 2233 judex
1067 2167 1146 2214 est
1172 2159 1346 2213 Filius
1369 2176 1386 2210 :
1407 2156 1713 2228 judicantis
1753 2169 1872 2208 vero
1904 2154 2079 2208 honor
2098 2155 2151 2205 et

494 2254 821 2316 auctoritas,
857 2251 1036 2305 Patris
1067 2248 1377 2319 imperiales
1409 2246 1545 2316 leges
1568 2264 1589 2308 ;
1626 2246 1764 2298 sicut
1806 2251 1854 2297 et
1903 2242 2149 2310 Spiritus

491 2341 673 2395 sancti
700 2340 948 2410 ofﬁciosa
980 2336 1258 2391 advocatio
1287 2339 1342 2389 et
1385 2334 1709 2402 consolatio,
1748 2331 2023 2401 Unigeniti
2053 2330 2151 2382 Dei

482 2427 838 2500 justijudicis
867 2429 945 2481 est
973 2424 1374 2497 dignitas.Jam
1400 2440 1527 2494 quae
1552 2420 1823 2493 superius
1846 2417 2146 2489 respondi-

489 2515 824 2585 mus,etiam
858 2514 1136 2568 adversus
1156 2510 1555 2567 istasimiliter
1584 2508 1965 2573 valent.Quod
1989 2505 2145 2560 enim

486 2604 771 2661 voluntati
792 2608 847 2659 et
869 2607 1154 2675 praecepto
1178 2600 1363 2655 Patris
1387 2599 1667 2656 obediens
1700 2602 1790 2652 est
1816 2596 2017 2662 Filius,
2040 2609 2146 2649 nec

486 2695 547 2750 in
562 2693 902 2749 hominibus
921 2693 1282 2747 demonstrat
1304 2688 1593 2744 diversam
1616 2688 2020 2758 imparemque
2043 2700 2145 2739 na-

486 2786 705 2840 turam.
738 2782 920 2854 patris
944 2779 1354 2852 praecipientis,
1407 2783 1463 2833 et
1504 2776 1607 2831 filii
1642 2775 1985 2831 obcdientis.
2023 2773 2144 2829 Huc

487 2873 711 2928 accedit
743 2872 897 2942 quod
922 2870 1184 2925 Christus
1219 2884 1332 2922 non
1356 2870 1583 2921 tantum
1613 2871 1761 2921 Deus
1787 2869 2018 2935 est,qua
2041 2880 2142 2918 na-

484 2966 620 3016 tura
648 2960 893 3032 mqualis
924 2963 1011 3014 est
1033 2956 1183 3013 Patri
1213 2974 1226 3024 ;
1252 2957 1351 3012 sed
1376 2955 1549 3010 etiam
1584 2955 1781 3019 homo,
1801 2970 1918 3025 qua
1935 2957 2143 3007 natura

486 3052 676 3121 major
705 3055 794 3105 est
812 3048 1175 3117 Pater,cujus
1196 3046 1372 3100 etiam
1392 3062 1504 3099 non
1531 3043 1721 3099 solum
1746 3048 2140 3109 Pater,verum

486 3144 543 3193 et
566 3136 848 3191 Dominus
870 3139 977 3189 est.
1001 3134 1143 3189 Nam
1169 3132 1303 3186 inde
1334 3142 1421 3187 est
1458 3136 1513 3185 et
1532 3130 1673 3185 illud
1700 3128 2136 3201 propheticum:

481 3227 748 3282 Dominus
779 3223 925 3279 dixit
953 3222 1023 3277 ad
1050 3239 1162 3287 mc,
1190 3222 1372 3277 Filius
1412 3236 1567 3274 meus
1594 3224 1673 3274 est
1705 3224 1763 3273 tu
1784 3218 1951 3290 (Psal.
1976 3235 2038 3285 ιι,
2061 3219 2138 3283 7).

482 3315 680 3371 Ibiest
734 3313 951 3385 quippe
982 3310 1221 3366 inferior
1269 3308 1605 3365 substantia
1630 3324 1748 3378 qua
1770 3307 1936 3362 Pater
1956 3307 2141 3375 major

480 3404 578 3474 sit,
603 3408 659 3459 et
676 3403 825 3458 servi
851 3403 1037 3457 forma
1058 3400 1149 3455 cui
1170 3399 1450 3454 Dominus
1480 3400 1713 3453 sit.Hzee
1735 3401 1932 3451 autem
1958 3397 2140 3450 forma

481 3490 869 3548 humanitatis
902 3492 1048 3561 ejus,
1076 3504 1248 3560 quam
1293 3490 1566 3542 manente
1597 3487 1784 3541 forma
1818 3484 2139 3539 divinitatis

475 3582 791 3653 accepit,ut
812 3580 873 3635 in
897 3577 1342 3634 similitudinem
1359 3576 1665 3631 hominum
1687 3576 1843 3630 fieret
1863 3574 2137 3629 ethahitu

476 3670 839 3726 inveniretur
881 3672 946 3723 ut
982 3668 1151 3722 homo
1200 3667 1483 3738 (Philipp.
1527 3683 1589 3732 ιι,
1636 3667 1689 3735 6,
1722 3667 1799 3735 7),
1831 3664 1887 3718 in
1913 3664 2137 3734 judicio

476 3776 708 3832 quoque
740 3758 1063 3830 apparebit,
1097 3774 1212 3827 quo
1242 3757 1402 3810 vivos
1424 3754 1481 3810 et
1529 3759 1792 3810 mortuos
1823 3753 2132 3823 judicabit-

481 3850 613 3905 Ideo
631 3848 849 3902 dictum
882 3853 971 3901 est
996 3846 1066 3901 de
1093 3846 1282 3915 Patre,
1325 3844 1479 3916 quod
1511 3860 1618 3898 non
1642 3842 1917 3914 judicabit
1946 3858 2135 3911 quem-

475 3954 660 4008 quam,
692 3936 783 3991 sed
814 3951 972 3991 omne.
1013 3935 1289 4005 judicium
1329 3933 1475 3988 dedit
1521 3934 1659 3987 Filio
1709 3932 1883 4002 (Joan.
1910 3946 1964 3996 v,
2022 3930 2133 4001 22).

474 4027 740 4082 Formam
776 4042 1026 4093 namque
1057 4024 1115 4078 in
1139 4023 1369 4078 Christo
1401 4022 1527 4077 Filii
1552 4019 1808 4075 hominis
1828 4024 1967 4073 tunc
1986 4019 2057 4073 ab
2072 4035 2136 4073 eo

470 4114 774 4186 judicandi
797 4113 1355 4184 videbuntimpii,de
1377 4111 1593 4183 quibus
1612 4108 1831 4164 dictum
1851 4114 1957 4173 est,
1981 4108 2137 4162 Vide-

474 4205 609 4260 bunt
640 4206 699 4259 in
715 4220 871 4277 quem
890 4204 1241 4273 conﬁxerunt
1266 4200 1448 4271 (Zach.
1467 4215 1567 4265 xu,
1588 4200 1653 4252 10
1676 4216 1689 4265 ;
1713 4200 1869 4254 Joan.
1897 4197 2134 4267 x1x,37),

472 4293 572 4350 Dei
595 4311 727 4348 vero
753 4294 997 4347 formam
1020 4292 1077 4345 in
1101 4291 1304 4345 eodem
1326 4290 1451 4361 ipso
1474 4288 1722 4355 Christo,
1757 4304 1873 4359 qua
1895 4285 2136 4357 aequalis

470 4388 561 4439 est
580 4383 761 4452 Patri,
781 4381 978 4451 utique
1010 4396 1123 4434 non
1157 4378 1458 4433 videbunt.
1482 4377 1645 4433 Unde
1664 4376 1967 4449 prophetia
1993 4391 2137 4446 prae-

471 4471 669 4539 cessit,
695 4469 946 4525 Tollatur
976 4469 1200 4538 impius,
1231 4473 1293 4523 ut
1340 4484 1451 4523 non
1482 4466 1661 4522 videat
1690 4466 1997 4521 claritatem
2028 4465 2133 4519 Do-

470 4562 618 4616 mini
646 4560 800 4629 (Isai.
823 4575 974 4623 XXVI,
1009 4558 1117 4627 10).
1149 4556 1295 4621 Quia
1316 4562 1372 4611 et
1419 4557 1489 4611 ad
1538 4557 1644 4611 hoc
1676 4555 1944 4627 pertinet,
1983 4553 2140 4608 Beati

473 4649 676 4705 mundo
705 4647 879 4713 corde,
906 4647 1165 4717 quoniam
1207 4647 1317 4717 ipsi
1350 4648 1512 4701 Deum
1544 4645 1801 4699 videbunt
1839 4643 2055 4713 (Matth.
2081 4660 2135 4709 ν,

474 4740 555 4808 8).
589 4738 848 4809 Denique
880 4736 989 4791 hoc
1017 4735 1385 4806 apertissime
1412 4733 1789 4801 testatur,ubi
1816 4733 2135 4800 dicit,Pote-

478 4833 676 4885 statem
688 4826 834 4882 dedit
845 4827 897 4881 ei
899 4826 1183 4897 judicium
1202 4826 1403 4894 facere,
1419 4839 1557 4894 quon
1567 4825 1675 4879 iam
1685 4824 1889 4877 Filium
1901 4823 2084 4877 homin
2094 4822 2139 4875 is

480 4920 557 4974 est
577 4918 767 4989 (Joan.
800 4933 855 4980 v,
878 4915 993 4985 27).
1040 4913 1163 4968 Non
1199 4928 1333 4985 ergo
1365 4912 1641 4983 quoniam
1666 4911 1847 4967 Filius
1878 4911 1978 4966 Dei
2011 4916 2135 4977 est;

484 5023 619 5062 nam
640 5004 965 5061 secundum
1014 5003 1122 5058 hoc
1153 5007 1436 5061 coaeterna
1467 5002 1548 5055 illi
1579 5018 1713 5057 cum
1741 5005 1909 5055 Patre
1939 5004 1994 5053 et
2023 5016 2140 5055 una

480 5098 803 5166 eademque
832 5097 1093 5166 potestas
1111 5096 1199 5147 est
1223 5108 1235 5145 :
1260 5094 1358 5146 sed
1383 5091 1657 5162 quoniam
1683 5089 1861 5143 Filius
1882 5088 2139 5144 hominis

480 5190 591 5254 est,
615 5184 768 5256 quod
800 5200 928 5238 esse
958 5181 1131 5253 cmpit
1178 5198 1245 5236 ex
1275 5186 1551 5251 tempore,
1588 5184 1651 5234 ut
1672 5183 1931 5251 potestas
1959 5178 2009 5232 ei
2034 5179 2137 5232 da-

478 5280 639 5330 retur
661 5273 718 5327 in
751 5270 1200 5343 tempore.Quod
1225 5287 1340 5325 non
1369 5269 1449 5323 ita
1470 5268 1989 5339 dicitur,tanquam
2010 5284 2138 5322 eam

479 5362 590 5419 sibi
623 5367 678 5416 et
706 5361 830 5433 ipse
855 5377 968 5416 non
1001 5359 1306 5424 dederit,id
1337 5364 1670 5421 est,naturae
1702 5359 1761 5411 in
1786 5374 1847 5412 se
1868 5357 2140 5412 humanae

480 5469 595 5508 non
626 5450 849 5505 dederit
871 5453 1217 5520 potestatem
1252 5446 1354 5501 illa
1387 5464 1510 5518 quae
1545 5448 1601 5502 in
1635 5464 1699 5502 eo
1722 5452 1929 5501 natura
1947 5447 2142 5502 divina

482 5546 613 5598 est:
645 5537 797 5594 absit
820 5537 927 5592 hoc
962 5536 1529 5599 credere.Quomodo
1559 5535 1713 5591 enim
1746 5535 1964 5605 aliquid
1986 5535 2139 5589 face-

485 5633 573 5687 ret
595 5625 900 5697 Pater,nisi
934 5643 1034 5697 per
1057 5626 1425 5697 unigenitum
1450 5624 1657 5681 Filium
1679 5624 1835 5681 ‘lNec
1858 5624 1983 5677 sine
2012 5623 2139 5694 Spi-

493 5719 608 5775 ritu
629 5720 851 5783 sancto,
871 5715 1008 5786 quia
1030 5714 1446 5787 inseparabilis
1466 5720 1606 5770 sunt
1623 5731 1797 5787 opera
1813 5712 2139 5785 Trinitatis,

492 5811 571 5867 Ac
593 5822 694 5881 per
705 5804 813 5861 hoc
828 5804 979 5877 quod
994 5808 1336 5877 potestatem
1350 5803 1493 5865 Filio
1506 5804 1666 5864 dedit
1677 5802 2142 5876 quoniamFilius

1243 420 1557 484 CONTRA
1600 413 2040 481 SERMONEM
2086 408 2577 483 ARIANORUM,
2629 410 2694 470 S.
2739 406 3164 471 AUGUSTINI

3805 401 3933 462 692

2258 544 2516 601 hominis
2546 552 2652 611 est,
2686 561 2787 616 per
2806 542 3291 614 eumdemipsum
3312 540 3423 612 ipsi
3446 538 3610 595 dedit
3642 534 3939 616 quoniam

2258 639 2437 695 Filius
2467 638 2563 693 Dei
2595 614 2702 693 est:
2737 638 2931 693 Omnia
2978 637 3133 692 enim
3165 653 3261 707 per
3301 637 3477 706 ipsum
3502 635 3651 704 facta
3684 634 3837 694 sunt,
3880 614 3940 684 et

2256 731 2379 783 sine
2407 728 2523 798 ipso
2550 731 2762 799 [actum
2792 731 2871 781 est
2900 726 3045 781 nihil
3074 727 3258 797 (Joan.
3287 742 3324 790 ι,
3355 725 3429 795 3).
3461 723 3573 777 Sed
3603 719 3935 799 honoriﬁce

2257 822 2313 873 et
2336 822 2730 887 competenter
2756 816 2962 871 tribuit
3014 815 3166 870 Patri
3199 814 3355 886 quod
3412 812 3589 867 etiam
3622 810 3751 882 ipse
3785 798 3943 864 facit

2262 910 2324 959 ut
2348 905 2537 971 Deus;
2572 904 2708 976 quia
2738 905 2807 959 de
2837 905 3003 959 Patre
3024 909 3113 959 est
3137 904 3305 958 Deus.
3335 902 3461 972 Ipse
3494 916 3753 971 namque
3774 898 3937 953 Deus

2257 1001 2344 1050 est
2366 995 2436 1049 de
2466 995 2618 1049 Deo:
2662 995 2827 1048 Pater
2857 999 3051 1048 autem
3088 998 3257 1055 Deus,
3292 992 3390 1047 sed
3427 1008 3539 1045 non
3575 990 3645 1045 de
3680 989 3821 1043 Deo.

2328 1082 2557 1137 CAPUT
2591 1083 2715 1137 XII.
2749 1114 2817 1122 —
2849 1082 3092 1145 Audiuit,
3129 1081 3431 1151 inquiunt,
3456 1096 3493 1133 a
3529 1083 3716 1147 Patre,
3756 1076 3939 1131 cSede

2257 1171 2327 1225 ad
2357 1173 2649 1227 dexteram
2679 1188 2913 1241 meam,»
2937 1176 2987 1226 et
3002 1170 3117 1226 ideo
3138 1171 3279 1225 sedit
3296 1169 3370 1224 ad
3398 1169 3685 1223 dexteram
3700 1168 3894 1221 Patris
3920 1183 3936 1221 :

2256 1264 2538 1332 tanquam
2572 1267 2842 1332 parterna
2868 1261 3274 1333 Jussione,non
3304 1259 3477 1313 etiam
3506 1274 3613 1312 sua
3634 1256 3692 1310 id
3727 1254 3940 1311 fecerit

2258 1350 2683 1421 potestate.Hoc
2703 1350 2937 1421 quidem
2955 1349 3064 1404 nisi
3086 1348 3470 1420 spiritualiter
3484 1350 3793 1417 acceptum
3810 1345 3939 1399 fue-

2258 1438 2503 1504 rit,Filio
2536 1442 2705 1493 Pater
2727 1440 2797 1493 ad
2829 1438 3130 1494 sinistram
3170 1436 3458 1502 erit.Quid
3479 1440 3567 1490 est
3598 1438 3800 1489 autem
3826 1433 3938 1489 Pa—

2255 1528 2361 1581 tris
2394 1528 2651 1595 dextera,
2687 1528 2798 1582 nisi
2821 1532 3035 1581 interna
3068 1525 3170 1581 illa
3199 1524 3631 1596 ineﬂ‘abilisque
3654 1523 3935 1583 felicitas,

2257 1633 2370 1687 quo
2404 1618 2661 1688 pervenit
2687 1617 2861 1671 Filius
2879 1615 3137 1671 hominis
3168 1615 3342 1670 etiam
3365 1613 3556 1668 carnis
3574 1611 3938 1667 immortali“

2256 1710 2373 1761 tate
2406 1710 2675 1777 percepta
2699 1705 2726 1759 ‘?
2758 1706 2901 1761 Nam
2936 1705 2982 1759 si
3010 1706 3088 1760 ita
3111 1710 3176 1760 ut
3197 1720 3436 1758 manum
3471 1703 3569 1757 Dei
3590 1701 3937 1770 Patris,non

2257 1796 2579 1849 secundum
2612 1794 2964 1849 lineamenta
2986 1793 3246 1864 corporis
3259 1810 3384 1863 quae
3407 1792 3462 1846 in
3493 1796 3607 1846 Deo
3624 1808 3739 1846 non
3760 1794 3937 1846 sunt,

2256 1885 2355 1939 sed
2376 1885 2697 1940 secundum
2714 1884 3028 1939 elfectivam
3047 1883 3322 1937 virtutem
3344 1881 3640 1953 sapienter
3662 1885 3718 1935 et
3732 1879 3937 1934 fideli-

2256 1976 2344 2027 ter
2374 1973 2859 2044 cogitemus,quid
2889 1971 3308 2044 intelligemus,
3337 1969 3447 2025 nisi
3479 1970 3675 2042 ipsum
3707 1968 3935 2040 Unige-

2256 2064 2445 2117 nitum
2463 2079 2567 2133 per
2580 2079 2752 2134 quem
2774 2062 2922 2117 facta
2940 2070 3073 2116 sunt
3093 2060 3332 2116 omnia?
3353 2061 3433 2115 De
3454 2076 3568 2131 quo
3591 2060 3767 2114 etiam
3788 2074 3937 2130 pro-

2255 2151 2426 2222 pheta
2457 2152 2633 2207 dixit:
2668 2152 2732 2205 Et
2764 2151 3049 2205 brachium
3094 2151 3317 2205 Domini
3372 2151 3466 2204 cui
3510 2148 3818 2203 revelatum
3850 2154 3939 2204 est

2255 2242 2406 2314 (Isai.
2460 2258 2577 2309 Lm,
2601 2240 2692 2308 l)?
2713 2242 3012 2307 Quomodo
3054 2245 3247 2295 autem
3266 2238 3446 2295 Filius
3460 2238 3623 2293 audit
3647 2237 3889 2293 Patrem
3906 2238 3936 2293 ?

2254 2331 2505 2403 quomod
2516 2346 2613 2385 um
2647 2330 2923 2385 dicuntur
2944 2347 2976 2384 a
3003 2331 3167 2385 Patre
3183 2329 3367 2384 multa
3386 2328 3560 2383 verba
3573 2327 3747 2382 unico
3766 2327 3931 2382 Ver-

2252 2420 2325 2475 bo
2346 2420 2374 2475 ‘l
2392 2420 2682 2492 quomodo
2699 2418 3343 2490 transeunterloquitur
3355 2418 3404 2473 ei
3428 2434 3602 2490 quem
3625 2416 3931 2472 stabiliter

2251 2508 2852 2582 loquitur?quomodo
2875 2508 3099 2580 aliquid
3152 2506 3553 2578 temporaliter
3600 2510 3657 2561 et
3688 2504 3927 2562 dicitin

2252 2615 2366 2669 quo
2398 2598 2505 2654 sibi
2542 2603 2821 2653 coaeterno
2845 2599 2969 2667 jam
3024 2603 3191 2653 erant
3234 2597 3432 2652 omnia
3463 2612 3588 2666 quas
3634 2594 3924 2665 congruis

2250 2687 2585 2759 quibusque
2614 2687 2981 2759 temporibus
3002 2686 3144 2741 dicit
3167 2689 3189 2740 ?
3208 2685 3347 2750 Quis
3371 2684 3493 2740 haec
3513 2685 3727 2738 audeat
3748 2700 3919 2755 quaa-

2250 2776 2415 2830 rere?
2446 2776 2578 2847 quis
2606 2774 2791 2829 valeat
2818 2775 3081 2829 invenire
3104 2776 3131 2829 ?
3162 2775 3227 2829 Et
3243 2780 3454 2841 tamen,
3472 2774 3621 2827 Dixit
3637 2773 3917 2828 Dominus

2252 2867 2476 2920 Domino
2498 2881 2633 2923 meo.
2659 2864 2789 2919 Sede
2816 2864 2884 2919 ad
2913 2865 3194 2919 dexteram
3223 2879 3401 2918 meam
3421 2862 3712 2933 (Psal.c1x,
3740 2862 3793 2933 1)
3821 2866 3923 2918 :et

2249 2954 2385 3025 quia
2416 2954 2635 3008 dictum
2668 2959 2775 3018 est,
2810 2954 2937 3007 ideo
2956 2954 3171 3008 factum
3189 2960 3292 3007 est.
3331 2953 3446 3007 Hoc
3473 2968 3607 3022 ergo
3633 2952 3759 3022 jam
3785 2956 3922 3006 erat

2248 3042 2305 3097 in
2338 3043 2524 3097 Verbo
2556 3043 2706 3113 quod
2741 3042 2967 3097 Verbum
2996 3056 3122 3097 caro
3147 3045 3359 3113 factum
3389 3046 3471 3096 est
3508 3041 3694 3111 (Joan.
3721 3057 3761 3111 ι,
3799 3040 3919 3111 14).

2248 3132 2316 3187 Et
2337 3133 2473 3203 quia
2489 3132 2543 3186 in
2563 3131 2750 3186 Verbo
2773 3137 2904 3186 ante
2923 3148 3155 3187 carnem
3172 3131 3297 3200 jam
3321 3134 3444 3186 erat
3459 3130 3763 3196 veraciter,
3781 3129 3922 3185 ideo

2248 3222 2304 3276 in
2324 3238 2495 3276 carne
2509 3220 2863 3293 completum
2883 3226 2972 3277 est
2987 3221 3329 3277 efﬁcaciter:
3353 3220 3492 3292 quia
3508 3220 3565 3274 in
3580 3219 3770 3275 Verbo
3783 3221 3920 3290 jam

2246 3316 2370 3366 erat
2400 3311 2524 3367 sine
2557 3316 2839 3382 tempore,
2874 3311 3003 3365 ideo
3026 3311 3082 3364 in
3107 3326 3280 3365 carne
3301 3309 3656 3381 completum
3688 3314 3779 3365 est
3804 3326 3918 3365 suo

2246 3404 2522 3471 tempore.
2558 3400 2620 3454 In
2654 3417 2769 3471 qua
2794 3416 2967 3455 carne
2997 3399 3257 3455 ascendit
3308 3399 3368 3454 in
3420 3397 3655 3464 caelum,
3703 3397 3805 3467 qui
3837 3398 3918 3453 de

2246 3487 2388 3544 cmlo
2415 3506 2529 3543 non
2556 3488 2795 3544 recessit
2835 3488 3011 3543 etiam
3045 3505 3180 3543 cum
3222 3488 3356 3543 inde
3388 3486 3729 3555 descendit;
3767 3491 3825 3541 et
3849 3486 3915 3542 in

2245 3594 2361 3649 qua
2393 3578 2555 3633 sedet
2599 3578 2669 3633 ad
2703 3578 2994 3633 dexteram
3041 3577 3227 3633 Patris
3263 3577 3565 3633 brachium
3602 3576 3795 3632 Patris
3820 3596 3834 3645 ;
3857 3585 3917 3632 et

2244 3668 2302 3720 in
2337 3683 2454 3737 qua
2478 3668 2870 3722 descensurus
2902 3671 2989 3722 est
3019 3667 3395 3736 adjudicium
3424 3668 3478 3721 in
3504 3667 3755 3738 jussu,in
3789 3682 3917 3721 voce

2242 3756 2580 3823 archangeli,
2614 3764 2661 3811 et
2682 3758 2739 3811 in
2764 3757 2895 3811 tuba
2921 3758 3019 3811 Dei
3044 3756 3083 3823 (Ι
3113 3756 3287 3811 Thess.
3324 3773 3400 3821 IV,
3437 3757 3545 3823 15).

2314 3844 2545 3899 CAPUT
2575 3845 2721 3900 XIII.
2756 3877 2823 3885 —
2872 3844 2979 3900 Ubi
3036 3844 3116 3899 illi
3152 3845 3439 3900 minorem
3470 3847 3675 3899 volunt
3724 3844 3918 3915 videri

2243 3932 2370 3988 Filii
2403 3933 3159 4006 potestatem,quiainjussu
3171 3933 3361 3989 dictus
3375 3939 3465 3989 est
3485 3934 3915 3989 descensurus.

2243 4022 2354 4077 Sed
2386 4024 2763 4093 quaerendum
2798 4028 2885 4078 est
2916 4023 2989 4077 ab
3020 4024 3124 4087 eis,
3146 4024 3319 4092 jussu
3365 4024 3555 4093 cujus.
3600 4023 3659 4077 Si
3699 4023 3915 4094 Patris,

2244 4111 2635 4182 interrogandi
2653 4111 3255 4183 suntiterum,quibus
3278 4111 3917 4183 temporalibusverbis

2236 4202 2441 4272 jubeat
2459 4200 2625 4255 Pater
2644 4207 2858 4256 aeterno
2880 4218 2985 4255 suo
3010 4201 3192 4256 Verbo
3218 4205 3281 4255 ut
3303 4201 3621 4256 descendat
3642 4203 3713 4257 de
3736 4202 3917 4260 omlo.

2244 4291 2545 4361 Siquidem
2576 4290 2703 4361 ipsa
2726 4289 2824 4344 Dei
2855 4289 3046 4361 jussio
3083 4307 3208 4361 qure
3242 4290 3339 4343 fiet
3370 4291 3426 4344 in
3464 4295 3729 4363 tempore
3776 4308 3919 4347 suo,

2239 4381 2360 4451 jam
2377 4384 2500 4433 erat
2523 4396 2593 4434 an
2606 4383 2657 4433 te
2678 4394 2770 4433 om
2783 4378 2875 4433 nia
2894 4388 3004 4434 lem
3017 4395 3152 4447 pora
3173 4378 3231 4433 in
3256 4379 3385 4450 ipso
3398 4378 3499 4434 Dei
3520 4378 3915 4442 Verbo.Quod

2245 4467 2293 4523 si
2322 4466 2501 4522 Filius
2532 4466 2629 4521 Dei
2666 4484 2764 4538 per
2783 4467 2893 4522 hoc
2910 4468 3062 4539 quod
3084 4467 3241 4523 ﬁlius
3266 4468 3524 4522 hominis
3543 4469 3917 4534 est,descen-

2245 4557 2329 4611 dit
2359 4557 2429 4610 de
2451 4555 2632 4622 coelo;
2666 4572 2802 4627 ergo
2848 4572 2949 4626 per
3007 4556 3111 4611 hoc
3168 4558 3320 4627 quod
3370 4557 3625 4611 Verbum
3658 4562 3767 4621 est,
3804 4575 3917 4629 per

2246 4647 2441 4716 ipsum
2462 4647 2706 4715 jubetur
2729 4651 2792 4699 ut
2824 4646 3226 4700 descendatde
3246 4645 3573 4701 omlo.Nam
3604 4647 3782 4701 sinon
3804 4664 3916 4719 per

2244 4734 2437 4806 ipsum
2474 4735 2639 4788 Pater
2661 4734 2969 4804 jubet,non
2989 4751 3125 4807 ergo
3153 4735 3321 4791 Pater
3335 4752 3436 4807 per
3451 4752 3625 4791 suum
3646 4736 3915 4793 Verbum

2238 4824 2405 4896 jubet
2425 4828 2545 4879 :aut
2563 4823 2717 4877 aliud
2733 4823 3109 4879 eritVerbum
3136 4825 3403 4896 perquod
3427 4825 3708 4895 jubeatur
3734 4826 3915 4883 unico

2247 4911 2531 4967 Verbo.Et
2561 4912 2739 4966 miror
2769 4912 2817 4965 si
2841 4913 2966 4983 jam
3000 4911 3144 4966 illud
3167 4914 3407 4967 unicum
3425 4914 3551 4979 erit,
3577 4913 3626 4969 si
3658 4917 3716 4969 et
3746 4913 3914 4971 aliud

2248 5001 2565 5057 erit.Factae
2598 5006 2736 5055 sunt
2766 5000 3003 5072 quidem
3056 5001 3242 5057 Patris
3274 5004 3344 5057 ad
3398 5002 3601 5058 Filium
3636 5004 3916 5074 quaedam

2248 5090 2420 5147 etiam
2456 5096 2568 5144 tem
2581 5089 2851 5161 poraliter
2881 5089 3225 5156 voces,sicut
3246 5091 3316 5145 de
3340 5092 3493 5147 nube
3518 5092 3736 5157 sonuit,
3758 5094 3833 5147 Tu
3857 5110 3918 5149 es

2250 5182 2422 5236 Filius
2452 5196 2606 5234 meus
2636 5180 2862 5234 dilectus
2910 5180 3125 5251 (Matth.
3162 5197 3247 5243 ιιι,
3302 5181 3419 5248 l7):
3457 5198 3570 5236 non
3614 5186 3811 5237 tamen
3848 5188 3917 5238 ut

2251 5269 2432 5325 Filius
2463 5268 2803 5339 unigenitus
2853 5286 2955 5340 per
2982 5268 3112 5324 illas
3142 5269 3361 5341 aliquid
3394 5270 3677 5337 disceret;
3711 5272 3812 5327 sed
3850 5272 3917 5328 hi

2251 5359 2444 5431 potius
2465 5375 2610 5429 quos
2643 5358 2723 5413 ita
2753 5360 3055 5429 oportebat
3103 5359 3323 5413 audire.
3358 5362 3437 5415 Ac
3465 5377 3567 5431 per
3591 5359 3699 5415 hoc
3729 5360 3914 5418 etiam

2251 5448 2348 5503 ille
2377 5448 2804 5502 transeuntium
2858 5448 3165 5502 verborum
3216 5464 3396 5503 sonus
3447 5466 3562 5504 non
3606 5450 3733 5506 sine
3764 5450 3915 5509 Filio

2256 5538 2441 5592 factus
2462 5542 2549 5591 est
2580 5535 2720 5591 Filio
2745 5536 3035 5607 :alioquin
3068 5553 3181 5591 non
3207 5538 3405 5592 omnia
3426 5539 3737 5609 peripsum
3759 5540 3915 5597 facta

2253 5630 2412 5681 sunt.
2435 5625 2543 5679 Sed
2581 5625 2889 5695 numquid,
2920 5640 3049 5679 cum
3076 5625 3378 5693 jubebitur
3409 5632 3472 5681 ut
3492 5629 3808 5684 descendat
3835 5631 3911 5687 de

2253 5714 2418 5780 cmlo,
2443 5714 2658 5769 talibus
2680 5713 2838 5769 sonis
2870 5718 2925 5768 et
2955 5714 3189 5770 vocibus
3218 5732 3365 5786 Opus
3396 5716 3525 5786 erit,
3559 5716 3777 5789 quibus
3809 5718 3909 5774 Fi-

2255 5804 2372 5861 lius
2404 5806 2703 5877 paternam
2757 5802 2979 5861 noverit
3004 5803 3403 5862 voluntatem?
3450 5805 3619 5865 Absit
3638 5806 3751 5866 hoc
3780 5824 3910 5865 cre-
