4094 6456
538 440 657 502 699

536 588 741 628 verum
776 569 949 626 etiam
974 570 1103 626 Filii
1129 570 1373 642 gloriam
1396 570 1615 626 revelat
1633 575 1803 626 Pater
1826 589 1839 637 ;
1866 587 1969 625 nec
1990 569 2181 625 solum

536 662 670 719 Filii
690 661 925 732 Spiritus
945 669 1185 727 sanctus,
1210 661 1306 717 sed
1329 661 1501 716 etiam
1519 660 1697 716 Filius
1720 660 2039 733 manifestat
2060 658 2184 730 Spi-

536 751 685 807 ritus
718 750 903 805 sancti
934 751 1277 817 dignitatem.

610 841 697 895 13.
731 841 798 894 Et
828 840 955 894 ideo
988 840 1139 893 sicut
1160 840 1358 905 Filius,
1383 840 1652 903 Patri,ita
1675 844 1731 894 et
1750 837 2066 893 PatorFilio
2091 854 2104 902 ;
2129 841 2185 892 et

536 928 689 985 sicut
718 930 961 999 Spiritus
978 934 1200 983 sanctus
1213 930 1371 998 Filio,
1398 928 1478 984 ita
1504 934 1559 983 et
1580 928 1759 983 Filius
1783 926 2021 999 Spiritui
2044 943 2182 982 san-

540 1022 629 1073 cto
656 1018 903 1089 perhibet
930 1019 1323 1073 testimonium.

610 1108 697 1161 14.
730 1110 775 1161 Α
808 1107 973 1162 Patre
1006 1111 1199 1161 autem
1233 1112 1289 1162 et
1311 1108 1454 1162 Filio
1482 1107 1679 1161 missus
1698 1115 1775 1161 est
1796 1104 2034 1175 Spiritus
2056 1120 2183 1159 sano

536 1199 653 1252 ctus
678 1213 694 1250 :
722 1201 779 1251 et
810 1214 839 1249 a
864 1198 1029 1250 Patre
1051 1201 1107 1249 et
1134 1196 1347 1266 Spiritu
1377 1198 1574 1249 missus
1593 1200 1669 1250 est
1692 1197 1883 1250 Filius.

618 1298 855 1359 CAPUT
893 1303 1061 1358 XXII.
1085 1335 1152 1343 ——
1176 1304 1259 1357 15.
1285 1304 1476 1372 Filius,
1501 1303 2072 1375 inquiunt,minister
2107 1304 2186 1357 est

543 1393 772 1449 Patris:
795 1391 1034 1463 Spiritus
1056 1395 1275 1447 sanctus
1303 1394 1558 1448 minister
1577 1397 1654 1448 est
1674 1394 1826 1449 Filii.
1851 1391 1963 1446 Nec
1998 1394 2185 1446 atten-

550 1482 697 1537 dunt
718 1482 869 1552 quod
896 1482 1006 1536 isto
1028 1482 1198 1537 modo
1222 1481 1490 1537 meliores
1507 1481 1959 1553 faciuntSpiritu
1983 1483 2184 1534 sancto

543 1570 850 1642 Apostolos
889 1576 1153 1637 sanctos;
1187 1571 1285 1642 qui
1318 1588 1451 1626 cum
1485 1588 1547 1626 se
1579 1571 1678 1626 Dei
1710 1570 2012 1626 ministros
2058 1585 2185 1624 esse

540 1660 763 1726 dicunt,
800 1677 914 1715 non
948 1676 1049 1714 eos
1079 1660 1279 1732 utique
1311 1660 1407 1715 isti
1440 1661 1615 1715 etiam
1648 1660 1747 1715 Dei
1774 1658 1963 1713 Patris
1988 1656 2186 1712 minis-

536 1752 658 1805 tros
690 1749 1007 1819 negabunt.
1045 1749 1185 1819 Ejus
1217 1749 1430 1821 quippe
1464 1749 1718 1805 ministri
1754 1747 1889 1803 facti
1933 1751 2090 1816 sunt,
2124 1745 2184 1800 in

538 1840 709 1906 cujus
743 1836 978 1893 nomine
1010 1838 1182 1893 etiam
1216 1838 1607 1909 baptizarunt,
1638 1837 1695 1891 id
1728 1842 1816 1891 est
1865 1836 2075 1904 Patris,
2131 1838 2187 1888 et

544 1926 692 1995 Filii,
726 1931 781 1982 et
811 1926 1065 1997 Spiritus
1098 1928 1302 1981 sancti.
1336 1929 1413 1983 Ac
1440 1943 1539 1998 per
1571 1927 1678 1981 hoc
1702 1926 2021 1981 secundum
2046 1925 2183 1980 isto-

540 2032 672 2071 rum
703 2013 1063 2085 vaniloquia,
1094 2014 1363 2069 meliores
1384 2012 1875 2069 eruntTrinitatis
1900 2011 2181 2078 ministri;

540 2104 591 2161 si
622 2109 925 2176 prepterea
957 2103 1148 2158 minor
1177 2108 1265 2159 est
1294 2102 1544 2175 Spiritus
1568 2108 1826 2171 sanctus,
1846 2103 1984 2175 quia
2004 2099 2186 2157 solius

540 2193 809 2250 minister
836 2197 924 2248 est
955 2193 1103 2248 Filii.

614 2284 698 2337 16.
724 2283 918 2352 Filius,
944 2281 1238 2353 inquiunt,
1269 2282 1496 2351 iubetur
1518 2299 1552 2338 a
1567 2283 1774 2337 Patre:
1797 2282 2039 2352 Spiritus
2055 2298 2184 2348 san-

539 2372 927 2444 ctusjubetura
944 2370 1418 2443 Filio.Nusquam
1446 2372 1552 2426 hoc
1566 2371 1621 2424 in
1638 2369 1953 2442 Scripturis
1968 2369 2187 2424 sanctis

540 2459 763 2533 legunt:
783 2460 1051 2532 quamvis
1072 2460 1437 2515 obedientem
1459 2458 1667 2514 Filium
1693 2458 1956 2531 legamus
1978 2475 2185 2513 secun-

540 2550 680 2605 dum
716 2550 962 2604 formam
987 2549 1157 2621 servi,
1182 2566 1299 2621 qua
1314 2551 1499 2619 major
1520 2553 1607 2604 est
1632 2548 1797 2603 Pater
1816 2565 1829 2615 ;
1847 2564 1959 2603 non
1981 2563 2187 2602 secun-

542 2639 687 2695 dum
721 2639 968 2693 formam
1000 2639 1123 2709 Dei,
1156 2639 1215 2693 in
1248 2654 1363 2709 qua
1397 2654 1579 2692 unum
1614 2638 1893 2709 suntipse
1919 2641 1976 2691 et
2003 2638 2185 2692 Pater.

612 2728 701 2783 17.
738 2728 969 2799 Legitur
999 2728 1194 2799 itaque
1215 2727 1273 2782 in
1295 2727 1609 2799 Scripturis
1630 2726 1847 2782 sanctis
1870 2727 2043 2781 Filius
2062 2727 2188 2782 sub-

542 2816 692 2873 ditus
712 2818 887 2872 Patri.
918 2817 1004 2871 Ibi
1033 2824 1122 2872 est
1151 2817 1306 2872 enim
1344 2818 1529 2872 forma
1560 2816 1731 2882 servi,
1766 2817 1822 2871 in
1858 2833 1974 2888 qua
2005 2820 2059 2870 et
2090 2832 2191 2886 pa-

544 2906 810 2961 rentibus
841 2905 1180 2960 hominibus
1213 2906 1483 2961 subditus
1527 2911 1688 2970 erat;
1739 2905 1891 2960 sicut
1937 2906 2193 2976 Evange-

545 2993 692 3049 lium
725 2993 1011 3065 loquitur:
1046 2996 1109 3049 Et
1126 2995 1399 3051 descendit
1417 3012 1539 3050 cum
1568 2996 1702 3064 illis,
1722 3004 1775 3050 et
1822 2996 1970 3049 venit
2020 2995 2192 3049 Naza-

551 3084 784 3150 reth;et
807 3087 925 3139 erat
970 3084 1218 3139 subditus
1270 3085 1383 3139 illis
1432 3086 1581 3156 (Luc.
1611 3102 1672 3149 Il,
1703 3084 1814 3155 51).
1850 3089 1969 3138 Non
1998 3087 2193 3138 autem

546 3171 763 3229 alicubi
795 3177 997 3228 sancta
1028 3172 1329 3246 Scriptura
1357 3173 1779 3246 dicitSpiritum
1797 3182 2047 3229 sanctum
2066 3173 2195 3228 sub-

550 3260 729 3316 ditum
746 3263 906 3317 Filio.

618 3351 706 3405 18.
742 3350 986 3406 Proinde
1018 3355 1075 3407 et
1104 3367 1229 3423 quae
1259 3354 1417 3425 jubet
1476 3354 1660 3419 Pater,
1718 3357 1973 3425 operatur
2018 3351 2200 3407 Filius

548 3444 786 3513 propter
815 3441 1064 3496 formam
1098 3442 1248 3497 servi
1272 3460 1285 3509 ;
1342 3449 1525 3514 etquae
1549 3443 1720 3497 Pater
1749 3447 2040 3513 operatur,
2065 3458 2199 3513 ope-

550 3533 714 3585 ratur
745 3534 801 3584 et
833 3530 1013 3585 Filius
1047 3536 1282 3604 propter
1314 3532 1560 3587 formam
1598 3530 1710 3587 Dei.
1746 3532 1869 3586 Non
1909 3532 2063 3587 enim
2098 3531 2199 3585 ait,

549 3620 941 3691 Quaecumque
976 3621 1138 3676 Pater
1159 3622 1348 3692 jubet,
1383 3621 1506 3677 haac
1530 3620 1710 3677 Filius
1742 3622 1907 3677 facit:
1955 3621 2054 3677 sed
2096 3620 2199 3674 ait,

552 3709 910 3780 Quaecumque
936 3711 1101 3765 Pater
1124 3712 1260 3779 facit
1289 3711 1407 3767 hwc
1433 3720 1488 3766 et
1534 3711 1706 3765 Filius
1759 3712 1893 3781 facit
1947 3709 2205 3765 similiter

549 3798 729 3869 (Joan.
755 3816 811 3865 v,
848 3800 956 3869 19).
994 3803 1167 3854 Porro
1199 3800 1246 3852 si
1280 3800 1562 3869 Spiritum
1594 3803 1862 3854 sanctum
1894 3800 2023 3854 ideo
2080 3798 2202 3851 haec

546 3886 707 3958 loqui
732 3888 937 3942 dicunt
967 3905 1094 3959 quae
1119 3889 1357 3943 mandat
1380 3888 1580 3950 Filius,
1604 3888 1742 3959 quia
1764 3889 2048 3959 scriptum
2090 3894 2199 3946 est,

551 3977 627 4032 De
646 3993 762 4032 meo
776 3979 1007 4048 accipiet
1026 3982 1077 4032 et
1098 3978 1457 4032 unnumiabit
1479 3978 1623 4032 vobis
1669 3977 1765 4048 (Id.
1793 3994 1907 4047 xvr,
1941 3978 2062 4046 lli):
2098 3994 2202 4032 cur

552 4083 670 4121 non
696 4070 753 4121 et
780 4066 958 4121 Filius
984 4084 1050 4122 ea
1075 4066 1335 4139 loquitur
1356 4084 1481 4138 quae
1496 4067 1736 4121 mandat
1752 4066 1999 4137 Spiritus
2030 4084 2198 4123 sanc-

550 4160 668 4226 tus,
693 4173 826 4212 cum
848 4156 1343 4228 dicatApostolus,
1361 4157 1489 4225 Quae
1512 4157 1612 4211 Dei
1630 4160 1755 4210 sunt
1771 4172 1925 4211 nemo
1945 4159 2067 4222 scit,
2090 4160 2203 4212 nisi

556 4245 797 4317 Spiritus
818 4248 915 4302 Dei
938 4248 979 4318 (Ι
1008 4247 1128 4303 Cor.
1156 4264 1218 4311 η,
1249 4246 1379 4317 11);
1409 4251 1464 4301 et
1494 4263 1626 4301 cum
1670 4246 1793 4319 ipse
1832 4245 2003 4301 Jesus
2036 4247 2106 4301 de
2138 4263 2199 4302 se

551 4335 678 4407 ipso
710 4334 1020 4407 impletum
1052 4352 1181 4390 esse
1206 4336 1529 4405 conﬁrmet,
1562 4336 1715 4406 quod
1752 4335 2036 4406 scriptum
2087 4340 2196 4403 est,

553 4423 791 4494 Spiritus
816 4427 1037 4479 Domini
1056 4441 1220 4495 super
1238 4434 1565 4496 me;propter
1575 4424 1713 4495 quod
1734 4427 1899 4479 unxit
1922 4442 2007 4480 me
2025 4442 2197 4480 evan-

552 4513 1143 4584 gelizarepauperibus
1160 4513 1309 4585 (Luc.
1330 4531 1406 4584 1v,
1432 4515 1518 4580 18,
1550 4514 1684 4582 21)?
1704 4513 1759 4567 Si
1781 4514 1935 4569 enim
1965 4519 2199 4586 propter

552 4602 663 4657 hoc
693 4606 905 4657 unctus
926 4608 1015 4657 est
1034 4604 1425 4675 evangelizare
1453 4604 1830 4675 pauperibus,
1855 4604 1994 4675 quia
2015 4605 2195 4676 Spiri-

551 4696 649 4748 tus
680 4690 913 4746 Domini
944 4709 1120 4763 super
1158 4709 1290 4747 eum
1360 4698 1520 4761 erat;
1578 4694 1717 4764 quid
1767 4693 2198 4765 evangelizabat

550 4781 929 4854 pauperibus,
972 4781 1082 4836 nisi
1129 4783 1282 4853 quod
1335 4782 1586 4854 Spiritus
1646 4782 1871 4837 Domini
1922 4783 2193 4851 habebat,

552 4886 668 4943 quo
700 4869 955 4942 repletus
985 4871 1154 4926 erat?
1184 4870 1327 4925 Nam
1360 4876 1419 4925 et
1473 4870 1583 4925 hoc
1640 4871 1710 4925 de
1764 4871 1861 4926 illo
1910 4873 2194 4944 scriptum

553 4964 661 5030 est,
692 4960 848 5031 quod
880 4960 1135 5032 repletus
1170 4960 1247 5016 sit
1277 4960 1498 5033 Spiritu
1521 4964 1723 5016 sancto
1753 4961 1852 5034 (Id.
1877 4979 1951 5028 iv,
1979 4964 2050 5030 1).

625 5067 860 5123 CAPUT
902 5068 1091 5124 XXIII.
1124 5099 1193 5108 —
1228 5068 1310 5125 19.
1364 5068 1557 5138 Filius,
1596 5066 1892 5140 inquiunt,
1926 5069 2126 5135 adorat
2146 5078 2196 5126 et

558 5157 789 5213 honorat
809 5160 1066 5213 Patrem:
1098 5158 1339 5228 Spiritus
1385 5161 1604 5214 sanctus
1629 5158 1819 5213 adorat
1865 5167 1915 5214 et
1963 5161 2196 5217 honorat

552 5246 886 5302 FiliumHic
905 5265 1017 5302 non
1042 5264 1189 5319 opus
1208 5252 1296 5302 est
1312 5264 1441 5302 scru
1454 5247 1655 5319 pulosc
1677 5247 1821 5304 velle
1842 5248 2190 5317 discernere,

550 5335 702 5390 inter
713 5335 997 5391 honorare
1015 5340 1071 5391 et
1082 5338 1321 5391 adorare
1339 5336 1478 5408 quid
1494 5336 1927 5410 distet:pr0pter
1943 5340 2191 5396 formam

553 5424 707 5480 enim
735 5425 883 5480 seni
908 5426 1187 5480 dicuntur
1210 5426 1320 5480 ista
1335 5426 1403 5481 de
1428 5425 1587 5481 Filio.
1615 5426 1903 5493 Dicant,si
1923 5435 2190 5500 possunt,

551 5514 650 5569 ubi
674 5512 920 5585 legerint
940 5514 1164 5570 adorari
1197 5514 1406 5570 Filium
1440 5532 1472 5570 a
1515 5515 1728 5586 Spiritu
1764 5522 1983 5573 sancto.
2028 5519 2191 5584 Quod

550 5603 706 5659 enim
727 5603 1045 5674 subjiciunt
1068 5605 1222 5659 unde
1241 5604 1344 5660 hoc
1366 5605 1607 5677 probare
1625 5610 1928 5671 conentur,
1948 5607 2086 5677 quia
2103 5609 2190 5663 vi-

551 5691 759 5749 delicet
780 5694 1059 5766 scripturn
1095 5700 1199 5761 est,
1236 5698 1413 5762 Pater,
1446 5711 1537 5765 ego
1561 5704 1610 5749 te
1638 5694 1995 5763 honori/icavi
2029 5713 2193 5769 super

551 5791 774 5855 terram,
806 5800 937 5856 opus
966 5785 1110 5857 quod
1137 5784 1334 5842 dedisti
1361 5785 1500 5840 mihi
1554 5787 1967 5851 consummavi;
2024 5792 2082 5845 et
2120 5788 2192 5847 de

1293 438 1606 501 CONTRA
1653 436 2091 501 SERMONEM
2133 437 2627 513 ARIANORUM,
2674 438 2738 499 S.
2786 436 3214 500 AUGUSTINI

3838 434 3962 495 700

2298 570 2521 641 Spiritu
2547 586 2648 625 san
2660 574 2773 626 cto.
2796 570 2894 625 Ille
2912 586 2998 625 me
3018 568 3398 639 honoriﬁcabit
3416 568 3548 640 quia
3561 566 3627 623 de
3646 582 3773 623 meo
3810 567 3958 622 acci-

2296 661 2435 729 piet,
2462 668 2512 715 et
2542 660 2896 715 annuntiabit
2920 660 3103 720 vobis;
3132 658 3203 713 ad
3236 674 3358 713 rem
3381 658 3452 712 de
3474 674 3593 730 qua
3618 658 3823 728 agitur
3839 672 3960 711 non

2295 747 2561 819 pertinet.
2588 749 2845 803 Honorat
2866 747 3021 803 enim
3043 747 3235 805 omnis
3257 746 3357 818 qui
3380 747 3730 816 adorat,non
3756 750 3963 800 autem

2296 837 2499 892 adorat
2521 837 2713 893 omnis
2746 838 2845 909 qui
2864 837 3130 892 honorat.
3146 836 3291 891 Nam
3314 840 3370 891 et
3388 836 3597 891 fratres
3619 834 3962 891 secundum

2294 925 2640 998 Apostolum
2666 926 2910 981 invicem
2933 942 2995 981 se
3016 925 3234 981 honore
3265 925 3624 997 praeveniunt
3646 925 3829 995 (Rom.
3854 940 3963 990 xu,

2300 1016 2403 1085 10),
2441 1032 2544 1070 nec
2573 1015 3036 1071 tameninvicem
3059 1015 3323 1070 adorant.
3353 1012 3653 1086 Alioquin,
3680 1014 3730 1068 si
3765 1013 3964 1068 hono-

2296 1102 2540 1175 riﬁcare,
2574 1103 2682 1159 hoc
2713 1108 2800 1159 est
2829 1104 3107 1165 adorare;
3160 1103 3377 1169 dicant,
3428 1104 3476 1158 si
3530 1102 3743 1174 placet,
3801 1102 3961 1173 quod

2300 1192 2505 1247 Filium
2530 1194 2729 1248 adoret
2751 1198 2807 1247 et
2842 1196 3029 1252 Pater.
3063 1197 3120 1248 et
3153 1192 3260 1247 hoc
3287 1192 3531 1263 jubente
3562 1191 3732 1258 Filio,
3769 1192 3875 1263 qui
3911 1191 3965 1246 ei

2296 1282 2459 1348 dicit,
2488 1284 2803 1353 Honoriﬁca
2832 1298 2917 1337 me
2946 1283 3125 1353 (Joan.
3171 1298 3308 1351 xvu,
3355 1281 3497 1353 4-5),
3539 1282 3705 1346 Quod
3756 1286 3963 1336 autem

2296 1371 2443 1426 dixit
2466 1370 2537 1426 de
2558 1372 2775 1443 Spiritu
2800 1376 3024 1436 sancto,
3063 1372 3137 1426 De
3164 1386 3281 1426 meo
3327 1372 3579 1442 accipiet,
3621 1368 3805 1427 solvit
3835 1370 3967 1442 ipse

2296 1460 2704 1530 quaastionem:
2721 1477 2791 1515 ne
2807 1466 3110 1532 putaretur
3130 1460 3297 1531 quasi
3312 1460 3711 1532 perquosdam
3733 1459 3967 1531 gradus

2296 1550 2379 1605 sic
2400 1566 2528 1604 esse
2553 1550 2622 1605 de
2644 1549 2743 1605 illo
2764 1550 3019 1621 Spiritus
3035 1553 3296 1616 sanctus,
3321 1549 3615 1621 quomodo
3637 1555 3730 1604 est
3746 1549 3967 1621 ipsede

2299 1638 2495 1705 Patre;
2520 1654 2653 1693 cum
2678 1638 2852 1694 ambo
2872 1639 2942 1693 de
2972 1639 3162 1707 Patre,
3186 1637 3282 1693 ille
3307 1642 3600 1705 nascatur,
3631 1637 3728 1693 ille
3752 1654 3967 1709 proce-

2296 1727 2428 1793 dat;
2451 1743 2577 1798 qua:
2596 1728 2787 1782 duom
2807 1727 2965 1782 illius
2985 1732 3201 1782 naturas
3221 1726 3583 1782 sublimitate
3620 1726 3966 1783 discernere

2295 1815 2532 1872 omnino
2556 1816 2793 1871 difﬁcile
2814 1821 2935 1872 est:
2961 1832 3098 1889 ergo
3126 1833 3197 1871 ne
3218 1816 3326 1871 hoc
3350 1820 3678 1888 putaretur,
3714 1819 3781 1871 ut
3815 1816 3965 1885 dixi,

2295 1905 2570 1960 continuo
2594 1906 2865 1976 subjecit,
2892 1906 3089 1961 Omnia
3111 1921 3236 1976 quae
3253 1905 3413 1961 habet
3436 1907 3597 1961 Pater
3633 1922 3757 1961 mea
3805 1915 3963 1971 sunt,

2291 1999 2581 2066 prapterea
2614 1995 2759 2060 dixi,
2787 2001 2862 2050 De
2880 2012 2997 2050 meo
3028 1998 3257 2068 accipiet
3301 1994 3400 2067 (Id.
3433 2011 3549 2060 1m,
3584 1995 3670 2058 14,
3710 1996 3826 2061 15).
3879 1995 3968 2050 Ita

2294 2084 2422 2139 sine
2452 2084 2630 2138 dubio
2660 2083 2905 2155 intelligi
2939 2083 3138 2139 volens
3168 2084 3320 2155 quod
3354 2083 3423 2138 de
3455 2083 3623 2138 Patre
3675 2084 3962 2156 accipiat.

2294 2172 2403 2228 Sed
2439 2173 2568 2228 ideo
2599 2174 2669 2229 de
2698 2173 2907 2245 ipsius,
2943 2174 3081 2245 quia
3110 2174 3306 2229 omnia
3336 2190 3461 2245 qua:
3522 2172 3700 2229 habet
3758 2178 3965 2229 Pater,

2294 2260 2485 2333 ipsius
2516 2267 2674 2317 sunt.
2708 2262 2835 2317 Haac
2867 2268 3061 2317 autem
3086 2280 3199 2318 non
3219 2266 3304 2319 est
3323 2262 3677 2319 diversitatis
3702 2267 3965 2333 naturae,

2294 2352 2395 2406 sed
2432 2350 2606 2406 unius
2640 2351 2909 2424 principii
2942 2352 3394 2408 commendatio.

2366 2441 2455 2494 20.
2489 2440 2823 2495 Secundum
2856 2440 2988 2508 hoc,
3029 2442 3110 2496 ita
3150 2442 3395 2513 Spiritus
3433 2446 3657 2497 sanctus
3694 2458 3811 2498 non
3845 2460 3885 2498 a
3914 2460 3973 2499 se

2295 2530 2411 2600 ipso
2434 2531 2846 2601 loquitur,quia
2865 2547 2978 2586 non
3005 2536 3095 2586 est
3117 2548 3147 2586 a
3174 2546 3236 2586 se
3264 2530 3391 2603 ipso
3416 2531 3515 2602 qui
3534 2531 3603 2585 de
3623 2530 3796 2586 Patre
3822 2549 3969 2605 pro-

2297 2617 2482 2673 cedit:
2518 2619 2671 2673 sicut
2700 2636 2805 2674 nec
2836 2620 3020 2675 Filius
3049 2623 3220 2691 potest
3250 2638 3284 2675 a
3311 2636 3368 2675 se
3393 2623 3572 2691 facere
3626 2621 3968 2693 quidquam,

2299 2706 2439 2777 quia
2458 2723 2561 2761 nec
2578 2707 2704 2778 ipse
2725 2725 2758 2762 a
2781 2725 2842 2763 se
2862 2710 2987 2780 ipso
3007 2714 3114 2775 est,
3140 2710 3291 2764 sicut
3316 2710 3440 2779 jam
3474 2709 3747 2781 superius
3778 2726 3969 2782 expo-

2298 2796 2389 2851 sui
2412 2811 2425 2850 :
2443 2812 2556 2851 non
2580 2798 2732 2868 quod
2759 2799 2815 2853 in
2841 2798 3092 2853 omnibus
3108 2802 3305 2853 nutum
3323 2800 3507 2853 Patris
3522 2808 3825 2869 exspectet;
3840 2816 3969 2856 non

2299 2885 2454 2939 enim
2478 2885 2578 2949 ait,
2604 2886 2729 2941 Nisi
2746 2888 2900 2958 quod
2924 2887 3133 2941 viderit
3158 2887 3381 2942 Patrem
3405 2887 3787 2954 innuentem;
3829 2890 3968 2959 sed,

2300 2973 2440 3044 quod
2479 2973 2678 3029 viderit
2708 2980 2930 3030 Patrem
2949 2978 3245 3047 facientem
3276 2976 3376 3046 (Id.
3400 2992 3455 3042 ν,
3480 2975 3592 3047 19),
3624 2978 3967 3033 secundum

2301 3079 2369 3118 ea
2394 3064 2661 3135 quaejam
2687 3064 3133 3137 disputavimus.
3162 3065 3325 3129 Quod
3342 3069 3537 3121 autem
3585 3067 3646 3119 in
3693 3069 3968 3123 omnibus

2304 3152 2545 3223 Spiritus
2573 3157 2793 3209 sanctus
2825 3154 3027 3209 Christi
3050 3158 3389 3226 praeceptum
3446 3163 3707 3225 expectet,
3755 3160 3824 3211 ut
3874 3157 3967 3211 di-

2304 3246 2463 3311 cunt,
2487 3241 2683 3313 legant
2714 3242 2761 3298 si
2796 3248 3064 3314 possunt.
3098 3242 3259 3306 Quod
3278 3243 3432 3299 enim
3457 3242 3679 3298 dictum
3701 3249 3814 3300 est.
3840 3245 3969 3301 Non

2304 3348 2339 3385 a
2366 3347 2421 3386 se
2444 3331 2729 3403 loquetur:
2765 3350 2879 3388 non
2911 3337 2999 3387 est
3052 3332 3294 3388 dictum.
3356 3332 3752 3404 Quacumque
3785 3351 3820 3389 a
3870 3352 3969 3391 me

2307 3420 2555 3475 audierit
2580 3438 2593 3487 ;
2627 3422 2749 3491 sed,
2776 3438 3126 3493 quaecumque
3152 3421 3393 3477 audierit
3430 3422 3686 3493 loquetur
3705 3422 3813 3491 (Id.
3841 3440 3925 3478 xv
3951 3466 3964 3490 ,

2310 3509 2417 3580 13).
2452 3511 2568 3566 Cur
2594 3516 2789 3565 autem
2820 3512 3041 3566 dictum
3074 3511 3152 3567 sit
3183 3510 3356 3584 paulo
3387 3517 3521 3567 ante
3554 3512 3681 3581 jam
3743 3512 3968 3568 claruit

2305 3616 2373 3654 ex
2404 3599 2591 3669 ipsius
2619 3617 2795 3671 quam
2827 3599 3275 3656 commemoravi
3310 3599 3535 3656 Domini
3567 3602 3965 3672 expositione,

2308 3688 2407 3743 ubi
2440 3688 2539 3754 ait,
2571 3692 2776 3747 Omnia
2804 3705 2928 3760 quae
2949 3690 3103 3746 habet
3132 3695 3318 3758 Pater,
3344 3705 3463 3744 mea
3484 3699 3646 3753 sunt;
3666 3696 3966 3763 propterea

2306 3778 2449 3843 dixi,
2484 3785 2561 3835 De
2591 3796 2705 3835 meo
2728 3782 2976 3851 accipiet.
3001 3779 3164 3835 Unde
3186 3784 3382 3835 autem
3405 3779 3669 3850 accipiet,
3705 3781 3849 3837 inde
3875 3787 3965 3837 est

2308 3868 2506 3939 procul
2540 3868 2716 3924 dubio
2750 3871 2899 3937 quod
2936 3869 3240 3941 loquetur;
3273 3871 3411 3939 quia
3440 3867 3575 3923 inde
3596 3869 3962 3937 audit,unde

2307 3958 2585 4029 procedit.
2619 3958 2738 4013 Scit
2767 3959 2922 4014 enim
2954 3958 3230 4023 Verbum,
3254 3958 3617 4029 procedendo
3636 3958 3779 4014 inde
3801 3962 3960 4016 unde

2306 4048 2567 4103 nascitur
2598 4048 2869 4115 Verbum,
2900 4047 2982 4103 ita
3012 4051 3077 4102 ut
3099 4048 3176 4102 sit
3201 4046 3591 4102 communiter
3612 4046 3878 4119 Spiritus
3904 4054 3961 4105 et

2306 4138 2491 4193 Patris
2520 4140 2577 4192 et
2604 4136 2799 4192 Verbi.

2374 4243 2606 4300 CAPUT
2626 4243 2817 4298 XXIV.
2850 4275 2916 4285 —
2944 4242 3060 4298 Nec
3090 4246 3319 4298 moveat
3334 4243 3487 4314 quod
3520 4241 3703 4299 futuri
3725 4248 3960 4318 tempo-

2303 4334 2384 4389 ris
2414 4334 2655 4389 verbum
2679 4338 2787 4401 est,
2818 4333 3266 4405 accipiet;quasi
3287 4332 3546 4387 nondum
3570 4332 3837 4391 haberet.
3865 4338 3959 4392 In-

2302 4424 2636 4479 dili'erenter
2652 4423 2866 4495 quippe
2884 4422 3163 4477 dicuntur
3178 4421 3457 4493 temporis
3477 4422 3960 4495 verba,quamvis

2301 4512 2426 4568 sine
2457 4516 2719 4584 tempore
2753 4527 2985 4566 manere
3010 4510 3369 4583 intelligatur
3397 4511 3883 4568 asternitas.Nam
3905 4520 3960 4570 et

2301 4602 2542 4674 accepit,
2575 4601 2715 4673 quia
2746 4601 2817 4656 de
2846 4601 3012 4656 Patre
3044 4599 3358 4672 processit;
3392 4604 3448 4654 et
3463 4600 3695 4671 accipit,
3715 4602 3866 4673 quia
3888 4604 3959 4659 de

2301 4696 2467 4746 Patre
2499 4691 2793 4762 procedit;
2827 4695 2883 4745 et
2912 4689 3176 4761 accipiet,
3208 4688 3347 4761 quia
3362 4689 3432 4743 de
3455 4688 3620 4744 Patre
3637 4692 3958 4761 procedere

2301 4797 2603 4852 nunquam
2640 4780 2894 4835 desinet:
2926 4778 3077 4834 sicut
3107 4778 3262 4834 Deus
3316 4783 3373 4833 et
3426 4782 3536 4845 est,
3594 4783 3653 4834 et
3710 4779 3847 4850 fuit,
3903 4788 3957 4837 et

2299 4878 2495 4925 tamen
2518 4869 2753 4924 initium
2786 4868 2874 4925 vel
2906 4868 3086 4923 finem
3124 4868 3426 4939 temporis,
3458 4882 3564 4923 nec
3611 4867 3809 4938 habet,
3846 4888 3955 4928 nec

2297 4958 2523 5026 habuit,
2557 4975 2661 5013 nec
2693 4958 2950 5014 habebit.

2369 5066 2601 5122 CAPUT
2628 5066 2793 5122 XXV.
2825 5097 2894 5108 -—-
2922 5066 3010 5122 21.
3050 5063 3253 5132 Filius,
3286 5062 3585 5136 inquiunt,
3640 5081 3741 5136 pro
3788 5068 3954 5125 nobis

2297 5157 2911 5227 interpellatPatrem;et
2927 5156 3173 5227 Spiritus
3181 5170 3285 5226 pro
3296 5153 3453 5209 nobis
3469 5154 3825 5226 postulatFilz
3833 5174 3951 5225 um,

2296 5246 2458 5303 Sicut
2479 5246 2700 5317 legunt,
2724 5247 2878 5317 quod
2902 5245 3080 5301 Filius
3103 5242 3431 5315 interpellat
3454 5246 3702 5315 Patrem,
3733 5262 3949 5303 secun-

2297 5336 2436 5391 dum
2460 5352 2527 5391 ea
2559 5352 2686 5407 qua:
2736 5336 3004 5408 superius
3053 5350 3159 5389 nos
3190 5332 3366 5387 etiam
3415 5343 3952 5394 commemorantes

2295 5425 2713 5481 disseruimus:
2738 5426 2814 5481 ita
2835 5424 3133 5481 inveniant
3155 5422 3308 5477 unde
3320 5422 3798 5496 proferant,quod
3813 5427 3946 5500 Spi-

2296 5514 2443 5569 ritus
2464 5514 3122 5587 postuletFilium.Quod
3139 5511 3294 5567 enim
3311 5510 3947 5585 dicitApostolus,Quid

2293 5606 2443 5660 enim
2472 5620 2687 5659 oremus
2716 5606 2857 5658 sicut
2876 5605 3101 5675 oportet,
3124 5602 3431 5667 nescimus;
3456 5600 3547 5655 sed
3563 5602 3677 5673 ipse
3704 5602 3944 5674 Spiritus

2294 5693 2611 5765 interpellat
2622 5694 2911 5765 gemitibus
2926 5689 3528 5761 inenarrabilibuszqui
3537 5700 3722 5747 autem
3732 5705 3944 5750 scruta-

2293 5793 2382 5843 tur
2409 5783 2590 5858 corda,
2640 5785 2743 5841 scit
2771 5781 2904 5857 t[uid
2956 5782 3197 5859 Spiritus
3224 5782 3428 5854 sapiat,
3458 5781 3589 5854 quia
3622 5784 3933 5842 secundum
