4040 6464
447 382 568 447 ’103

455 517 811 592 passibiliter
845 518 1062 575 invitus
1092 520 1488 593 genuerit,qui
1519 538 1625 577 nos
1655 520 1980 577 voluntarie
2000 536 2095 591 ge-

460 609 589 663 nuit
610 610 779 664 verbo
799 609 1059 665 veritatis
1085 628 1097 665 :
1123 616 1223 665 aut
1248 610 1424 665 Filius
1444 627 1577 666 cum
1604 610 1799 666 labore
1822 615 1879 666 et
1900 609 2103 681 fatiga-

456 696 613 753 tione
644 697 851 753 coalum
878 702 933 752 et
948 703 1160 754 terram
1182 700 1819 772 creaverit?/Equentur
1839 715 1974 773 ergo
1995 700 2105 753 ista

459 803 633 858 opera
664 788 985 842 secundum
1020 787 1279 853 istos,vel
1312 788 1455 844 Filio
1486 791 1570 845 vel
1605 789 1843 860 Spiritui
1867 792 2100 843 sancto:

458 880 560 932 aut
592 876 639 930 si
656 875 815 930 nullo
836 877 1009 931 modo
1034 879 1502 949 tequantur,quid
1527 879 1741 951 profuit
1762 878 1869 932 hoc
1892 877 2105 941 dicere,

460 965 615 1021 unde
644 965 805 1019 nulla
837 966 1158 1036 fitquasstio
1179 970 1360 1038 ;quod
1387 967 1604 1022 scilicet
1630 967 1755 1022 sine
1778 964 2107 1021 ullolabore

461 1057 517 1110 et
544 1053 882 1125 fatigatione
912 1055 1000 1109 vel
1029 1055 1228 1127 gignat
1258 1056 1539 1127 Pater,vel
1574 1056 1746 1111 faciat
1774 1055 1952 1111 Filius
1978 1054 2109 1109 ?Vi-

462 1144 641 1198 deant
671 1159 811 1197 sane
842 1146 1133 1214 quomodo
1164 1144 1378 1215 dicant,
1405 1146 1557 1217 quod
1590 1144 1711 1200 sola
1761 1144 1971 1199 virtute
2003 1159 2110 1197 sua

466 1231 651 1288 Filius
680 1232 878 1286 fecerit
900 1232 1182 1304 Spiritum
1206 1234 1788 1289 sanctum.lstoenim
1813 1233 1983 1288 modo
2016 1247 2109 1287 co-

466 1326 687 1393 guntur
717 1320 1129 1393 fateri,aliquid
1163 1322 1365 1378 fecisse
1395 1323 1604 1377 Filium
1638 1323 1792 1395 quod
1825 1339 1938 1377 non
1954 1321 2109 1376 vide-

463 1410 540 1466 rit
579 1409 805 1465 Patrem
857 1410 1180 1466 facientem.
1214 1414 1299 1466 An
1350 1412 1537 1485 placet
1586 1412 1670 1468 eis
1717 1412 1926 1479 dicere,
1956 1410 2110 1483 quod

462 1498 635 1555 etiam
657 1503 825 1553 Pater
843 1499 1038 1554 fecerit
1060 1501 1338 1571 Spiritum
1363 1502 1796 1558 sanctum?Non
1820 1517 1955 1572 ergo
1977 1515 2110 1555 eum

466 1586 592 1643 sola
620 1586 829 1643 virtute
843 1605 949 1643 sua
972 1589 1167 1645 fecerit
1186 1590 1512 1647 Filius‘An
1540 1592 1787 1647 alterum
1814 1589 2115 1660 fecitprior

464 1676 651 1745 Pater,
682 1681 747 1731 ut
777 1682 977 1748 posset
1024 1678 1204 1734 Filius
1237 1680 1420 1735 facere
1469 1696 1643 1751 quem
1678 1678 1827 1747 fecit,
1862 1678 1958 1750 qui
1997 1694 2113 1732 non

464 1768 654 1837 potest
672 1764 856 1819 facere
882 1766 991 1820 nisi
1017 1767 1170 1837 quod
1196 1768 1403 1823 viderit
1436 1768 1661 1823 Patrem
1688 1766 2029 1822 facientem?
2049 1762 2115 1820 Et

461 1852 603 1925 quid
636 1858 740 1920 est,
766 1854 918 1925 quod
956 1872 1068 1909 non
1103 1855 1218 1910 alia
1250 1856 1594 1924 similia,sed
1627 1871 1984 1930 qua’cumque
2012 1857 2115 1910 Pa'

460 1950 543 1999 ter
569 1942 842 2012 facit,haec
872 1943 1055 1998 eadem
1084 1945 1259 1999 Filius
1286 1947 1422 2013 facit
1450 1947 1753 2001 similiter?
1783 1945 1842 2001 Si
1876 1945 1996 2000 haec
2016 1961 2110 1999 co-

464 2031 649 2104 gitare
681 2039 981 2100 conentur,
1006 2032 1201 2105 procul
1235 2034 1412 2090 dubio
1443 2036 1839 2090 turbabuntur
1868 2033 1953 2089 eis
1983 2048 2111 2089 om-

467 2119 584 2187 nia,
618 2136 744 2190 quae
776 2120 885 2176 sibi
919 2121 1135 2177 carnali
1167 2123 1513 2197 cogitatione
1542 2128 1919 2196 componunt.

537 2210 775 2265 CAPUT
813 2211 1008 2266 XXIX.
1041 2242 1105 2252 -
1164 2213 1252 2268 27.
1290 2213 1501 2268 Verum
1561 2218 1648 2267 est
1705 2218 1896 2269 autem
1959 2211 2114 2284 quod

466 2303 633 2355 Pater
661 2300 912 2354 omnibus
941 2316 1064 2371 quae
1091 2302 1393 2371 sunt,de.lit
1421 2311 1482 2358 ut
1516 2307 1727 2369 essent;
1756 2306 1806 2358 et
1834 2304 1950 2375 ipse
1978 2300 2117 2372 quod

465 2391 564 2459 est,
595 2406 633 2443 a
662 2391 886 2444 nemine
912 2393 1118 2461 accepit
1152 2409 1166 2447 :
1200 2392 1301 2446 sed
1343 2392 1734 2464 aequalitatem
1768 2408 1935 2447 suam
1970 2390 2117 2445 nulli

466 2477 645 2546 dedit,
677 2478 789 2535 nisi
824 2478 968 2534 Filio
1018 2480 1116 2551 qui
1150 2485 1322 2536 natus
1367 2487 1456 2537 est
1502 2482 1573 2537 de
1622 2482 1741 2553 illo,
1773 2486 1832 2536 et
1874 2479 2117 2552 Spiritui

464 2572 667 2623 sancto
716 2567 815 2639 qui
847 2568 1105 2640 procedit
1133 2571 1204 2625 de
1240 2570 1358 2626 illo.
1392 2570 1523 2634 Quae
1554 2587 1687 2625 cum
1720 2571 1799 2625 ita
1832 2570 1971 2634 sint,
2001 2587 2117 2625 non

466 2662 557 2712 est
584 2657 717 2723 ista,
751 2673 930 2728 quam
981 2658 1181 2713 volunt
1227 2658 1344 2730 isti,
1395 2659 1722 2715 differentia
1769 2658 2116 2727 Trinitatis;

471 2745 611 2819 quia
638 2746 976 2802 indifferens
1010 2746 1066 2802 in
1096 2748 1377 2804 Trinitate
1426 2755 1654 2815 natura,
1688 2749 2026 2805 indifferens
2058 2748 2117 2803 in

470 2835 753 2892 Trinitate
785 2836 1043 2908 potentia
1073 2843 1187 2892 est:
1209 2842 1271 2893 ut
1298 2854 1482 2894 omnes
1506 2840 1863 2910 honoriﬁccnt
1891 2839 2117 2909 Filium,

471 2926 611 2981 sicut
642 2926 1005 2999 honoriﬁcam
1034 2928 1277 2997 Patrem,
1302 2929 1453 3000 quod
1492 2929 1616 3001 ipse
1646 2929 1725 2984 ait
1756 2929 1934 3000 (Joan.
1967 2928 2119 2997 v,19,

468 3014 601 3083 23);
636 3020 692 3071 et
750 3015 850 3087 qui
898 3014 1099 3071 volunt
1156 3017 1245 3086 pie
1301 3018 1511 3087 vivere,
1562 3019 1876 3073 Dominum
1934 3018 2118 3074 Deum

472 3120 648 3159 suum
682 3105 1005 3169 adorent,et
1036 3104 1118 3159 illi
1150 3106 1258 3161 soli
1291 3107 1565 3173 serviant,
1596 3109 1749 3179 quod
1782 3113 1838 3163 et
1867 3106 2122 3178 antiquis

472 3192 735 3264 patribus
792 3193 883 3249 Dei
916 3193 1040 3267 lege
1090 3200 1439 3267 praeceptum
1483 3201 1591 3268 est,
1625 3214 1727 3252 nec
1778 3195 1895 3252 ullo
1949 3196 2121 3251 modo

474 3282 639 3339 aliler
670 3284 805 3339 fiere
854 3287 1066 3355 potest,
1100 3289 1165 3340 ut
1213 3284 1319 3341 soli
1369 3285 1616 3341 Domino
1664 3286 1778 3342 Deo
1827 3290 2024 3342 nostro
2056 3302 2124 3341 ea

476 3389 605 3446 quae
637 3373 751 3428 Deo
782 3372 1026 3428 debetur
1045 3374 1320 3430 servitute
1347 3376 1829 3447 serviamuslpsa
1858 3381 1945 3431 est
1965 3374 2121 3430 enim

478 3479 606 3536 quae
638 3479 818 3536 graece
850 3462 1178 3535 appellatur
1226 3463 1468 3540 λατρεία.
1529 3466 1690 3532 Quod
1739 3466 1983 3521 verbum
2036 3462 2115 3517 ibi

476 3554 731 3625 positum
764 3556 873 3619 est,
906 3570 1039 3608 cum
1072 3554 1381 3619 diceretur,
1412 3556 1505 3610 Illi
1546 3556 1652 3611 soli
1691 3557 1895 3611 servies
1945 3555 2120 3622 (Deut.

480 3660 555 3709 v1,
586 3643 696 3711 13).
726 3642 896 3698 Nullo
928 3643 1122 3714 modo,
1156 3644 1419 3715 inquam,
1453 3645 1560 3700 hoc
1592 3643 1713 3698 ﬁeri
1768 3648 1977 3716 potest,
2014 3641 2126 3697 nisi

474 3734 600 3805 ipse
647 3733 932 3788 Dominus
984 3732 1136 3788 Deus
1186 3738 1383 3789 noster
1422 3734 1693 3789 universa
1723 3734 1800 3789 sit
1846 3732 2122 3788 Trinitas.

476 3820 753 3894 Alioquin
784 3821 955 3877 istam
987 3822 1483 3894 servitutem,quaa
1510 3822 1679 3877 latria
1708 3821 2126 3891 dicitur,quam

482 3929 596 3967 non
630 3911 842 3966 debent
872 3912 1018 3966 servi
1050 3913 1134 3967 eis
1166 3928 1312 3983 quos
1331 3912 1649 3967 secundum
1674 3927 1907 3966 carnem
1942 3910 2129 3965 domi-

482 4019 589 4057 nos
619 4001 855 4066 habent,
891 4001 989 4056 sed
1022 4018 1225 4057 omnes
1270 4001 1535 4056 homines
1584 4000 1693 4056 soli
1737 4000 1982 4055 Domino
2014 3999 2129 4055 Deo

482 4109 588 4147 suo
623 4109 636 4147 :
669 4090 818 4146 hanc
848 4107 984 4163 ergo
1014 4091 1353 4146 servitutem
1386 4107 1500 4145 non
1532 4090 1937 4145 exhibebimus
1963 4088 2129 4155 Filio,

488 4182 539 4239 si
571 4183 641 4238 de
675 4183 839 4238 Patre
866 4183 1086 4238 dictum
1120 4186 1228 4246 est,
1262 4183 1326 4236 Et
1354 4181 1448 4235 illi
1476 4180 1583 4235 soli
1613 4181 1810 4236 servies
1832 4197 1854 4243 ;
1885 4185 1984 4235 aut
2014 4195 2129 4233 non

484 4272 889 4328 exhibebimus
934 4272 1112 4337 Patri,
1147 4271 1194 4326 si
1226 4272 1297 4326 de
1343 4270 1484 4325 Filio
1532 4270 1751 4325 dictum
1806 4274 1913 4336 est,
1946 4272 2008 4325 Et
2045 4269 2133 4323 illi

483 4364 589 4419 soli
616 4364 837 4417 servies.
888 4362 1016 4417 Jam
1050 4376 1184 4415 vero
1229 4359 1277 4416 si
1323 4360 1619 4432 aliquibus
1666 4364 1829 4414 terra;
1880 4357 2132 4413 molibus

484 4451 725 4524 Spiritui
757 4455 958 4506 sancto
990 4448 1869 4522 templumfabricaremus,quis
1901 4449 2133 4504 dubita-

484 4545 572 4595 ret
600 4540 649 4595 ei
687 4556 793 4595 nos
835 4538 1023 4604 lalria,
1058 4539 1114 4593 id
1166 4544 1275 4607 est,
1306 4539 1416 4594 ista
1443 4541 1510 4593 de
1559 4555 1676 4610 qua
1726 4555 1880 4593 nunc
1928 4536 2135 4609 loquor

486 4630 761 4685 servitute
793 4629 1006 4683 servire
1026 4628 1364 4692 7Quomodo
1383 4645 1519 4701 ergo
1552 4645 1665 4683 non
1696 4628 1744 4683 ei
1770 4628 2131 4695 servitutem,

487 4736 613 4791 quae
646 4717 815 4774 latria
862 4717 1095 4784 dicitur,
1129 4718 1495 4785 exhibemus,
1528 4718 1621 4772 cui
1674 4717 1957 4788 templum
2016 4734 2132 4772 non

486 4809 757 4874 facimus,
790 4808 890 4863 sed
946 4825 1053 4863 nos
1084 4808 1195 4880 ipsi
1243 4808 1498 4863 sumus?
1526 4809 1640 4862 Aut
1687 4807 1977 4879 quomodo
2018 4824 2133 4862 non

485 4902 543 4955 et
573 4900 696 4971 ipse
744 4899 898 4955 Deus
948 4902 1145 4954 noster
1191 4904 1297 4969 est,
1350 4898 1419 4953 de
1465 4913 1580 4969 quo
1610 4897 1751 4952 dicit
1798 4896 2131 4969 Apostolus,

483 4991 711 5047 Nescitis
737 4991 878 5063 quia
924 4991 1183 5062 templum
1211 4989 1308 5043 Dei
1337 4989 1487 5053 estis,
1518 4991 1569 5043 et
1606 4989 1854 5056 Spiritus
1895 4987 1995 5041 Dei
2041 4985 2134 5041 ha-

485 5080 622 5137 bitat
654 5081 719 5135 in
739 5079 931 5135 vobis?
961 5080 1027 5135 Et
1058 5077 1230 5151 paulo
1262 5081 1391 5149 post
1426 5094 1438 5132 :
1473 5076 1784 5147 Gloriﬁcale
1812 5092 1936 5148 ergo
1966 5078 2133 5132 Deum

484 5171 546 5225 in
573 5185 797 5241 corpore
824 5178 995 5225 vestro
1044 5170 1088 5240 (Ι
1121 5171 1243 5223 Cor.
1280 5184 1358 5232 vr,
1392 5166 1478 5230 19,
1511 5170 1622 5234 20).
1652 5170 1904 5237 Corpora
1938 5170 2132 5221 autem

485 5263 705 5330 nostra,
739 5258 1023 5330 templum
1056 5258 1115 5312 in
1150 5257 1318 5311 nobis
1351 5256 1492 5311 dicit
1519 5272 1645 5311 esse
1684 5254 1934 5326 Spiritus
1967 5272 2133 5311 sanc-

484 5350 551 5404 ti.
583 5350 728 5404 Cum
782 5348 963 5421 igitur
990 5353 1047 5403 et
1094 5346 1249 5403 Patri
1287 5351 1343 5400 et
1390 5345 1530 5400 Filio
1561 5350 1619 5400 et
1662 5344 1902 5417 Spiritui
1934 5348 2134 5400 sancto

487 5438 621 5505 ista,
655 5455 777 5509 quae
832 5436 1004 5492 latria
1033 5440 1290 5501 vocatur,
1333 5434 1607 5490 servitute
1655 5434 1995 5499 serviamus,
2030 5451 2132 5489 au-

489 5527 837 5598 diemusque
866 5526 1053 5598 legem
1085 5525 1183 5581 Dei
1214 5524 1744 5596 praecipientemmt
1774 5523 1917 5579 nulli
1948 5523 2134 5592 alteri,

490 5619 590 5675 sed
623 5616 731 5673 soli
756 5616 1000 5671 Domino
1023 5615 1137 5671 Deo
1161 5622 1357 5671 nostro
1380 5614 1529 5669 hanc
1561 5614 1936 5670 exhibeamus
1964 5639 1978 5681 ;
2002 5631 2132 5687 pro-

490 5708 582 5765 cul
611 5705 787 5762 dubio
811 5722 961 5761 unus
984 5711 1041 5760 et
1066 5704 1669 5760 solusDominusDeus
1691 5709 1887 5760 noster
1910 5704 2137 5779 estipsa

555 5810 574 5846 ί
601 5808 690 5859 Er.
724 5806 889 5872 Lugd.
922 5806 1052 5860 Ven.
1085 5806 1230 5870 Lov.,
1255 5804 1379 5873 fecit
1406 5802 1590 5856 Filius.
1688 5802 1755 5855 Μ.

1197 384 1514 447 CONTRA
1560 386 1992 449 SERMONEM
2036 384 2531 461 ARIANORUM,
2585 387 2650 447 S.
2681 382 3107 448 AUGUSTINI

3753 381 3882 440 704

2207 518 2485 587 Trinitas,
2517 518 2609 574 cui
2660 516 2762 573 uni
2791 520 2850 572 et
2880 514 2988 571 soli
3022 515 3199 571 talem
3249 514 3594 573 servitutem
3629 514 3879 589 pietatis

2198 608 2332 679 jure
2363 608 2661 664 debemus.

2280 696 2507 752 CAPUT
2534 696 2702 752 XXX.
2727 726 2796 736 —
2822 695 2915 750 28.
2948 694 3123 751 Sicuti
3148 710 3305 750 nemo
3334 696 3529 767 potest,
3562 692 3876 765 inquiunt,

2206 787 2327 841 sine
2353 788 2497 842 Filio
2528 786 2604 841 ad
2634 789 2851 842 Patrem
2875 786 3116 839 transire
3132 800 3154 847 ;
3172 786 3262 839 ita
3287 788 3339 840 et
3367 799 3528 839 nemo
3554 788 3741 855 potest
3756 784 3882 839 sine

2210 874 2427 947 Spiritu
2455 880 2646 931 sancto
2678 876 2881 931 Filium
2911 876 2970 929 in
3012 875 3246 929 veritate
3293 873 3527 929 adorare
3555 890 3575 928 :
3610 873 3789 944 quasi
3822 878 3883 928 et

2211 966 2281 1020 ad
2318 965 2525 1021 Filium
2554 966 2676 1020 sine
2708 969 2877 1019 Patre
2906 964 3221 1035 quisquam
3255 962 3446 1035 possit
3476 962 3705 1027 venire,
3737 977 3880 1017 cum

2210 1051 2337 1125 ipse
2364 1052 2538 1119 dicat,
2586 1055 2748 1109 Nemo
2779 1054 2924 1108 venit
2955 1040 3025 1107 ad
3070 1068 3174 1119 me,
3206 1052 3319 1106 nisi
3371 1054 3562 1122 Pater,
3595 1052 3697 1122 qui
3726 1051 3887 1105 misit

2213 1158 2318 1209 me,
2354 1144 2590 1198 traxerit
2642 1143 2807 1197 illum
2850 1142 3027 1212 (Joan.
3060 1157 3141 1207 v1,
3172 1140 3301 1209 Illi);
3334 1146 3435 1194 aut
3477 1140 3550 1195 ad
3582 1138 3881 1211 Spiritum

2214 1235 2485 1286 sanctum
2528 1232 2654 1286 sine
2686 1235 2854 1285 Patre
2895 1236 2952 1285 et
2996 1227 3138 1284 Filio
3188 1228 3485 1301 pervenire
3534 1245 3880 1300 possemus,

2216 1319 2316 1391 qui
2350 1336 2483 1376 eum
2517 1320 2685 1376 nobis
2716 1336 2825 1375 sua
2852 1319 3159 1374 conferunt
3185 1317 3557 1390 gratia.Quid
3590 1323 3684 1373 est
3716 1318 3882 1373 enim

2217 1408 2373 1463 aliud
2411 1410 2482 1465 ad
2509 1425 2607 1464 eos
2637 1406 2978 1483 venire,nisi
2997 1423 3095 1463 eos
3126 1406 3460 1463 habitantes
3490 1407 3550 1461 in
3583 1406 3762 1463 nobis
3786 1406 3888 1462 ha-

2218 1498 2394 1555 bere?
2425 1499 2541 1554 Hoc
2572 1498 2726 1553 enim
2761 1497 2930 1553 modo
2961 1501 3018 1552 et
3049 1495 3162 1568 ipsi
3194 1496 3265 1552 ad
3298 1513 3404 1552 nos
3432 1495 3700 1563 veniunt,
3742 1512 3883 1551 cum

2219 1592 2372 1644 Deus
2404 1589 2620 1659 ubique
2650 1588 2747 1653 sit,
2781 1592 2839 1642 et
2868 1586 3030 1641 nullo
3062 1586 3345 1657 corporali
3382 1587 3764 1642 contineatur
3794 1584 3885 1641 lo-

2219 1692 2305 1733 co.
2341 1678 2471 1748 Ipse
2498 1677 2764 1733 Salvator
2792 1676 2935 1731 dicit
2982 1675 3053 1730 de
3083 1690 3145 1730 se
3174 1682 3232 1730 et
3260 1675 3330 1730 de
3359 1678 3549 1742 Patre,
3587 1674 3889 1731 Veniemus

2216 1765 2287 1821 ad
2316 1782 2460 1835 eum,
2494 1769 2545 1821 et
2588 1767 2927 1821 mansionem
2969 1763 3115 1835 apud
3151 1780 3279 1819 eum
3325 1766 3591 1834 faciemus
3621 1764 3725 1835 (Id.
3762 1780 3887 1830 xxv,

2216 1855 2309 1926 23)
2340 1872 2353 1909 :
2390 1859 2447 1910 et
2475 1856 2546 1910 de
2575 1854 2792 1926 Spiritu
2825 1859 3027 1909 sancto
3054 1852 3215 1917 dicit,
3247 1853 3365 1907 Nisi
3392 1868 3488 1922 ego
3529 1852 3739 1919 abiero,
3777 1853 3887 1908 ad-

2216 1952 2434 2000 vocatus
2464 1960 2573 1999 non
2603 1945 2781 1999 veniet
2811 1942 2882 1998 ad
2910 1958 3000 1997 vos
3031 1942 3135 2014 (Id.
3175 1958 3289 2011 xvr,
3320 1942 3400 2013 7).
3434 1942 3583 2007 Quid
3612 1948 3705 1997 est
3736 1958 3887 2013 ergo

2220 2034 2368 2103 quod
2402 2033 2816 2100 dicunt,Sicuti
2844 2048 3003 2087 nemo
3029 2037 3207 2102 potest
3234 2033 3353 2088 sine
3383 2032 3521 2087 Filio
3549 2032 3621 2086 ad
3650 2037 3890 2087 Patrem

2217 2126 2483 2189 transire,
2504 2125 2583 2179 ita
2602 2126 2651 2178 et
2681 2138 2838 2178 nemo
2861 2125 3035 2194 potest
3061 2123 3185 2177 sine
3210 2120 3423 2192 Spiritu
3450 2130 3635 2177 sancto
3665 2122 3889 2176 Filium

2219 2215 2277 2269 in
2310 2214 2534 2268 veritate
2569 2212 2801 2268 adorare
2828 2229 2842 2279 ;
2876 2215 2933 2265 et
2962 2210 3172 2266 deinde
3220 2210 3607 2282 subiungunt,
3640 2211 3792 2279 Ergo
3826 2213 3889 2265 in

2220 2302 2433 2374 Spiritu
2470 2304 2653 2357 sancto
2704 2303 2969 2356 adoretur
3015 2301 3233 2355 Filius?
3262 2299 3701 2370 Numquidnam
3755 2299 3892 2354 haec

2220 2391 2479 2447 indicant
2510 2389 2896 2446 differentiam
2929 2394 3298 2460 naturarum,
3330 2389 3401 2444 de
3432 2405 3548 2461 qua
3587 2388 3743 2444 inter
3778 2405 3895 2444 nos

2220 2484 2278 2537 et
2308 2480 2439 2536 illos
2469 2480 2709 2535 vertitur
2740 2477 3028 2551 quaestio?
3057 2478 3199 2533 Nam
3228 2480 3278 2534 si
3312 2494 3481 2533 nemo
3528 2483 3720 2550 potest
3754 2477 3895 2534 sine

2222 2570 2440 2643 Spiritu
2472 2574 2673 2626 sancto
2711 2568 2916 2623 Filium
2950 2568 3007 2623 in
3037 2567 3277 2623 veritate
3307 2567 3631 2632 adorare,et
3659 2566 3719 2620 in
3743 2566 3888 2638 Spi-

2224 2660 2333 2716 ritu
2383 2663 2583 2716 sancto
2633 2659 2910 2714 adoretur
2962 2655 3166 2725 Filius,
3217 2656 3471 2729 profecto
3519 2656 3734 2711 veritas
3790 2661 3892 2712 est

2222 2749 2396 2806 etiam
2427 2748 2678 2820 Spiritus
2709 2751 2949 2803 sanctus
2983 2762 2998 2803 :
3033 2746 3170 2819 quia
3204 2762 3335 2801 cum
3376 2746 3435 2800 in
3468 2744 3565 2800 illo
3597 2745 3892 2800 adoratur

2222 2838 2582 2899 Filius.sicut
2612 2841 2686 2892 ab
2716 2837 2800 2892 eis
2830 2837 3049 2891 dictum
3083 2842 3193 2899 est,
3216 2835 3276 2890 in
3307 2834 3547 2890 veritate
3576 2834 3893 2890 adoretur.

2223 2930 2295 2983 At
2324 2928 2449 3000 ipse
2476 2927 2656 2983 Filius
2688 2926 2768 2981 ait
2800 2943 2812 2981 :
2852 2929 2973 2999 Ego
3002 2941 3124 2981 sum
3155 2928 3353 2981 veritas
3380 2924 3486 2997 (Id.
3518 2925 3896 2997 x1v,6).Ergo

2225 3022 2281 3074 et
2308 3017 2369 3073 in
2414 3034 2476 3072 se
2506 3016 2634 3088 ipso
2684 3016 2978 3081 adoratur,
3012 3032 3146 3070 cum
3201 3015 3260 3069 in
3292 3014 3534 3070 veritate
3579 3014 3896 3071 adoretur.

2223 3108 2303 3162 Ac
2335 3124 2435 3179 per
2467 3106 2575 3162 hoc
2624 3110 2681 3161 et
2712 3106 2771 3160 in
2799 3121 2861 3160 se
2915 3110 2971 3160 et
3002 3105 3059 3159 in
3092 3103 3311 3176 Spiritu
3361 3108 3564 3159 sancto
3596 3103 3893 3159 adoretur

2228 3196 2428 3253 Filius.
2465 3196 2604 3261 Quis
2632 3198 2827 3250 autem
2859 3194 2939 3249 ita
2971 3194 3048 3249 sit
3088 3193 3328 3264 impius,
3364 3197 3428 3247 ut
3479 3191 3617 3248 inde
3651 3197 3897 3264 separet

2226 3287 2453 3343 Patrem
2473 3287 2500 3339 γ
2531 3284 2830 3348 Quomodo
2861 3282 3017 3338 enim
3050 3299 3164 3338 non
3195 3288 3252 3337 et
3281 3284 3341 3337 in
3373 3281 3472 3337 illo
3504 3284 3835 3337 adoramus
3851 3285 3897 3349 ¹,

2224 3377 2285 3432 in
2320 3393 2433 3449 quo
2466 3375 2735 3440 vivimus,
2770 3390 3072 3429 movemur
3100 3378 3158 3429 et
3188 3389 3396 3429 sumus
3426 3372 3567 3440 (Act.
3602 3389 3748 3437 xvn,
3770 3371 3901 3446 28)?

2227 3465 2473 3523 Proinde
2500 3463 2729 3520 adorari
2765 3463 2970 3519 Filium
3004 3463 3061 3517 in
3089 3462 3307 3534 Spiritu
3338 3461 3753 3528 sancto,etiam
3784 3479 3900 3519 nos

2229 3557 2481 3613 dicimus
2517 3571 2530 3611 :
2560 3552 2789 3610 adorari
2820 3558 3013 3609 autem
3047 3552 3257 3609 Filium
3301 3551 3372 3607 ab
3404 3549 3626 3623 Spiritu
3661 3555 3897 3622 sancto,

2230 3645 2425 3718 legant
2456 3643 2503 3700 si
2531 3647 2795 3716 possunt.

2301 3733 2533 3788 CAPUT
2563 3731 2757 3788 XXXI.
2791 3763 2859 3772 —
2887 3731 2978 3787 29.
3010 3732 3156 3787 Nam
3202 3748 3298 3804 per
3324 3731 3523 3786 Filium
3571 3730 3899 3802 gloriﬁcari

2230 3822 2612 3894 Patrem,quis
2646 3823 2861 3894 negat?
2881 3822 2991 3877 Sed
3023 3821 3298 3877 etFilium
3319 3820 3628 3891 glorificari
3656 3837 3763 3892 per
3786 3821 3895 3877 Pa-

2231 3917 2617 3984 trem,negare
2650 3913 2783 3983 quis
2813 3912 3024 3967 audeat
3048 3929 3060 3967 :
3084 3913 3176 3966 cui
3206 3910 3346 3966 dicit
3376 3910 3501 3982 ipse
3534 3909 3743 3975 Filius,
3766 3910 3898 3968 Glo-

2231 4004 2391 4073 riﬁca
2417 4017 2540 4063 me;
2573 4001 2667 4056 cui
2699 4000 2874 4057 etiam
2919 4001 3080 4065 dicit,
3112 4003 3221 4069 Ego
3253 4008 3301 4056 te
3350 3999 3669 4069 gloriﬁcavi
3697 4001 3887 4071 (Joan.

2231 4108 2335 4158 xu,
2364 4092 2456 4156 28,
2488 4095 2540 4146 et
2567 4108 2706 4156 xvu,
2736 4092 2792 4159 5,
2827 4091 2881 4158 4)
2907 4093 2929 4145 P
2957 4089 3295 4146 Gloriﬁcare
3344 4092 3565 4157 autem,
3596 4091 3655 4142 et
3708 4088 3898 4144 hono-

2233 4182 2480 4251 riﬁcare,
2513 4185 2569 4235 et
2594 4179 2930 4249 clarificare,
2981 4179 3094 4234 tria
3140 4178 3379 4250 quidem
3428 4177 3621 4244 verba,
3652 4177 3757 4232 sed
3804 4194 3900 4233 res

2234 4288 2353 4327 una
2381 4274 2492 4336 est,
2526 4270 2680 4341 quod
2711 4285 2895 4342 grzece
2930 4268 3143 4324 dicitur
3174 4263 3409 4336 δοξάζειν
3448 4283 3461 4321 :
3494 4265 3894 4337 interpretum

2236 4364 2430 4416 autem
2460 4359 2755 4431 varietate,
2786 4357 2952 4414 aliter
2981 4363 3155 4429 atque
3205 4356 3374 4413 aliter
3403 4355 3663 4427 positum
3707 4360 3806 4411 est
3840 4356 3900 4411 in

2238 4449 2439 4506 latino.

2308 4537 2541 4594 CAPUT
2554 4536 3192 4607 XXXIl.—-30.Spiritus
3202 4536 3384 4591 sancti
3393 4550 3526 4606 opus
3538 4532 3904 4605 etdiligentia

2236 4628 3024 4699 est.inquiunt,sanctiﬁcare,
3048 4633 3099 4680 et
3128 4627 3342 4680 sanctos
3368 4623 3639 4679 custodire
3656 4639 3679 4685 ;
3699 4632 3754 4677 et
3787 4640 3902 4679 non

2236 4719 2413 4775 solum
2439 4717 2890 4783 rationabilia,ut
2919 4714 3141 4787 quidam
3161 4714 3479 4786 putant,sed
3506 4716 3555 4768 et
3585 4715 3902 4767 irrationa-

2239 4809 2374 4865 bilia
2404 4809 2563 4879 plura
2593 4807 2941 4876 sanctificare
2966 4822 2984 4859 :
3013 4808 3062 4859 et
3093 4820 3178 4860 eos
3199 4806 3297 4875 qui
3323 4803 3638 4859 ceciderunt
3675 4807 3905 4874 propter

2235 4914 2392 4953 suam
2411 4894 2899 4967 negligentiam,ad
2907 4895 3211 4968 pristinum
3230 4898 3436 4949 statum
3446 4894 3901 4963 revocare;igno-

2236 4995 2421 5043 rantes
2449 4986 2666 5055 docere,
2719 4985 3093 5047 obliviscentes
3121 4983 3430 5050 admonere,
3470 4984 3756 5054 peccantes
3805 5000 3902 5037 ar-

2237 5078 2610 5149 guere,pigros
2641 5076 2863 5131 hortari
2889 5074 2954 5130 de
2982 5074 3161 5129 salute
3189 5090 3289 5128 sua
3316 5074 3558 5143 cogitare
3585 5074 3636 5128 et
3662 5071 3906 5128 sollicite

2238 5182 2416 5238 agere,
2469 5168 2718 5246 errantes
2747 5164 2818 5220 ad
2846 5166 2992 5219 viam
3022 5164 3279 5218 veritatis
3328 5162 3613 5230 deducere,
3646 5162 3903 5232 inﬁrmos

2237 5264 2508 5321 curare,et
2534 5255 2902 5327 fragilitatem
2928 5255 3170 5325 corporis
3199 5268 3296 5323 per
3324 5252 3670 5308 alacritatem
3690 5253 3904 5309 anim

2238 5347 2594 5411 continere,et
2607 5344 2677 5399 ad
2692 5359 2932 5399 amorem
2942 5344 3164 5414 pietatis
3185 5350 3241 5397 et
3257 5342 3527 5397 castitatis
3546 5340 3901 5412 conﬁmare,

2239 5440 2291 5491 et
2319 5449 2504 5489 omnes
2536 5434 2887 5494 illuminare;
2899 5447 3064 5503 super
3093 5432 3280 5487 omnia
3308 5429 3469 5500 ﬁdem
3492 5436 3543 5485 et
3571 5429 3902 5486 charitatem

2238 5523 2490 5596 praebere
2516 5523 2775 5593 singulis,
2797 5536 2894 5592 pro
2922 5520 3101 5576 studio
3130 5536 3343 5593 quoque
3372 5522 3422 5576 et
3450 5519 3766 5589 diligentia,
3800 5534 3900 5591 pro

2239 5614 2592 5684 simplicitate
2614 5615 2665 5667 et
2693 5612 3014 5667 sinceritate
3043 5611 3373 5682 mentis,pro
3399 5625 3659 5666 mensura
3689 5610 3831 5680 ﬁdei
3850 5616 3899 5665 et

2305 5741 2322 5775 ι
2357 5737 2443 5787 Sic
2475 5740 2591 5787 Am.
2624 5737 2705 5786 Er.
2738 5741 2791 5787 et
2816 5735 3063 5787 meliores
3094 5735 3261 5786 nostri
3298 5735 3491 5786 Mss.At
3518 5736 3772 5790 Lov.cum
3799 5734 3897 5787 di-

2241 5804 2375 5866 quot
2400 5801 2545 5866 Mem,
2575 5803 2624 5854 et
2650 5800 2799 5855 illum
2825 5800 3123 5856 adoramus.
3140 5800 3319 5854 Minus
3342 5797 3503 5881 bene.

2418 6412 2485 6417 κεν
2526 6314 4040 6460 ηἰγτκωιην-κ--ὴ-ττῖξλ
