4040 6454
454 383 573 443 ἿΟἾ

456 520 546 571 tas
577 513 694 568 ista
724 509 947 573 delirat,
980 508 1142 560 Pater
1167 501 1431 574 praescius
1464 506 1586 551 erat
1608 512 1665 551 se
1694 494 1973 563 unigeniti
2000 494 2100 547 Dei

455 607 675 659 Patrem
694 602 945 669 futurum
968 617 985 661 ,-
1009 594 1145 665 quia
1178 604 1475 660 nunquam
1507 602 1617 639 non
1644 584 1807 639 Pater
1828 586 1968 646 erat,
1994 581 2095 635 ha-

450 694 596 748 bens
620 690 826 746 Filium
858 690 1229 746 comteruum,
1280 684 1335 733 et
1366 692 1649 749 generans
1682 673 1807 727 sine
1836 677 2095 742 tempore

446 798 549 854 per
579 795 752 851 quem
795 774 1055 831 condidit
1076 777 1358 840 tempora.
1394 767 1461 821 Et
1492 765 1642 820 sicut
1672 763 1852 854 Deum
1886 776 1947 815 se
1980 775 2092 854 n_on

441 849 729 944 prmscivit
754 867 1018 920 futurum
1055 860 1208 932 quod
1245 872 1477 927 semper
1528 858 1687 919 erat;
1731 851 1815 906 sic
1868 866 1969 904 nec
1996 849 2097 944 Pa-

444 938 616 1025 trem,
639 955 777 1028 quia
804 970 936 1007 cum
971 950 1111 1005 Filio
1133 963 1363 1017 semper
1395 948 1517 999 erat
1549 959 1563 997 :
1597 958 1695 995 nec
1724 957 1926 1007 magno
1959 938 2095 1028 Filio

444 1027 749 1120 majormec
773 1046 905 1099 bono
925 1041 1122 1095 melior
1148 1056 1160 1103 ;
1187 1036 1323 1108 quia
1372 1051 1483 1089 non
1518 1031 1671 1086 Patri
1708 1034 1957 1093 tantum,
1995 1027 2096 1081 sed

446 1116 729 1193 universes
752 1131 1022 1188 Trinitati
1055 1129 1276 1182 dictum
1308 1130 1416 1189 est,
1451 1124 1520 1176 Tu
1550 1137 1603 1175 es
1640 1120 1775 1173 Deus
1804 1116 1957 1172 solus
1978 1132 2097 1169 ma-

446 1243 586 1298 gnus
606 1224 776 1297 (Psal.
812 1217 1136 1277 Lxxxv.Nec
1168 1216 1237 1270 de
1266 1218 1432 1267 Patre
1461 1214 1723 1298 tantum,
1738 1208 1837 1298 sed
1872 1202 2099 1298 deuni-

439 1292 911 1373 versa'Trinitate
936 1311 1084 1363 recte
1108 1302 1452 1373 intelligitur
1474 1298 1689 1353 dixisse
1714 1297 1870 1350 idem
1896 1292 2099 1374 Filius,

440 1407 610 1461 Nemo
643 1402 831 1464 bonus,
865 1398 978 1453 nisi
1011 1410 1151 1450 unus
1200 1393 1340 1445 Deus
1373 1393 1566 1457 (Marc.
1618 1404 1674 1455 x,
1702 1386 1827 1453 18);
1864 1382 2101 1454 quando

443 1511 575 1549 eum
596 1487 905 1562 appellavit
940 1484 1287 1555 magistrum
1306 1475 1653 1545 bonum,qui
1680 1490 1813 1528 eum
1838 1472 2101 1527 nondum

453 1576 1002 1645 intelligebatDeum
1026 1590 1037 1626 ε
1063 1578 1157 1626 tan
1170 1586 1341 1641 quam
1366 1568 1601 1635 diceret,
1622 1564 1679 1618 Si
1696 1580 1839 1618 voca
1859 1562 2103 1639 bonum,

448 1668 705 1738 intellige
745 1666 964 1729 Deum;
999 1677 1168 1715 nemo
1201 1658 1355 1713 enim
1390 1652 1717 1719 bonus,nisi
1749 1667 1902 1705 unus
1925 1650 2102 1713 Deus,

449 1759 706 1816 Trinitas
727 1771 861 1825 ergo
896 1768 1048 1806 unus
1079 1750 1232 1804 Deus
1293 1747 1454 1801 solus
1507 1757 1752 1812 magnus
1811 1744 1866 1795 et
1897 1741 2102 1809 bonus,

448 1849 542 1904 cui
575 1845 677 1902 uni
708 1849 764 1898 et
794 1842 921 1905 soli,
956 1841 1104 1895 sicut
1150 1834 1410 1909 praecipit
1440 1832 1532 1887 lex
1561 1832 1707 1902 ejus,
1742 1829 1843 1884 illa
1868 1845 1993 1900 quae
2022 1827 2106 1882 la-

451 1937 563 1997 tria
594 1932 809 1989 dicitur
830 1930 1103 1985 servitute
1127 1925 1431 1981 servimus.

528 2021 757 2078 CAPUT
787 2017 1023 2074 XXXVI.
1056 2047 1122 2056 ——
1154 2016 1240 2069 34.
1275 2011 1439 2067 Absit
1471 2014 1663 2066 autem
1707 2011 1770 2062 ut
1817 2006 2105 2069 dicamus,

445 2108 819 2173 humilitatis,
848 2124 961 2163 non
994 2104 1250 2159 veritatis
1284 2102 1472 2175 gratia
1523 2099 1734 2155 Filium
1790 2093 2106 2166 aliquando

448 2204 532 2259 sic
566 2200 743 2273 loqui,
771 2204 836 2254 ut
867 2214 929 2253 se
958 2197 1111 2251 Patri
1138 2194 1413 2265 subjiciat
1434 2208 1686 2262 eumque
1712 2190 1991 2259 majorem
2022 2201 2109 2273 es.

458 2310 521 2348 se
550 2272 812 2347 testetur.
846 2286 1122 2342 Novimus
1145 2284 1359 2355 quippe
1382 2282 1441 2336 in
1484 2281 1625 2335 Filio
1659 2280 1903 2333 formam
1936 2272 2107 2335 servi,

461 2399 577 2438 non
608 2381 801 2435 fictam
836 2373 1421 2444 simulatamque,sed
1436 2388 1629 2426 veram
1655 2371 1919 2440 :propter
1931 2380 2106 2436 quem

458 2470 681 2526 scilicet
712 2468 1035 2522 humanum
1057 2463 1405 2525 habitum.et
1432 2464 1664 2532 propter
1693 2457 1845 2529 quod
1881 2457 2004 2527 ipse
2038 2454 2108 2508 de

461 2559 770 2624 Patre,non
804 2556 971 2610 Pater
989 2554 1059 2608 de
1086 2552 1183 2607 illo
1216 2552 1367 2606 Deus
1399 2548 1656 2615 est,dicit
1684 2546 1783 2601 illa
1813 2544 2108 2608 omnia,de

457 2650 672 2720 quibus
700 2647 797 2702 isti
831 2645 1193 2701 occasionem
1212 2642 1524 2713 accipiunt,
1549 2640 1809 2693 diversas
1844 2634 2029 2690 Patris
2050 2637 2108 2688 et

454 2738 582 2793 Filii
614 2737 846 2792 credere
872 2751 935 2789 ac
967 2732 1279 2805 praadicare
1309 2736 1569 2785 naturas.
1596 2728 1663 2782 Et
1701 2742 1833 2781 cum
1866 2742 1927 2780 se
1944 2727 2107 2778 tanta

454 2828 570 2883 ista
599 2824 873 2897 voragine
920 2822 1237 2894 impietatis
1278 2820 1650 2889 immergant,
1684 2832 1791 2871 nos
1818 2818 2102 2885 tanquam

459 2915 769 2988 opprobrio
825 2912 956 2968 novi
999 2910 1254 2966 nominis
1292 2907 1716 2965 Homousianos
1761 2906 1985 2959 vocant.
2019 2904 2106 2955 Ita

461 3006 617 3061 enim
649 3020 778 3059 esse
827 3002 1001 3057 habet
1029 2998 1324 3055 catholicis
1363 2997 1624 3053 veritatis
1662 2992 2007 3065 antiquitas,
2038 2993 2105 3046 ut

458 3094 509 3149 ei
528 3109 733 3148 omnes
762 3088 1011 3145 hazretici
1039 3087 1267 3143 diversa
1287 3086 1482 3141 omnia
1511 3080 2105 3156 imponant,cumipsi

457 3198 568 3237 sua
606 3179 858 3253 singula,
892 3178 1046 3233 sicut
1072 3177 1143 3232 ab
1175 3174 1450 3231 omnibus
1480 3171 2103 3245 appellantur,obtine-

458 3275 579 3327 ant.
609 3269 804 3325 Ariani
838 3268 1055 3339 quippe
1087 3270 1143 3321 et
1172 3263 1540 3333 Eunomiani,
1563 3279 1677 3318 non
1704 3260 1803 3317 alii
1825 3259 2103 3326 heretici,

461 3376 569 3416 nos
596 3358 851 3414 vocitant
872 3354 1316 3420 Homousianos,
1341 3352 1477 3424 quia
1508 3357 1708 3407 contra
1726 3366 1926 3406 eorum
1949 3364 2105 3404 erro-

461 3466 583 3505 rem
608 3464 792 3521 grazco
821 3444 1106 3502 vocabulo
1138 3441 1428 3515 ὁμοούσιον
1476 3440 1843 3497 defendimus
1873 3442 2104 3494 Patrem

462 3542 519 3594 et
548 3537 758 3593 Filium
790 3539 846 3590 et
875 3534 1153 3605 Spiritum
1188 3538 1478 3598 sanctum,
1511 3530 1565 3585 id
1602 3534 1710 3595 est,
1745 3528 1921 3584 unius
1958 3527 2108 3596 ejus-

462 3626 710 3697 demque
741 3622 1101 3692 substantim,
1146 3621 1255 3687 vel,
1289 3625 1351 3675 ut
1390 3619 1718 3691 expressius
1742 3616 1987 3682 dicatur,
2024 3632 2109 3671 es-

461 3717 678 3785 sentiaa,
703 3731 829 3785 quae
861 3710 1014 3764 οὐσία
1065 3727 1246 3783 graece
1292 3708 1654 3780 appellatur:
1688 3706 1843 3779 quod
1876 3704 2108 3775 planius

456 3804 690 3868 dicitur,
715 3803 890 3857 unius
920 3801 1301 3871 ejusdemque
1331 3798 1645 3852 naturaeEt
1674 3801 1867 3849 tamen
1894 3794 1941 3848 si
1975 3794 2108 3865 quis

456 3894 703 3948 istorum
737 3892 835 3962 qui
868 3908 974 3945 nos
1007 3888 1433 3944 Homousianos
1465 3889 1688 3950 vocant,
1714 3884 1898 3937 filium
1934 3898 2107 3936 suum

463 3999 577 4038 non
610 3981 777 4052 cujus
823 3981 945 4051 ipse
976 3984 1149 4044 esset,
1183 3978 1283 4032 sed
1315 3976 1555 4030 diversze
1586 3973 1803 4028 diceret
1830 3976 1985 4027 esset
2015 3988 2111 4026 na-

458 4077 622 4139 turas,
657 4069 1006 4126 exhaeredari
1048 4084 1108 4123 se
1140 4067 1212 4122 ab
1256 4082 1321 4121 eo
1354 4064 1547 4119 mallet
1588 4062 1743 4117 filius
1792 4078 1968 4132 quam
2002 4060 2110 4115 hoc

460 4160 677 4233 putari.
739 4162 967 4225 Quanta
1016 4158 1213 4227 itaque
1272 4153 1566 4224 impietate
1632 4151 1729 4206 isti
1798 4154 2108 4219 cacantur,

463 4250 563 4322 qui
613 4266 747 4305 cum
779 4249 1167 4304 conﬁteantur
1189 4243 1555 4313 unigenitum
1601 4240 1698 4295 Dei
1733 4240 1962 4303 Filium,
2014 4256 2112 4294 no-

458 4338 592 4394 lunt
651 4338 909 4407 ejusdem
960 4340 1183 4390 naturae
1238 4333 1409 4403 cujus
1466 4330 1634 4385 Pater
1690 4334 1780 4385 est
1826 4328 2109 4397 conﬁteri,

469 4428 569 4482 sed
601 4426 840 4481 diversae
900 4430 1074 4495 atque
1128 4421 1369 4494 imparis
1418 4426 1471 4476 et
1513 4419 1714 4475 multis
1762 4419 1952 4474 modis
2029 4434 2113 4473 re-

464 4517 693 4586 busque
737 4512 1069 4580 dissimilis,
1127 4516 1406 4582 tanquam
1451 4526 1564 4564 non
1615 4510 1684 4564 de
1747 4510 1857 4563 Deo
1916 4512 2111 4577 natus,

462 4605 563 4661 sed
609 4604 680 4659 ab
714 4601 811 4657 illo
871 4602 941 4656 de
993 4600 1174 4655 nihilo
1225 4600 1301 4654 sit
1343 4602 1569 4653 creatus
1603 4618 1617 4668 ;
1651 4614 1715 4652 ac
1766 4614 1866 4668 per
1904 4596 2011 4651 hoc
2058 4602 2115 4652 et

465 4693 592 4767 ipse
625 4696 893 4747 creatura
921 4690 1014 4755 sit,
1050 4689 1233 4761 gratia
1295 4686 1470 4755 filius,
1507 4704 1620 4741 non
1675 4690 1885 4740 natura
1914 4685 1941 4739 ?
1970 4686 2113 4741 Ecce

459 4782 689 4855 quinos
739 4780 908 4852 quasi
960 4778 1188 4834 macula
1218 4776 1398 4833 novi‘
1452 4774 1706 4831 nominis
1760 4780 1968 4830 vocant
1997 4778 2110 4829 Ho-

528 4967 546 5003 ³
582 4968 767 5028 Abest,
796 4967 935 5027 novi,
968 4980 999 5016 a
1026 4968 1152 5017 Mss.

780 369 1215 437 ADMONITIO
1260 368 1337 428 IN
1385 358 1935 427 COLLATIONEM
1985 360 2083 420 ET
2126 357 2406 419 LIBROS
2452 356 2656 418 DUOS
2701 356 3014 417 CONTRA
3060 352 3552 417 MAXIMINUM.

3755 354 3878 412 708

2209 490 2567 558 mousianos,
2603 506 2707 546 nec
2738 507 2798 546 se
2832 490 3010 563 ipsos,
3035 506 3165 544 cum
3192 489 3305 544 ista
3322 488 3611 552 sentiunt,
3638 486 3882 541 intuen-

2205 583 2303 634 tur
2330 579 2589 635 insanos.

2277 668 2506 724 CAPUT
2532 668 2795 725 XXXVII.
2829 700 2897 708 —
2928 669 3087 734 Quod
3112 672 3305 723 autem
3340 671 3475 722 ante
3519 665 3726 723 omnia
3766 684 3877 721 sie—

2206 758 2337 813 cula
2355 765 2553 813 natum
2586 759 2839 813 fatentur
2869 757 3101 823 Filium,
3134 758 3425 829 quomodo
3457 774 3574 813 non
3608 757 3727 812 sibi
3760 752 3882 829 ipsi

2207 848 2477 903 contrarii
2512 856 2811 915 sunt,eum
2830 854 3031 903 natum
3052 848 3240 903 dicere
3263 853 3395 902 ante
3410 848 3611 902 omnia
3630 846 3879 911 sacula,

2209 938 2377 1007 cujus
2412 939 2693 993 nativitati
2729 943 3091 1009 anteponunt
3111 936 3330 1008 aliquid
3363 936 3690 1008 temporis;
3729 952 3880 1007 qua-

2211 1026 2257 1081 si
2287 1044 2397 1081 non
2423 1032 2522 1082 aut
2547 1031 2759 1083 saecula
2779 1033 2879 1083 aut
2900 1026 3247 1083 saeculorum
3270 1030 3461 1098 partes
3483 1039 3881 1097 quaecumque

2211 1115 2329 1169 sint
2349 1121 2659 1188 tempora?

2282 1206 2444 1271 Quod
2470 1223 2601 1262 vero
2632 1206 2772 1262 dicit
2800 1205 3131 1279 Apostolus,
3154 1206 3331 1261 etiam
3356 1205 3414 1261 in
3438 1205 3638 1261 futuro
3656 1203 3879 1261 saecqu

2214 1297 2363 1352 Patri
2391 1297 2595 1353 Filium
2624 1299 2955 1371 subjectum
2978 1297 3366 1366 futurum,ubi
3386 1298 3486 1365 ait,
3508 1298 3655 1352 Tunc
3682 1302 3739 1353 el
3763 1300 3883 1368 ipse

2211 1387 2475 1457 subjectus
2504 1390 2609 1443 erit
2636 1391 2689 1445 ei
2716 1392 2813 1459 qui
2840 1388 2938 1444 illi
2966 1388 3195 1459 subjecit
3219 1390 3401 1444 omnia
3428 1387 3469 1455 (Ι
3497 1387 3620 1442 Cor.
3645 1388 3880 1455 xv,28);

2216 1480 2351 1549 quid
2386 1480 2623 1549 mirum,
2658 1480 3131 1551 quandoquidem
3156 1479 3257 1535 illa
3290 1479 3347 1534 in
3379 1478 3522 1534 Filio
3544 1479 3741 1535 forma
3762 1480 3882 1535 hu-

2218 1588 2389 1625 mana
2415 1588 2692 1627 mansura
2721 1576 2827 1639 est,
2886 1588 3002 1643 qua
3060 1588 3291 1644 semper
3319 1572 3509 1642 major
3538 1574 3629 1626 est
3661 1571 3884 1629 Pater?

2216 1659 2494 1722 Quamvis
2524 1676 2637 1714 non
2662 1660 2969 1725 defuerint,
3003 1660 3103 1731 qui
3126 1658 3285 1714 illam
3316 1664 3457 1714 tunc
3482 1658 3608 1712 Filii
3639 1659 3883 1729 subjec-

2216 1744 2455 1816 tionem,
2480 1746 2665 1817 ipsius
2698 1746 2968 1801 humanae
3003 1748 3196 1801 formae
3223 1745 3281 1800 in
3308 1744 3566 1801 divinam
3588 1746 3884 1802 substan-

2216 1835 2357 1889 tiam
2382 1836 2897 1891 commutationem
2922 1834 3357 1907 intelligendam
3384 1834 3883 1907 putaverint,tan-

2219 1940 2395 1995 quam
2420 1924 2525 1979 hoc
2548 1925 2755 1996 cuique
2779 1926 2857 1979 rei
2882 1924 3248 1994 subjiciatur,
3273 1924 3426 1995 quod
3448 1923 3507 1978 in
3538 1940 3668 1979 eam
3700 1924 3885 1981 verti-

2218 2015 2314 2066 tur
2330 2017 2385 2066 et
2410 2017 2688 2069 mutatur.
2727 2014 2834 2068 Sed
2856 2030 2960 2068 nos
2982 2013 3121 2085 quid
3154 2012 3291 2068 hinc
3322 2013 3647 2067 sentiamus
3676 2017 3886 2069 osten-

2219 2101 2436 2166 dimus,
2470 2104 2658 2175 magis
2704 2104 2832 2159 ideo
2864 2103 3078 2158 dixisse
3124 2102 3465 2175 Apostolum
3514 2103 3689 2158 etiam
3737 2108 3887 2158 tunc

2219 2191 2373 2245 Patri
2396 2191 2605 2247 Filium
2629 2193 2957 2263 subjectum
2985 2193 3269 2256 futurum,
3286 2209 3355 2247 ne
3377 2192 3510 2264 quis
3532 2192 3590 2247 in
3613 2209 3679 2248 eo
3702 2197 3886 2264 puta-

2220 2283 2305 2333 ret
2327 2280 2597 2350 spiritum
2628 2288 2684 2335 et
2709 2296 2919 2352 corpus
2960 2279 3286 2335 humanum
3319 2280 3515 2352 aliqua
3540 2282 3889 2336 conversio-

2219 2384 2291 2423 ne
2315 2368 2636 2439 periturum
2664 2387 2676 2425 :
2712 2378 2772 2425 ut
2800 2372 2875 2425 sit
2923 2370 3063 2424 Deus
3093 2370 3301 2436 omnia,
3328 2386 3441 2424 non
3462 2374 3692 2425 tantum
3714 2370 3781 2423 in
3805 2368 3888 2424 il-

2219 2456 2333 2512 lius
2366 2458 2549 2512 forma
2580 2458 2858 2523 hominis,
2898 2458 3021 2524 sed,
3073 2459 3130 2512 in
3162 2458 3434 2527 omnibus,
3464 2462 3527 2512 ut
3556 2458 3628 2513 ad
3660 2457 3891 2513 haben-

2217 2546 2351 2600 dam
2383 2547 2580 2613 vitam,
2617 2551 2672 2601 et
2701 2547 3032 2602 satiandum
3065 2547 3125 2601 in
3157 2546 3326 2602 bonis
3359 2546 3711 2601 desiderium
3740 2562 3888 2603 nos—

2216 2639 2395 2703 trum,
2422 2640 2629 2690 natura
2658 2637 2855 2691 divina
2884 2636 3157 2691 sufﬁciat.
3185 2637 3348 2692 Tunc
3379 2637 3537 2692 enim
3574 2641 3723 2691 Deus
3752 2653 3889 2691 om-

2216 2723 2312 2779 nia
2341 2725 2519 2780 eritin
2546 2726 2840 2792 omnibus,
2875 2742 3007 2781 cum
3047 2732 3253 2798 praeter
3298 2725 3495 2797 ipsum
3520 2725 3664 2781 nihil
3688 2725 3895 2781 omni-

2214 2829 2286 2869 no
2311 2813 2522 2869 habere
2543 2814 2688 2870 velle
2710 2815 3297 2886 cceperimusﬂmnia
3317 2815 3533 2887 quippe
3551 2816 3678 2887 ipse
3703 2816 3891 2871 nobis

2211 2902 2340 2966 erit,
2372 2904 2604 2974 quando
2635 2903 2761 2972 ipso
2792 2904 3119 2960 sufﬁciente
3161 2904 3305 2959 nihil
3335 2905 3537 2959 deerit.

2281 2992 2511 3047 CAPUT
2530 2992 2827 3049 XXXVIII.
2848 3024 2913 3035 -—
2926 2994 2957 3049 J
2967 3010 3166 3049 ussum
3181 3010 3315 3049 vero
3331 2993 3627 3049 obaudisse
3646 2994 3883 3051 Filium

2213 3090 2509 3153 antequam
2530 3084 2800 3155 acciperet
2827 3099 3068 3152 carnem,
3094 3082 3251 3138 unde
3280 3082 3377 3139 isti
3414 3083 3754 3139 existiment
3778 3078 3884 3140 ne-

2216 3170 2354 3226 scio.
2378 3174 2462 3226 An
2494 3171 2750 3241 accipere
2772 3188 3003 3228 carnem
3031 3172 3240 3243 jussus
3270 3176 3451 3237 est,ut
3472 3171 3581 3227 hoc
3602 3172 3887 3228 videatur

2216 3259 2420 3315 fecisse
2434 3260 2823 3332 jussus,quod
2847 3260 2981 3315 fecit
2995 3261 3215 3316 missus
3233 3260 3261 3315 ?
3281 3265 3496 3316 Iterum
3522 3277 3658 3333 ergo
3681 3262 3754 3317 ad
3777 3259 3889 3318 illa

2216 3350 2474 3420 redeant,
2508 3366 2632 3421 quae
2682 3349 2952 3421 superius
2984 3350 3281 3421 disputata
3324 3354 3485 3415 sunt,
3519 3354 3573 3405 et
3605 3354 3888 3422 quaerant

2216 3442 2390 3509 atque
2420 3438 2736 3503 inveniant,
2761 3438 2808 3493 si
2842 3443 3107 3511 possunt,
3157 3439 3324 3494 Pater
3354 3439 3526 3494 unico
3546 3439 3741 3496 Verbo“
3757 3456 3887 3512 quo

2217 3526 2328 3582 alio
2352 3526 2599 3597 jusserit
2620 3528 2791 3583 verbo
2816 3545 2829 3595 ;
2864 3532 2920 3582 et
2942 3533 3137 3583 utrum
3168 3528 3413 3600 dignum
3447 3529 3624 3584 fuerit
3644 3535 3711 3584 ut
3730 3534 3888 3585 tem-

2216 3617 2399 3690 porali
2422 3618 2684 3689 jubentis
2715 3619 2888 3674 verbo
2910 3619 3163 3675 Verbum
3196 3620 3544 3676 subderetur
3563 3626 3883 3679 aeternum:

2219 3711 2395 3778 atque
2417 3706 2551 3761 hinc
2582 3706 2913 3779 intelligant
2942 3708 3082 3779 quia
3112 3724 3225 3763 non
3256 3725 3390 3764 eum
3439 3710 3629 3765 Patris
3653 3710 3882 3782 jussio,

2217 3800 2499 3866 tanquam
2532 3814 2650 3851 suae
2691 3813 2801 3852 non
2838 3797 3008 3851 fuerit
3043 3798 3367 3868 potestatis,
3396 3798 3488 3854 sed
3518 3802 3883 3871 semetipsum

2215 3887 2546 3951 exinanivit,
2575 3888 2817 3955 [ormam
2842 3888 2987 3940 servi
3011 3887 3300 3954 accipiens.
3346 3887 3506 3953 Quod
3540 3893 3739 3943 autem
3775 3889 3884 3945 hu-

2217 3976 2457 4030 miliavit
2476 3976 3034 4046 semetipsum,factus
3062 3976 3319 4032 obediens
3347 3993 3517 4048 usque
3543 3977 3614 4032 ad
3638 3984 3884 4034 mortem

2218 4064 2488 4134 (Philipp.
2514 4082 2575 4132 ιι,
2606 4064 2659 4133 7,
2688 4065 2763 4135 8),
2798 4065 2922 4135 jam
2948 4064 3149 4136 utique
3179 4070 3478 4138 acceperat
3502 4083 3768 4123 carnem.

2290 4152 2519 4207 CAPUT
2548 4153 2774 4209 XXXIX.
2802 4184 2873 4193 —
2895 4154 3157 4210 Arbitror
3187 4172 3278 4211 me
3308 4156 3379 4211 ad
3410 4156 3611 4211 omnia
3641 4172 3890 4228 respon-

2221 4240 2376 4297 disse
2407 4258 2532 4312 quze
2563 4244 2819 4298 continet
2851 4243 3197 4299 Arianorum
3237 4260 3448 4312 sermo,
3480 4246 3579 4316 qui
3611 4246 3788 4301 nobis
3822 4252 3892 4303 ut

2222 4330 2270 4386 ei
2287 4332 2827 4401 responderemus,a
2844 4332 3195 4403 quibusdam
3216 4334 3494 4389 fratribus
3517 4334 3744 4391 missus
3768 4342 3889 4392 est.

2224 4419 2329 4483 Qui
2366 4424 2428 4473 ut
2460 4424 2653 4490 posset
2683 4419 2890 4491 inspici
2921 4420 2994 4474 ab
3016 4420 3087 4475 iis
3106 4421 3202 4491 qui
3233 4421 3353 4476 haec
3377 4420 3890 4493 legunt,etutrum

2223 4508 2293 4562 ad
2328 4509 2526 4563 omnia
2575 4525 2920 4581 responsum
2972 4509 3143 4564 fuerit
3189 4509 3489 4582 explorare
3517 4511 3888 4580 desiderant,

2223 4596 2359 4651 huic
2387 4613 2520 4652 eum
2546 4603 2755 4653 nostra:
2777 4597 3155 4669 disputationi
3190 4600 3680 4670 praescribendum
3708 4608 3892 4671 puta-

2222 4685 2415 4741 vimus
2439 4704 2451 4749 ;
2474 4690 2537 4740 ut
2558 4686 2719 4758 prius
2768 4685 2998 4758 legatur
3029 4687 3172 4760 ipse,
3209 4705 3274 4744 ac
3306 4689 3515 4745 deinde
3537 4695 3738 4746 nostra
3762 4709 3892 4747 res-

2224 4775 2737 4847 ponsio.Quoniam
2764 4792 2876 4831 non
2908 4776 3125 4847 ubique
3154 4780 3377 4833 textum
3416 4780 3724 4834 verborum
3748 4782 3890 4852 ejus

2223 4864 2722 4936 interposuimus;
2758 4882 2827 4919 ne
2868 4865 3044 4920 nimis
3102 4865 3342 4937 longum
3394 4866 3712 4923 faceremus
3770 4869 3887 4927 hoc

2223 4970 2370 5025 opus
2402 4958 2690 5021 nostrum,
2711 4954 2863 5024 quod
2894 4954 3129 5011 tandem
3162 4954 3276 5011 isto
3308 4957 3422 5011 ﬁne
3442 4957 3883 5016 concludimus.

459 5094 3874 5123 ﬂ

1674 5221 2657 5321 ADMONITIO

1145 5421 1215 5477 IN
1249 5417 1749 5477 COLLATIONEM
1800 5420 1891 5475 ET
1924 5418 2177 5476 LIBROS
2206 5418 2391 5477 DUOS
2419 5418 2703 5476 CONTRA
2738 5419 3192 5476 MAXIMINUM.

526 5554 655 5610 Haec
677 5556 957 5627 opuscula
987 5557 1045 5612 in
1081 5555 1607 5612 Retractationibus
1638 5553 1947 5625 Augustini
1992 5555 2210 5611 frustra
2238 5572 2485 5628 quaeras,
2518 5572 2649 5611 cum
2683 5554 2799 5611 sint
2830 5552 3116 5625 posterius
3148 5557 3432 5623 confecta,
3467 5575 3624 5613 anno
3655 5559 3876 5616 Christi

454 5643 719 5700 videlicet
751 5652 853 5701 aut
873 5649 994 5715 427,
1027 5653 1127 5702 aut
1150 5649 1269 5702 4‘38.
1297 5647 1439 5702 Nam
1464 5643 1859 5716 Segisvultum
1882 5644 2176 5711 comitem,
2197 5663 2230 5700 a
2251 5663 2363 5717 quo
2388 5662 2447 5699 se
2470 5645 2716 5699 missum
2734 5644 3053 5715 Hipponem
3081 5644 3433 5703 Maximinus
3455 5648 3513 5703 in
3533 5648 3875 5705 Collatiouis

467 5733 881 5804 subsequentis
903 5738 1132 5794 exordio
1157 5733 1716 5810 protitetur,venisse
1736 5732 1795 5788 in
1815 5732 2071 5789 Africam
2094 5740 2296 5793 contra
2316 5733 2675 5791 Bonifacium
2699 5731 2889 5789 Hierio
2910 5739 2967 5789 et
2984 5735 3279 5792 Ardubere
3293 5734 3597 5809 Coss.,hoc
3613 5742 3706 5796 est
3720 5756 3873 5796 anno
