  <div class='ocr_page' id='page_1' title='image "/cluster/home/n/w/nwhite01/storage/ocr_20150623/42/umn.31951d02850084t/358.png"; bbox 0 0 4040 6492; ppageno 0'>
   <div class='ocr_carea' id='block_1_1' title="bbox 192 398 303 459">
    <p class='ocr_par' dir='ltr' id='par_1_1' title="bbox 192 398 303 459">
     <span class='ocr_line' id='line_1_1' title="bbox 192 398 303 459; baseline 0.018 -2"><span class='ocrx_word' id='word_1_1' title='bbox 192 398 303 459; x_wconf 85' lang='lat'><strong>709</strong></span> 
     </span>
    </p>
   </div>
   <div class='ocr_carea' id='block_1_2' title="bbox 886 392 1845 462">
    <p class='ocr_par' dir='ltr' id='par_1_2' title="bbox 886 392 1845 456">
     <span class='ocr_line' id='line_1_2' title="bbox 886 392 1845 456; baseline -0.002 -1"><span class='ocrx_word' id='word_1_2' title='bbox 886 394 1271 456; x_wconf 86' lang='lat' dir='ltr'><strong>COLLATIO</strong></span> <span class='ocrx_word' id='word_1_3' title='bbox 1316 393 1479 456; x_wconf 82' lang='lat' dir='ltr'><strong>CUM</strong></span> <span class='ocrx_word' id='word_1_4' title='bbox 1523 393 1629 454; x_wconf 83' lang='lat' dir='ltr'><strong>MA</strong></span> <span class='ocrx_word' id='word_1_5' title='bbox 1640 392 1845 454; x_wconf 67' lang='lat' dir='ltr'><strong>XIMIF</strong></span> 
     </span>
    </p>
   </div>
   <div class='ocr_carea' id='block_1_3' title="bbox 1988 392 2882 462">
    <p class='ocr_par' dir='ltr' id='par_1_3' title="bbox 1988 394 2882 462">
     <span class='ocr_line' id='line_1_3' title="bbox 1988 394 2882 462; baseline 0.008 -7"><span class='ocrx_word' id='word_1_6' title='bbox 1988 394 2140 455; x_wconf 76' lang='lat' dir='ltr'><strong>tRIA</strong></span> <span class='ocrx_word' id='word_1_7' title='bbox 2156 397 2434 460; x_wconf 81' lang='lat' dir='ltr'><strong>NORUM</strong></span> <span class='ocrx_word' id='word_1_8' title='bbox 2480 399 2882 462; x_wconf 89' lang='lat' dir='ltr'><strong>EPISCOPO.</strong></span> 
     </span>
    </p>
   </div>
   <div class='ocr_carea' id='block_1_4' title="bbox 2170 40 3377 67">
    <p class='ocr_par' dir='ltr' id='par_1_4' title="bbox 2170 40 3377 67">
     <span class='ocr_line' id='line_1_4' title="bbox 2170 40 3377 67; baseline -0.001 -9"><span class='ocrx_word' id='word_1_9' title='bbox 2170 40 3377 67; x_wconf 56' lang='lat' dir='ltr'><strong>HM</strong></span> 
     </span>
    </p>
   </div>
   <div class='ocr_carea' id='block_1_5' title="bbox 3464 407 3588 468">
    <p class='ocr_par' dir='ltr' id='par_1_5' title="bbox 3464 407 3588 468">
     <span class='ocr_line' id='line_1_5' title="bbox 3464 407 3588 468; baseline 0.016 -2"><span class='ocrx_word' id='word_1_10' title='bbox 3464 407 3588 468; x_wconf 82' lang='grc'><strong>710</strong></span> 
     </span>
    </p>
   </div>
   <div class='ocr_carea' id='block_1_6' title="bbox 190 527 3583 606">
    <p class='ocr_par' dir='ltr' id='par_1_6' title="bbox 190 527 3583 606">
     <span class='ocr_line' id='line_1_6' title="bbox 190 527 3583 606; baseline 0.003 -21"><span class='ocrx_word' id='word_1_11' title='bbox 190 530 392 586; x_wconf 76' lang='lat' dir='ltr'><strong>Christi</strong></span> <span class='ocrx_word' id='word_1_12' title='bbox 421 529 545 595; x_wconf 80' lang='grc'><strong>427,</strong></span> <span class='ocrx_word' id='word_1_13' title='bbox 579 528 783 584; x_wconf 81' lang='lat' dir='ltr'><strong>scribit</strong></span> <span class='ocrx_word' id='word_1_14' title='bbox 814 527 1057 598; x_wconf 83' lang='lat' dir='ltr'><strong>Prosper</strong></span> <span class='ocrx_word' id='word_1_15' title='bbox 1088 528 1145 582; x_wconf 94' lang='lat' dir='ltr'><strong>in</strong></span> <span class='ocrx_word' id='word_1_16' title='bbox 1179 527 1479 583; x_wconf 88' lang='lat' dir='ltr'><strong>Chronico.</strong></span> <span class='ocrx_word' id='word_1_17' title='bbox 1517 527 1660 581; x_wconf 84' lang='lat' dir='ltr'><strong>Huic</strong></span> <span class='ocrx_word' id='word_1_18' title='bbox 1690 530 1913 597; x_wconf 82' lang='lat' dir='ltr'><strong>spectat</strong></span> <span class='ocrx_word' id='word_1_19' title='bbox 1941 528 2239 584; x_wconf 90' lang='lat' dir='ltr'><strong>Sermonis</strong></span> <span class='ocrx_word' id='word_1_20' title='bbox 2272 531 2374 584; x_wconf 82' lang='grc'>140</span> <span class='ocrx_word' id='word_1_21' title='bbox 2403 532 2523 603; x_wconf 81' lang='lat' dir='ltr'><strong>(qui</strong></span> <span class='ocrx_word' id='word_1_22' title='bbox 2557 532 2695 587; x_wconf 89' lang='lat' dir='ltr'><strong>olim</strong></span> <span class='ocrx_word' id='word_1_23' title='bbox 2736 533 2887 589; x_wconf 91' lang='lat' dir='ltr'><strong>inter</strong></span> <span class='ocrx_word' id='word_1_24' title='bbox 2916 535 3356 593; x_wconf 88' lang='lat' dir='ltr'><strong>Sirmondiancs</strong></span> <span class='ocrx_word' id='word_1_25' title='bbox 3390 540 3477 606; x_wconf 89' lang='grc'><strong>16)</strong></span> <span class='ocrx_word' id='word_1_26' title='bbox 3506 542 3583 594; x_wconf 90' lang='lat' dir='ltr'><strong>ti-</strong></span> 
     </span>
    </p>
   </div>
   <div class='ocr_carea' id='block_1_7' title="bbox 191 616 3587 695">
    <p class='ocr_par' dir='ltr' id='par_1_7' title="bbox 191 616 3587 695">
     <span class='ocr_line' id='line_1_7' title="bbox 191 616 3587 695; baseline 0.003 -20"><span class='ocrx_word' id='word_1_27' title='bbox 191 621 344 675; x_wconf 89' lang='lat' dir='ltr'><strong>tulus</strong></span> <span class='ocrx_word' id='word_1_28' title='bbox 387 620 442 674; x_wconf 88' lang='lat' dir='ltr'><strong>in</strong></span> <span class='ocrx_word' id='word_1_29' title='bbox 476 619 632 674; x_wconf 86' lang='lat' dir='ltr'><strong>hunc</strong></span> <span class='ocrx_word' id='word_1_30' title='bbox 664 619 903 675; x_wconf 89' lang='lat' dir='ltr'><strong>modum</strong></span> <span class='ocrx_word' id='word_1_31' title='bbox 938 634 950 671; x_wconf 88' lang='lat'>:</span> <span class='ocrx_word' id='word_1_32' title='bbox 989 618 1191 672; x_wconf 81' lang='lat' dir='ltr'><strong>Contra</strong></span> <span class='ocrx_word' id='word_1_33' title='bbox 1219 617 1487 689; x_wconf 76' lang='lat' dir='ltr'><strong>quoddam</strong></span> <span class='ocrx_word' id='word_1_34' title='bbox 1517 616 1723 671; x_wconf 85' lang='lat' dir='ltr'><strong>dictum</strong></span> <span class='ocrx_word' id='word_1_35' title='bbox 1752 616 2044 671; x_wconf 73' lang='lat' dir='ltr'><strong>Maximini</strong></span> <span class='ocrx_word' id='word_1_36' title='bbox 2082 618 2418 674; x_wconf 81' lang='lat' dir='ltr'><strong>Arianorum</strong></span> <span class='ocrx_word' id='word_1_37' title='bbox 2464 623 2720 692; x_wconf 74' lang='lat' dir='ltr'><strong>episcopi,</strong></span> <span class='ocrx_word' id='word_1_38' title='bbox 2771 625 2865 693; x_wconf 87' lang='lat' dir='ltr'><strong>qui</strong></span> <span class='ocrx_word' id='word_1_39' title='bbox 2902 640 3023 678; x_wconf 88' lang='lat' dir='ltr'><strong>cum</strong></span> <span class='ocrx_word' id='word_1_40' title='bbox 3061 626 3362 695; x_wconf 83' lang='lat' dir='ltr'><strong>Segisvulto</strong></span> <span class='ocrx_word' id='word_1_41' title='bbox 3391 632 3587 685; x_wconf 88' lang='lat' dir='ltr'><strong>comite</strong></span> 
     </span>
    </p>
   </div>
   <div class='ocr_carea' id='block_1_8' title="bbox 192 705 3583 783">
    <p class='ocr_par' dir='ltr' id='par_1_8' title="bbox 192 705 3583 783">
     <span class='ocr_line' id='line_1_8' title="bbox 192 705 3583 783; baseline 0.002 -18"><span class='ocrx_word' id='word_1_42' title='bbox 192 711 507 765; x_wconf 84' lang='lat' dir='ltr'><strong>constitutus</strong></span> <span class='ocrx_word' id='word_1_43' title='bbox 538 709 597 762; x_wconf 87' lang='lat' dir='ltr'><strong>in</strong></span> <span class='ocrx_word' id='word_1_44' title='bbox 628 707 815 778; x_wconf 78' lang='lat' dir='ltr'><strong>Africa</strong></span> <span class='ocrx_word' id='word_1_45' title='bbox 846 706 1402 777; x_wconf 87' lang='lat' dir='ltr'><strong>blasphemabat.Quo</strong></span> <span class='ocrx_word' id='word_1_46' title='bbox 1430 706 1490 760; x_wconf 90' lang='lat' dir='ltr'><strong>in</strong></span> <span class='ocrx_word' id='word_1_47' title='bbox 1512 706 1790 761; x_wconf 83' lang='lat' dir='ltr'><strong>Sermone</strong></span> <span class='ocrx_word' id='word_1_48' title='bbox 1820 705 1876 759; x_wconf 91' lang='lat' dir='ltr'><strong>id</strong></span> <span class='ocrx_word' id='word_1_49' title='bbox 1899 707 1970 760; x_wconf 88' lang='lat' dir='ltr'><strong>ab</strong></span> <span class='ocrx_word' id='word_1_50' title='bbox 1991 708 2791 780; x_wconf 87' lang='lat' dir='ltr'><strong>Augustinoreprebenditur,</strong></span> <span class='ocrx_word' id='word_1_51' title='bbox 2820 714 2970 782; x_wconf 93' lang='lat' dir='ltr'><strong>quod</strong></span> <span class='ocrx_word' id='word_1_52' title='bbox 2998 714 3370 783; x_wconf 80' lang='lat' dir='ltr'><strong>Maximinus,</strong></span> <span class='ocrx_word' id='word_1_53' title='bbox 3395 718 3583 773; x_wconf 84' lang='lat' dir='ltr'><strong>domi-</strong></span> 
     </span>
    </p>
   </div>
   <div class='ocr_carea' id='block_1_9' title="bbox 194 796 3585 879">
    <p class='ocr_par' dir='ltr' id='par_1_9' title="bbox 194 796 3585 879">
     <span class='ocr_line' id='line_1_9' title="bbox 194 796 3585 879; baseline 0.003 -26"><span class='ocrx_word' id='word_1_54' title='bbox 194 798 375 854; x_wconf 87' lang='lat' dir='ltr'><strong>nicam</strong></span> <span class='ocrx_word' id='word_1_55' title='bbox 408 796 757 852; x_wconf 89' lang='lat' dir='ltr'><strong>sententiam</strong></span> <span class='ocrx_word' id='word_1_56' title='bbox 789 796 1053 862; x_wconf 86' lang='lat' dir='ltr'><strong>Joannis,</strong></span> <span class='ocrx_word' id='word_1_57' title='bbox 1086 811 1212 866; x_wconf 85' lang='lat' dir='ltr'><strong>cap,</strong></span> <span class='ocrx_word' id='word_1_58' title='bbox 1250 796 1333 859; x_wconf 87' lang='grc'><strong>10,</strong></span> <span class='ocrx_word' id='word_1_59' title='bbox 1364 796 1396 863; x_wconf 58' lang='lat' dir='ltr'><strong>it</strong></span> <span class='ocrx_word' id='word_1_60' title='bbox 1426 796 1516 859; x_wconf 88' lang='grc'><strong>30,</strong></span> <span class='ocrx_word' id='word_1_61' title='bbox 1550 796 1654 864; x_wconf 88' lang='lat' dir='ltr'><strong>Ego</strong></span> <span class='ocrx_word' id='word_1_62' title='bbox 1710 800 1764 849; x_wconf 87' lang='lat' dir='ltr'><strong>et</strong></span> <span class='ocrx_word' id='word_1_63' title='bbox 1795 798 1963 849; x_wconf 88' lang='lat' dir='ltr'><strong>Pater</strong></span> <span class='ocrx_word' id='word_1_64' title='bbox 1992 812 2165 850; x_wconf 87' lang='lat' dir='ltr'><strong>unum</strong></span> <span class='ocrx_word' id='word_1_65' title='bbox 2194 813 2402 863; x_wconf 81' lang='lat' dir='ltr'><strong>sumus,</strong></span> <span class='ocrx_word' id='word_1_66' title='bbox 2461 799 2532 853; x_wconf 92' lang='lat' dir='ltr'><strong>de</strong></span> <span class='ocrx_word' id='word_1_67' title='bbox 2575 798 2939 854; x_wconf 85' lang='lat' dir='ltr'><strong>voluntatum</strong></span> <span class='ocrx_word' id='word_1_68' title='bbox 2991 805 3300 859; x_wconf 88' lang='lat' dir='ltr'><strong>concordia</strong></span> <span class='ocrx_word' id='word_1_69' title='bbox 3332 807 3585 879; x_wconf 86' lang='lat' dir='ltr'><strong>maligne</strong></span> 
     </span>
    </p>
   </div>
   <div class='ocr_carea' id='block_1_10' title="bbox 195 884 3586 959">
    <p class='ocr_par' dir='ltr' id='par_1_10' title="bbox 195 884 3586 959">
     <span class='ocr_line' id='line_1_10' title="bbox 195 884 3586 959; baseline 0.003 -17"><span class='ocrx_word' id='word_1_70' title='bbox 195 887 599 959; x_wconf 81' lang='lat' dir='ltr'><strong>interpretans,</strong></span> <span class='ocrx_word' id='word_1_71' title='bbox 634 886 1025 957; x_wconf 76' lang='lat' dir='ltr'><strong>respondebat</strong></span> <span class='ocrx_word' id='word_1_72' title='bbox 1053 884 1211 955; x_wconf 88' lang='lat' dir='ltr'><strong>ipsos</strong></span> <span class='ocrx_word' id='word_1_73' title='bbox 1244 884 1417 938; x_wconf 90' lang='lat' dir='ltr'><strong>etiam</strong></span> <span class='ocrx_word' id='word_1_74' title='bbox 1450 884 1756 955; x_wconf 89' lang='lat' dir='ltr'><strong>Apostolos</strong></span> <span class='ocrx_word' id='word_1_75' title='bbox 1788 901 1969 939; x_wconf 90' lang='lat' dir='ltr'><strong>unum</strong></span> <span class='ocrx_word' id='word_1_76' title='bbox 1999 901 2127 940; x_wconf 87' lang='lat' dir='ltr'><strong>esse</strong></span> <span class='ocrx_word' id='word_1_77' title='bbox 2158 902 2289 940; x_wconf 91' lang='lat' dir='ltr'><strong>cum</strong></span> <span class='ocrx_word' id='word_1_78' title='bbox 2326 887 2490 942; x_wconf 89' lang='lat' dir='ltr'><strong>Patre</strong></span> <span class='ocrx_word' id='word_1_79' title='bbox 2521 892 2578 942; x_wconf 83' lang='lat' dir='ltr'><strong>et</strong></span> <span class='ocrx_word' id='word_1_80' title='bbox 2610 888 2771 955; x_wconf 78' lang='lat' dir='ltr'><strong>Fllio,</strong></span> <span class='ocrx_word' id='word_1_81' title='bbox 2803 890 2941 959; x_wconf 83' lang='lat' dir='ltr'><strong>quia</strong></span> <span class='ocrx_word' id='word_1_82' title='bbox 2971 891 3253 947; x_wconf 84' lang='lat' dir='ltr'><strong>voluntati</strong></span> <span class='ocrx_word' id='word_1_83' title='bbox 3286 895 3475 951; x_wconf 87' lang='lat' dir='ltr'><strong>Patris</strong></span> <span class='ocrx_word' id='word_1_84' title='bbox 3527 902 3586 952; x_wconf 87' lang='lat' dir='ltr'><strong>et</strong></span> 
     </span>
    </p>
   </div>
   <div class='ocr_carea' id='block_1_11' title="bbox 194 972 3157 1048">
    <p class='ocr_par' dir='ltr' id='par_1_11' title="bbox 194 972 3157 1048">
     <span class='ocr_line' id='line_1_11' title="bbox 194 972 3157 1048; baseline 0 -16"><span class='ocrx_word' id='word_1_85' title='bbox 194 976 320 1048; x_wconf 83' lang='lat' dir='ltr'><strong>Filii</strong></span> <span class='ocrx_word' id='word_1_86' title='bbox 343 977 763 1046; x_wconf 86' lang='lat' dir='ltr'><strong>obsequantur.</strong></span> <span class='ocrx_word' id='word_1_87' title='bbox 797 975 890 1029; x_wconf 88' lang='lat' dir='ltr'><strong>Sic</strong></span> <span class='ocrx_word' id='word_1_88' title='bbox 922 972 1018 1028; x_wconf 89' lang='lat' dir='ltr'><strong>ille</strong></span> <span class='ocrx_word' id='word_1_89' title='bbox 1052 972 1417 1044; x_wconf 89' lang='lat' dir='ltr'><strong>blasphemat</strong></span> <span class='ocrx_word' id='word_1_90' title='bbox 1448 973 1505 1026; x_wconf 94' lang='lat' dir='ltr'><strong>in</strong></span> <span class='ocrx_word' id='word_1_91' title='bbox 1540 973 1645 1027; x_wconf 91' lang='lat' dir='ltr'><strong>bac</strong></span> <span class='ocrx_word' id='word_1_92' title='bbox 1677 972 2011 1039; x_wconf 86' lang='lat' dir='ltr'><strong>Collatione,</strong></span> <span class='ocrx_word' id='word_1_93' title='bbox 2056 975 2452 1045; x_wconf 86' lang='lat' dir='ltr'><strong>disputatione</strong></span> <span class='ocrx_word' id='word_1_94' title='bbox 2485 994 2593 1031; x_wconf 89' lang='lat' dir='ltr'><strong>sua</strong></span> <span class='ocrx_word' id='word_1_95' title='bbox 2624 982 2939 1048; x_wconf 84' lang='lat' dir='ltr'><strong>postrema,</strong></span> <span class='ocrx_word' id='word_1_96' title='bbox 2973 996 3036 1044; x_wconf 85' lang='lat' dir='ltr'><strong>II,</strong></span> <span class='ocrx_word' id='word_1_97' title='bbox 3068 981 3157 1033; x_wconf 78' lang='lat'><strong>22.</strong></span> 
     </span>
    </p>
   </div>
   <div class='ocr_carea' id='block_1_12' title="bbox 262 1061 3587 1145">
    <p class='ocr_par' dir='ltr' id='par_1_12' title="bbox 262 1061 3587 1145">
     <span class='ocr_line' id='line_1_12' title="bbox 262 1061 3587 1145; baseline 0.003 -26"><span class='ocrx_word' id='word_1_98' title='bbox 262 1071 337 1121; x_wconf 90' lang='lat' dir='ltr'><strong>De</strong></span> <span class='ocrx_word' id='word_1_99' title='bbox 367 1065 569 1120; x_wconf 90' lang='lat' dir='ltr'><strong>eadem</strong></span> <span class='ocrx_word' id='word_1_100' title='bbox 601 1063 917 1120; x_wconf 90' lang='lat' dir='ltr'><strong>Collatione</strong></span> <span class='ocrx_word' id='word_1_101' title='bbox 966 1062 1265 1117; x_wconf 89' lang='lat' dir='ltr'><strong>Possidius</strong></span> <span class='ocrx_word' id='word_1_102' title='bbox 1296 1062 1353 1115; x_wconf 87' lang='lat' dir='ltr'><strong>in</strong></span> <span class='ocrx_word' id='word_1_103' title='bbox 1387 1061 1702 1132; x_wconf 84' lang='lat' dir='ltr'><strong>Augustini</strong></span> <span class='ocrx_word' id='word_1_104' title='bbox 1746 1061 1894 1132; x_wconf 89' lang='lat' dir='ltr'><strong>Vita,</strong></span> <span class='ocrx_word' id='word_1_105' title='bbox 1940 1079 2067 1134; x_wconf 90' lang='lat' dir='ltr'><strong>cap.</strong></span> <span class='ocrx_word' id='word_1_106' title='bbox 2102 1064 2167 1117; x_wconf 86' lang='grc'><strong>17</strong></span> <span class='ocrx_word' id='word_1_107' title='bbox 2202 1082 2215 1119; x_wconf 91' lang='lat'><strong>:</strong></span> <span class='ocrx_word' id='word_1_108' title='bbox 2253 1065 2389 1119; x_wconf 85' lang='lat' dir='ltr'><strong>Cum</strong></span> <span class='ocrx_word' id='word_1_109' title='bbox 2430 1068 2673 1136; x_wconf 88' lang='lat' dir='ltr'><strong>ipsorum</strong></span> <span class='ocrx_word' id='word_1_110' title='bbox 2720 1082 2926 1138; x_wconf 87' lang='lat' dir='ltr'><strong>quoque</strong></span> <span class='ocrx_word' id='word_1_111' title='bbox 2975 1071 3317 1125; x_wconf 72' lang='lat' dir='ltr'><strong>Arianorum</strong></span> <span class='ocrx_word' id='word_1_112' title='bbox 3343 1076 3587 1145; x_wconf 87' lang='lat' dir='ltr'><strong>episcopo</strong></span> 
     </span>
    </p>
   </div>
   <div class='ocr_carea' id='block_1_13' title="bbox 196 1151 3590 1231">
    <p class='ocr_par' dir='ltr' id='par_1_13' title="bbox 196 1151 3590 1231">
     <span class='ocr_line' id='line_1_13' title="bbox 196 1151 3590 1231; baseline 0.003 -22"><span class='ocrx_word' id='word_1_113' title='bbox 196 1154 419 1227; x_wconf 87' lang='lat' dir='ltr'><strong>quodam</strong></span> <span class='ocrx_word' id='word_1_114' title='bbox 440 1154 746 1209; x_wconf 69' lang='lat' dir='ltr'><strong>Maximino</strong></span> <span class='ocrx_word' id='word_1_115' title='bbox 768 1169 892 1208; x_wconf 89' lang='lat' dir='ltr'><strong>cum</strong></span> <span class='ocrx_word' id='word_1_116' title='bbox 916 1151 1101 1208; x_wconf 86' lang='lat' dir='ltr'><strong>Gothis</strong></span> <span class='ocrx_word' id='word_1_117' title='bbox 1131 1152 1203 1207; x_wconf 91' lang='lat' dir='ltr'><strong>ad</strong></span> <span class='ocrx_word' id='word_1_118' title='bbox 1225 1154 1472 1222; x_wconf 80' lang='lat' dir='ltr'><strong>Africam</strong></span> <span class='ocrx_word' id='word_1_119' title='bbox 1490 1152 1912 1222; x_wconf 74' lang='lat' dir='ltr'><strong>veniente,apud</strong></span> <span class='ocrx_word' id='word_1_120' title='bbox 1940 1154 2236 1223; x_wconf 78' lang='lat' dir='ltr'><strong>Hipponem</strong></span> <span class='ocrx_word' id='word_1_121' title='bbox 2266 1171 2431 1225; x_wconf 90' lang='lat' dir='ltr'><strong>quam</strong></span> <span class='ocrx_word' id='word_1_122' title='bbox 2458 1156 2717 1221; x_wconf 78' lang='lat' dir='ltr'><strong>plurimis</strong></span> <span class='ocrx_word' id='word_1_123' title='bbox 2745 1156 3050 1212; x_wconf 86' lang='lat' dir='ltr'><strong>volentibus</strong></span> <span class='ocrx_word' id='word_1_124' title='bbox 3081 1163 3238 1231; x_wconf 87' lang='lat' dir='ltr'><strong>atque</strong></span> <span class='ocrx_word' id='word_1_125' title='bbox 3266 1165 3590 1230; x_wconf 73' lang='lat' dir='ltr'><strong>petentibus,</strong></span> 
     </span>
    </p>
   </div>
   <div class='ocr_carea' id='block_1_14' title="bbox 193 1239 3593 1322">
    <p class='ocr_par' dir='ltr' id='par_1_14' title="bbox 193 1239 3593 1322">
     <span class='ocr_line' id='line_1_14' title="bbox 193 1239 3593 1322; baseline 0.002 -23"><span class='ocrx_word' id='word_1_126' title='bbox 193 1252 241 1299; x_wconf 88' lang='lat' dir='ltr'><strong>et</strong></span> <span class='ocrx_word' id='word_1_127' title='bbox 266 1243 553 1313; x_wconf 61' lang='lat' dir='ltr'><strong>praeclaris</strong></span> <span class='ocrx_word' id='word_1_128' title='bbox 582 1241 916 1313; x_wconf 76' lang='lat' dir='ltr'><strong>interpositis</strong></span> <span class='ocrx_word' id='word_1_129' title='bbox 944 1242 1080 1295; x_wconf 84' lang='lat' dir='ltr'><strong>viris</strong></span> <span class='ocrx_word' id='word_1_130' title='bbox 1107 1241 1376 1305; x_wconf 79' lang='lat' dir='ltr'><strong>contulit;</strong></span> <span class='ocrx_word' id='word_1_131' title='bbox 1406 1248 1457 1294; x_wconf 90' lang='lat' dir='ltr'><strong>et</strong></span> <span class='ocrx_word' id='word_1_132' title='bbox 1487 1239 1617 1309; x_wconf 86' lang='lat' dir='ltr'><strong>quid</strong></span> <span class='ocrx_word' id='word_1_133' title='bbox 1644 1241 1878 1309; x_wconf 69' lang='lat' dir='ltr'><strong>singulae</strong></span> <span class='ocrx_word' id='word_1_134' title='bbox 1908 1243 2181 1296; x_wconf 84' lang='lat' dir='ltr'><strong>assuerint</strong></span> <span class='ocrx_word' id='word_1_135' title='bbox 2207 1249 2412 1310; x_wconf 87' lang='lat' dir='ltr'><strong>partes,</strong></span> <span class='ocrx_word' id='word_1_136' title='bbox 2444 1244 2711 1312; x_wconf 86' lang='lat' dir='ltr'><strong>scriptum</strong></span> <span class='ocrx_word' id='word_1_137' title='bbox 2736 1252 2831 1299; x_wconf 89' lang='lat' dir='ltr'><strong>est.</strong></span> <span class='ocrx_word' id='word_1_138' title='bbox 2868 1244 2997 1311; x_wconf 60' lang='lat' dir='ltr'><strong>Qum</strong></span> <span class='ocrx_word' id='word_1_139' title='bbox 3025 1248 3077 1300; x_wconf 90' lang='lat' dir='ltr'><strong>si</strong></span> <span class='ocrx_word' id='word_1_140' title='bbox 3105 1247 3338 1304; x_wconf 85' lang='lat' dir='ltr'><strong>studiosi</strong></span> <span class='ocrx_word' id='word_1_141' title='bbox 3352 1249 3593 1322; x_wconf 86' lang='lat' dir='ltr'><strong>diligen-</strong></span> 
     </span>
    </p>
   </div>
   <div class='ocr_carea' id='block_1_15' title="bbox 195 1328 3593 1403">
    <p class='ocr_par' dir='ltr' id='par_1_15' title="bbox 195 1328 3593 1403">
     <span class='ocr_line' id='line_1_15' title="bbox 195 1328 3593 1403; baseline 0.002 -15"><span class='ocrx_word' id='word_1_142' title='bbox 195 1341 271 1389; x_wconf 88' lang='lat' dir='ltr'><strong>ter</strong></span> <span class='ocrx_word' id='word_1_143' title='bbox 299 1333 472 1403; x_wconf 84' lang='lat' dir='ltr'><strong>legere</strong></span> <span class='ocrx_word' id='word_1_144' title='bbox 499 1334 834 1398; x_wconf 80' lang='lat' dir='ltr'><strong>curaverint,</strong></span> <span class='ocrx_word' id='word_1_145' title='bbox 867 1330 1067 1401; x_wconf 82' lang='lat' dir='ltr'><strong>procul</strong></span> <span class='ocrx_word' id='word_1_146' title='bbox 1096 1329 1262 1384; x_wconf 82' lang='lat' dir='ltr'><strong>dubio</strong></span> <span class='ocrx_word' id='word_1_147' title='bbox 1284 1328 1644 1399; x_wconf 87' lang='lat' dir='ltr'><strong>indagabunt,</strong></span> <span class='ocrx_word' id='word_1_148' title='bbox 1678 1330 1761 1383; x_wconf 88' lang='lat' dir='ltr'><strong>vel</strong></span> <span class='ocrx_word' id='word_1_149' title='bbox 1785 1328 1913 1398; x_wconf 88' lang='lat' dir='ltr'><strong>quid</strong></span> <span class='ocrx_word' id='word_1_150' title='bbox 1942 1330 2150 1385; x_wconf 86' lang='lat' dir='ltr'><strong>callida</strong></span> <span class='ocrx_word' id='word_1_151' title='bbox 2200 1339 2250 1385; x_wconf 88' lang='lat' dir='ltr'><strong>et</strong></span> <span class='ocrx_word' id='word_1_152' title='bbox 2270 1332 2645 1387; x_wconf 83' lang='lat' dir='ltr'><strong>irationabilis</strong></span> <span class='ocrx_word' id='word_1_153' title='bbox 2677 1331 2903 1388; x_wconf 59' lang='lat' dir='ltr'><strong>ha’resis</strong></span> <span class='ocrx_word' id='word_1_154' title='bbox 2932 1334 3001 1388; x_wconf 89' lang='lat' dir='ltr'><strong>ad</strong></span> <span class='ocrx_word' id='word_1_155' title='bbox 3042 1335 3406 1393; x_wconf 86' lang='lat' dir='ltr'><strong>seducendum</strong></span> <span class='ocrx_word' id='word_1_156' title='bbox 3432 1344 3483 1394; x_wconf 88' lang='lat' dir='ltr'><strong>et</strong></span> <span class='ocrx_word' id='word_1_157' title='bbox 3498 1341 3593 1396; x_wconf 86' lang='lat' dir='ltr'><strong>de-</strong></span> 
     </span>
    </p>
   </div>
   <div class='ocr_carea' id='block_1_16' title="bbox 194 1419 3594 1495">
    <p class='ocr_par' dir='ltr' id='par_1_16' title="bbox 194 1419 3594 1495">
     <span class='ocr_line' id='line_1_16' title="bbox 194 1419 3594 1495; baseline 0.003 -19"><span class='ocrx_word' id='word_1_158' title='bbox 194 1421 497 1493; x_wconf 86' lang='lat' dir='ltr'><strong>cipiendum</strong></span> <span class='ocrx_word' id='word_1_159' title='bbox 524 1423 866 1493; x_wconf 80' lang='lat' dir='ltr'><strong>proﬁteatur,</strong></span> <span class='ocrx_word' id='word_1_160' title='bbox 897 1419 987 1476; x_wconf 84' lang='lat' dir='ltr'><strong>vel</strong></span> <span class='ocrx_word' id='word_1_161' title='bbox 1016 1419 1147 1491; x_wconf 90' lang='lat' dir='ltr'><strong>quid</strong></span> <span class='ocrx_word' id='word_1_162' title='bbox 1178 1419 1417 1473; x_wconf 85' lang='lat' dir='ltr'><strong>Ecclesia</strong></span> <span class='ocrx_word' id='word_1_163' title='bbox 1446 1419 1719 1473; x_wconf 86' lang='lat' dir='ltr'><strong>catholica</strong></span> <span class='ocrx_word' id='word_1_164' title='bbox 1748 1419 1816 1473; x_wconf 84' lang='lat' dir='ltr'><strong>de</strong></span> <span class='ocrx_word' id='word_1_165' title='bbox 1840 1419 2034 1473; x_wconf 87' lang='lat' dir='ltr'><strong>divina</strong></span> <span class='ocrx_word' id='word_1_166' title='bbox 2067 1428 2242 1474; x_wconf 87' lang='lat' dir='ltr'><strong>teneat</strong></span> <span class='ocrx_word' id='word_1_167' title='bbox 2270 1424 2320 1473; x_wconf 86' lang='lat' dir='ltr'><strong>et</strong></span> <span class='ocrx_word' id='word_1_168' title='bbox 2348 1423 2611 1490; x_wconf 75' lang='lat' dir='ltr'><strong>praedicet</strong></span> <span class='ocrx_word' id='word_1_169' title='bbox 2642 1423 2930 1477; x_wconf 87' lang='lat' dir='ltr'><strong>Trinitate.</strong></span> <span class='ocrx_word' id='word_1_170' title='bbox 2957 1424 3057 1478; x_wconf 84' lang='lat' dir='ltr'><strong>Sed</strong></span> <span class='ocrx_word' id='word_1_171' title='bbox 3075 1429 3329 1495; x_wconf 86' lang='lat' dir='ltr'><strong>quoniam</strong></span> <span class='ocrx_word' id='word_1_172' title='bbox 3360 1429 3459 1484; x_wconf 87' lang='lat' dir='ltr'><strong>ille</strong></span> <span class='ocrx_word' id='word_1_173' title='bbox 3477 1430 3594 1487; x_wconf 72' lang='lat' dir='ltr'><strong>hae-</strong></span> 
     </span>
    </p>
   </div>
   <div class='ocr_carea' id='block_1_17' title="bbox 194 1507 3595 1586">
    <p class='ocr_par' dir='ltr' id='par_1_17' title="bbox 194 1507 3595 1586">
     <span class='ocr_line' id='line_1_17' title="bbox 194 1507 3595 1586; baseline 0.002 -20"><span class='ocrx_word' id='word_1_174' title='bbox 194 1512 416 1566; x_wconf 86' lang='lat' dir='ltr'><strong>recticus</strong></span> <span class='ocrx_word' id='word_1_175' title='bbox 448 1512 518 1566; x_wconf 87' lang='lat' dir='ltr'><strong>de</strong></span> <span class='ocrx_word' id='word_1_176' title='bbox 538 1513 785 1582; x_wconf 83' lang='lat' dir='ltr'><strong>Hippone</strong></span> <span class='ocrx_word' id='word_1_177' title='bbox 808 1509 1023 1565; x_wconf 77' lang='lat' dir='ltr'><strong>rediens</strong></span> <span class='ocrx_word' id='word_1_178' title='bbox 1052 1509 1128 1564; x_wconf 89' lang='lat' dir='ltr'><strong>ad</strong></span> <span class='ocrx_word' id='word_1_179' title='bbox 1143 1508 1552 1577; x_wconf 83' lang='lat' dir='ltr'><strong>Carthaginem,</strong></span> <span class='ocrx_word' id='word_1_180' title='bbox 1586 1510 1653 1562; x_wconf 86' lang='lat' dir='ltr'><strong>de</strong></span> <span class='ocrx_word' id='word_1_181' title='bbox 1666 1524 1767 1562; x_wconf 83' lang='lat' dir='ltr'><strong>sua</strong></span> <span class='ocrx_word' id='word_1_182' title='bbox 1781 1508 1955 1562; x_wconf 87' lang='lat' dir='ltr'><strong>multa</strong></span> <span class='ocrx_word' id='word_1_183' title='bbox 1970 1509 2027 1562; x_wconf 90' lang='lat' dir='ltr'><strong>in</strong></span> <span class='ocrx_word' id='word_1_184' title='bbox 2041 1507 2681 1579; x_wconf 87' lang='lat' dir='ltr'><strong>collationeloquacitate</strong></span> <span class='ocrx_word' id='word_1_185' title='bbox 2694 1513 2956 1567; x_wconf 84' lang='lat' dir='ltr'><strong>victorem</strong></span> <span class='ocrx_word' id='word_1_186' title='bbox 2978 1512 3041 1567; x_wconf 88' lang='lat' dir='ltr'><strong>de</strong></span> <span class='ocrx_word' id='word_1_187' title='bbox 3052 1530 3108 1568; x_wconf 88' lang='lat' dir='ltr'><strong>se</strong></span> <span class='ocrx_word' id='word_1_188' title='bbox 3141 1517 3264 1586; x_wconf 89' lang='lat' dir='ltr'><strong>ipsa</strong></span> <span class='ocrx_word' id='word_1_189' title='bbox 3290 1518 3595 1574; x_wconf 85' lang='lat' dir='ltr'><strong>Collatione</strong></span> 
     </span>
    </p>
   </div>
   <div class='ocr_carea' id='block_1_18' title="bbox 196 1597 3594 1673">
    <p class='ocr_par' dir='ltr' id='par_1_18' title="bbox 196 1597 3594 1673">
     <span class='ocr_line' id='line_1_18' title="bbox 196 1597 3594 1673; baseline 0.002 -19"><span class='ocrx_word' id='word_1_190' title='bbox 196 1601 468 1655; x_wconf 83' lang='lat' dir='ltr'><strong>recessisse</strong></span> <span class='ocrx_word' id='word_1_191' title='bbox 482 1600 736 1670; x_wconf 88' lang='lat' dir='ltr'><strong>jactavit,</strong></span> <span class='ocrx_word' id='word_1_192' title='bbox 768 1608 819 1654; x_wconf 89' lang='lat' dir='ltr'><strong>et</strong></span> <span class='ocrx_word' id='word_1_193' title='bbox 848 1600 1107 1653; x_wconf 79' lang='lat' dir='ltr'><strong>mentitus</strong></span> <span class='ocrx_word' id='word_1_194' title='bbox 1128 1602 1245 1659; x_wconf 87' lang='lat' dir='ltr'><strong>est;</strong></span> <span class='ocrx_word' id='word_1_195' title='bbox 1267 1612 1383 1667; x_wconf 63' lang='lat' dir='ltr'><strong>qum</strong></span> <span class='ocrx_word' id='word_1_196' title='bbox 1407 1598 1593 1667; x_wconf 85' lang='lat' dir='ltr'><strong>utique</strong></span> <span class='ocrx_word' id='word_1_197' title='bbox 1615 1612 1723 1651; x_wconf 90' lang='lat' dir='ltr'><strong>non</strong></span> <span class='ocrx_word' id='word_1_198' title='bbox 1744 1598 1909 1665; x_wconf 80' lang='lat' dir='ltr'><strong>facile</strong></span> <span class='ocrx_word' id='word_1_199' title='bbox 1928 1613 1963 1651; x_wconf 89' lang='lat' dir='ltr'><strong>a</strong></span> <span class='ocrx_word' id='word_1_200' title='bbox 1991 1597 2198 1652; x_wconf 70' lang='lat' dir='ltr'><strong>divinae</strong></span> <span class='ocrx_word' id='word_1_201' title='bbox 2220 1598 2355 1665; x_wconf 81' lang='lat' dir='ltr'><strong>legis</strong></span> <span class='ocrx_word' id='word_1_202' title='bbox 2378 1600 2589 1668; x_wconf 78' lang='lat' dir='ltr'><strong>ignaris</strong></span> <span class='ocrx_word' id='word_1_203' title='bbox 2619 1602 2940 1654; x_wconf 75' lang='lat' dir='ltr'><strong>examinari</strong></span> <span class='ocrx_word' id='word_1_204' title='bbox 2954 1606 3007 1655; x_wconf 87' lang='lat' dir='ltr'><strong>et</strong></span> <span class='ocrx_word' id='word_1_205' title='bbox 3026 1602 3323 1669; x_wconf 79' lang='lat' dir='ltr'><strong>diiudicari</strong></span> <span class='ocrx_word' id='word_1_206' title='bbox 3336 1611 3552 1673; x_wconf 85' lang='lat' dir='ltr'><strong>possent</strong></span> <span class='ocrx_word' id='word_1_207' title='bbox 3574 1633 3594 1673; x_wconf 74' lang='lat'><strong>,-</strong></span> 
     </span>
    </p>
   </div>
   <div class='ocr_carea' id='block_1_19' title="bbox 196 1685 3593 1766">
    <p class='ocr_par' dir='ltr' id='par_1_19' title="bbox 196 1685 3593 1766">
     <span class='ocr_line' id='line_1_19' title="bbox 196 1685 3593 1766; baseline 0.002 -21"><span class='ocrx_word' id='word_1_208' title='bbox 196 1706 233 1745; x_wconf 86' lang='lat' dir='ltr'><strong>a</strong></span> <span class='ocrx_word' id='word_1_209' title='bbox 262 1688 562 1743; x_wconf 86' lang='lat' dir='ltr'><strong>venerabili</strong></span> <span class='ocrx_word' id='word_1_210' title='bbox 592 1690 708 1743; x_wconf 89' lang='lat' dir='ltr'><strong>viro</strong></span> <span class='ocrx_word' id='word_1_211' title='bbox 738 1688 1040 1758; x_wconf 83' lang='lat' dir='ltr'><strong>Augustino</strong></span> <span class='ocrx_word' id='word_1_212' title='bbox 1070 1688 1345 1758; x_wconf 86' lang='lat' dir='ltr'><strong>sequentis</strong></span> <span class='ocrx_word' id='word_1_213' title='bbox 1376 1688 1633 1756; x_wconf 88' lang='lat' dir='ltr'><strong>temporis</strong></span> <span class='ocrx_word' id='word_1_214' title='bbox 1664 1687 1809 1753; x_wconf 80' lang='lat' dir='ltr'><strong>stilo,</strong></span> <span class='ocrx_word' id='word_1_215' title='bbox 1841 1692 1893 1741; x_wconf 88' lang='lat' dir='ltr'><strong>et</strong></span> <span class='ocrx_word' id='word_1_216' title='bbox 1936 1685 2098 1741; x_wconf 88' lang='lat' dir='ltr'><strong>illius</strong></span> <span class='ocrx_word' id='word_1_217' title='bbox 2130 1688 2292 1740; x_wconf 87' lang='lat' dir='ltr'><strong>totius</strong></span> <span class='ocrx_word' id='word_1_218' title='bbox 2320 1685 2642 1742; x_wconf 81' lang='lat' dir='ltr'><strong>Cottationis</strong></span> <span class='ocrx_word' id='word_1_219' title='bbox 2675 1690 2738 1743; x_wconf 75' lang='lat' dir='ltr'><strong>de</strong></span> <span class='ocrx_word' id='word_1_220' title='bbox 2766 1690 2998 1759; x_wconf 84' lang='lat' dir='ltr'><strong>singulis</strong></span> <span class='ocrx_word' id='word_1_221' title='bbox 3030 1692 3258 1761; x_wconf 80' lang='lat' dir='ltr'><strong>objectis</strong></span> <span class='ocrx_word' id='word_1_222' title='bbox 3287 1702 3338 1749; x_wconf 89' lang='lat' dir='ltr'><strong>et</strong></span> <span class='ocrx_word' id='word_1_223' title='bbox 3368 1712 3593 1766; x_wconf 86' lang='lat' dir='ltr'><strong>respon-</strong></span> 
     </span>
    </p>
   </div>
   <div class='ocr_carea' id='block_1_20' title="bbox 195 1773 3592 1851">
    <p class='ocr_par' dir='ltr' id='par_1_20' title="bbox 195 1773 3592 1851">
     <span class='ocr_line' id='line_1_20' title="bbox 195 1773 3592 1851; baseline 0.003 -19"><span class='ocrx_word' id='word_1_224' title='bbox 195 1778 266 1832; x_wconf 89' lang='lat' dir='ltr'><strong>sis</strong></span> <span class='ocrx_word' id='word_1_225' title='bbox 300 1780 447 1847; x_wconf 80' lang='lat' dir='ltr'><strong>facta</strong></span> <span class='ocrx_word' id='word_1_226' title='bbox 475 1780 552 1831; x_wconf 85' lang='lat' dir='ltr'><strong>est</strong></span> <span class='ocrx_word' id='word_1_227' title='bbox 580 1777 983 1846; x_wconf 83' lang='lat' dir='ltr'><strong>recapitulatzo,</strong></span> <span class='ocrx_word' id='word_1_228' title='bbox 1014 1784 1064 1830; x_wconf 89' lang='lat' dir='ltr'><strong>et</strong></span> <span class='ocrx_word' id='word_1_229' title='bbox 1098 1790 1262 1846; x_wconf 88' lang='lat' dir='ltr'><strong>quam</strong></span> <span class='ocrx_word' id='word_1_230' title='bbox 1289 1776 1434 1829; x_wconf 87' lang='lat' dir='ltr'><strong>nihil</strong></span> <span class='ocrx_word' id='word_1_231' title='bbox 1463 1773 1563 1829; x_wconf 88' lang='lat' dir='ltr'><strong>ille</strong></span> <span class='ocrx_word' id='word_1_232' title='bbox 1594 1775 1812 1845; x_wconf 88' lang='lat' dir='ltr'><strong>objectis</strong></span> <span class='ocrx_word' id='word_1_233' title='bbox 1834 1777 2050 1845; x_wconf 76' lang='lat' dir='ltr'><strong>referre</strong></span> <span class='ocrx_word' id='word_1_234' title='bbox 2084 1777 2335 1845; x_wconf 86' lang='lat' dir='ltr'><strong>potuerit,</strong></span> <span class='ocrx_word' id='word_1_235' title='bbox 2362 1776 2740 1832; x_wconf 83' lang='lat' dir='ltr'><strong>nihilominus</strong></span> <span class='ocrx_word' id='word_1_236' title='bbox 2787 1778 3216 1835; x_wconf 85' lang='lat' dir='ltr'><strong>demonstratum</strong></span> <span class='ocrx_word' id='word_1_237' title='bbox 3258 1792 3358 1851; x_wconf 89' lang='lat' dir='ltr'><strong>est,</strong></span> <span class='ocrx_word' id='word_1_238' title='bbox 3390 1785 3592 1841; x_wconf 81' lang='lat' dir='ltr'><strong>additis</strong></span> 
     </span>
    </p>
   </div>
   <div class='ocr_carea' id='block_1_21' title="bbox 196 1864 3594 1944">
    <p class='ocr_par' dir='ltr' id='par_1_21' title="bbox 196 1864 3594 1944">
     <span class='ocr_line' id='line_1_21' title="bbox 196 1864 3594 1944; baseline 0.003 -23"><span class='ocrx_word' id='word_1_239' title='bbox 196 1866 601 1937; x_wconf 87' lang='lat' dir='ltr'><strong>supplementis,</strong></span> <span class='ocrx_word' id='word_1_240' title='bbox 633 1880 757 1936; x_wconf 78' lang='lat' dir='ltr'><strong>quae</strong></span> <span class='ocrx_word' id='word_1_241' title='bbox 783 1867 837 1919; x_wconf 90' lang='lat' dir='ltr'><strong>in</strong></span> <span class='ocrx_word' id='word_1_242' title='bbox 871 1869 1119 1933; x_wconf 86' lang='lat' dir='ltr'><strong>tempore</strong></span> <span class='ocrx_word' id='word_1_243' title='bbox 1176 1864 1503 1919; x_wconf 86' lang='lat' dir='ltr'><strong>Collationis</strong></span> <span class='ocrx_word' id='word_1_244' title='bbox 1535 1870 1763 1933; x_wconf 82' lang='lat' dir='ltr'><strong>angusto</strong></span> <span class='ocrx_word' id='word_1_245' title='bbox 1789 1875 1989 1919; x_wconf 85' lang='lat' dir='ltr'><strong>cuncta</strong></span> <span class='ocrx_word' id='word_1_246' title='bbox 2011 1866 2209 1934; x_wconf 77' lang='lat' dir='ltr'><strong>inferri</strong></span> <span class='ocrx_word' id='word_1_247' title='bbox 2239 1873 2292 1920; x_wconf 87' lang='lat' dir='ltr'><strong>et</strong></span> <span class='ocrx_word' id='word_1_248' title='bbox 2319 1865 2483 1920; x_wconf 83' lang='lat' dir='ltr'><strong>scribi</strong></span> <span class='ocrx_word' id='word_1_249' title='bbox 2511 1867 2743 1921; x_wconf 87' lang='lat' dir='ltr'><strong>minime</strong></span> <span class='ocrx_word' id='word_1_250' title='bbox 2783 1869 3095 1937; x_wconf 85' lang='lat' dir='ltr'><strong>potuerimt.</strong></span> <span class='ocrx_word' id='word_1_251' title='bbox 3127 1872 3189 1925; x_wconf 90' lang='lat' dir='ltr'><strong>In</strong></span> <span class='ocrx_word' id='word_1_252' title='bbox 3224 1874 3372 1927; x_wconf 90' lang='lat' dir='ltr'><strong>enim</strong></span> <span class='ocrx_word' id='word_1_253' title='bbox 3400 1882 3594 1944; x_wconf 85' lang='lat' dir='ltr'><strong>egerat</strong></span> 
     </span>
    </p>
   </div>
   <div class='ocr_carea' id='block_1_22' title="bbox 196 1953 3592 2030">
    <p class='ocr_par' dir='ltr' id='par_1_22' title="bbox 196 1953 3592 2030">
     <span class='ocr_line' id='line_1_22' title="bbox 196 1953 3592 2030; baseline 0.003 -21"><span class='ocrx_word' id='word_1_254' title='bbox 196 1956 435 2026; x_wconf 86' lang='lat' dir='ltr'><strong>nequitia</strong></span> <span class='ocrx_word' id='word_1_255' title='bbox 465 1954 725 2023; x_wconf 85' lang='lat' dir='ltr'><strong>hominis,</strong></span> <span class='ocrx_word' id='word_1_256' title='bbox 759 1962 818 2009; x_wconf 86' lang='lat' dir='ltr'><strong>ut</strong></span> <span class='ocrx_word' id='word_1_257' title='bbox 845 1970 945 2009; x_wconf 90' lang='lat' dir='ltr'><strong>sua</strong></span> <span class='ocrx_word' id='word_1_258' title='bbox 974 1954 1271 2009; x_wconf 87' lang='lat' dir='ltr'><strong>novissima</strong></span> <span class='ocrx_word' id='word_1_259' title='bbox 1295 1955 1671 2022; x_wconf 86' lang='lat' dir='ltr'><strong>prosecutione</strong></span> <span class='ocrx_word' id='word_1_260' title='bbox 1709 1954 1880 2007; x_wconf 86' lang='lat' dir='ltr'><strong>multo</strong></span> <span class='ocrx_word' id='word_1_261' title='bbox 1917 1953 2241 2021; x_wconf 87' lang='lat' dir='ltr'><strong>longissima</strong></span> <span class='ocrx_word' id='word_1_262' title='bbox 2269 1958 2440 2009; x_wconf 86' lang='lat' dir='ltr'><strong>totum</strong></span> <span class='ocrx_word' id='word_1_263' title='bbox 2468 1954 2608 2024; x_wconf 90' lang='lat' dir='ltr'><strong>quod</strong></span> <span class='ocrx_word' id='word_1_264' title='bbox 2646 1966 2984 2011; x_wconf 81' lang='lat' dir='ltr'><strong>remanserat</strong></span> <span class='ocrx_word' id='word_1_265' title='bbox 3026 1958 3139 2013; x_wconf 90' lang='lat' dir='ltr'><strong>diei</strong></span> <span class='ocrx_word' id='word_1_266' title='bbox 3163 1963 3404 2030; x_wconf 88' lang='lat' dir='ltr'><strong>spatium</strong></span> <span class='ocrx_word' id='word_1_267' title='bbox 3431 1979 3592 2018; x_wconf 88' lang='lat' dir='ltr'><strong>occu-</strong></span> 
     </span>
    </p>
   </div>
   <div class='ocr_carea' id='block_1_23' title="bbox 197 2041 3593 2122">
    <p class='ocr_par' dir='ltr' id='par_1_23' title="bbox 197 2041 3593 2122">
     <span class='ocr_line' id='line_1_23' title="bbox 197 2041 3593 2122; baseline 0.003 -23"><span class='ocrx_word' id='word_1_268' title='bbox 197 2053 365 2116; x_wconf 82' lang='lat' dir='ltr'><strong>paret.</strong></span> <span class='ocrx_word' id='word_1_269' title='bbox 402 2044 469 2099; x_wconf 88' lang='lat' dir='ltr'><strong>Et</strong></span> <span class='ocrx_word' id='word_1_270' title='bbox 500 2044 558 2099; x_wconf 92' lang='lat' dir='ltr'><strong>in</strong></span> <span class='ocrx_word' id='word_1_271' title='bbox 582 2043 863 2113; x_wconf 85' lang='lat' dir='ltr'><strong>Indiculo,</strong></span> <span class='ocrx_word' id='word_1_272' title='bbox 898 2060 1024 2114; x_wconf 88' lang='lat' dir='ltr'><strong>cap.</strong></span> <span class='ocrx_word' id='word_1_273' title='bbox 1057 2044 1116 2109; x_wconf 91' lang='lat'><strong>5,</strong></span> <span class='ocrx_word' id='word_1_274' title='bbox 1150 2047 1501 2111; x_wconf 87' lang='lat' dir='ltr'><strong>resensetur,</strong></span> <span class='ocrx_word' id='word_1_275' title='bbox 1538 2041 1767 2098; x_wconf 86' lang='lat' dir='ltr'><strong>Collatia</strong></span> <span class='ocrx_word' id='word_1_276' title='bbox 1796 2058 1921 2097; x_wconf 89' lang='lat' dir='ltr'><strong>cum</strong></span> <span class='ocrx_word' id='word_1_277' title='bbox 1952 2043 2187 2098; x_wconf 69' lang='lat' dir='ltr'><strong>Maximo</strong></span> <span class='ocrx_word' id='word_1_278' title='bbox 2208 2044 2544 2099; x_wconf 80' lang='lat' dir='ltr'><strong>Arianorum</strong></span> <span class='ocrx_word' id='word_1_279' title='bbox 2573 2045 2819 2116; x_wconf 79' lang='lat' dir='ltr'><strong>episcOpo</strong></span> <span class='ocrx_word' id='word_1_280' title='bbox 2855 2063 2868 2101; x_wconf 88' lang='lat'><strong>:</strong></span> <span class='ocrx_word' id='word_1_281' title='bbox 2900 2053 2956 2100; x_wconf 89' lang='lat' dir='ltr'><strong>et</strong></span> <span class='ocrx_word' id='word_1_282' title='bbox 2985 2048 3281 2119; x_wconf 89' lang='lat' dir='ltr'><strong>continuo,</strong></span> <span class='ocrx_word' id='word_1_283' title='bbox 3316 2051 3397 2105; x_wconf 85' lang='lat' dir='ltr'><strong>Ad</strong></span> <span class='ocrx_word' id='word_1_284' title='bbox 3425 2068 3593 2122; x_wconf 83' lang='lat' dir='ltr'><strong>quem</strong></span> 
     </span>
    </p>
   </div>
   <div class='ocr_carea' id='block_1_24' title="bbox 197 2130 3598 2205">
    <p class='ocr_par' dir='ltr' id='par_1_24' title="bbox 197 2130 3598 2205">
     <span class='ocr_line' id='line_1_24' title="bbox 197 2130 3598 2205; baseline 0.003 -17"><span class='ocrx_word' id='word_1_285' title='bbox 197 2150 359 2205; x_wconf 85' lang='lat' dir='ltr'><strong>supra</strong></span> <span class='ocrx_word' id='word_1_286' title='bbox 393 2132 529 2188; x_wconf 82' lang='lat' dir='ltr'><strong>libri</strong></span> <span class='ocrx_word' id='word_1_287' title='bbox 556 2132 681 2189; x_wconf 89' lang='lat' dir='ltr'><strong>duo.</strong></span> <span class='ocrx_word' id='word_1_288' title='bbox 714 2132 825 2189; x_wconf 90' lang='lat' dir='ltr'><strong>Ubi</strong></span> <span class='ocrx_word' id='word_1_289' title='bbox 857 2132 1161 2188; x_wconf 85' lang='lat' dir='ltr'><strong>Possidius</strong></span> <span class='ocrx_word' id='word_1_290' title='bbox 1196 2149 1228 2186; x_wconf 90' lang='lat' dir='ltr'><strong>a</strong></span> <span class='ocrx_word' id='word_1_291' title='bbox 1258 2130 1574 2187; x_wconf 84' lang='lat' dir='ltr'><strong>Collatione</strong></span> <span class='ocrx_word' id='word_1_292' title='bbox 1606 2131 1865 2203; x_wconf 91' lang='lat' dir='ltr'><strong>sejungit</strong></span> <span class='ocrx_word' id='word_1_293' title='bbox 1910 2131 2109 2199; x_wconf 88' lang='lat' dir='ltr'><strong>libros,</strong></span> <span class='ocrx_word' id='word_1_294' title='bbox 2142 2133 2242 2203; x_wconf 89' lang='lat' dir='ltr'><strong>qui</strong></span> <span class='ocrx_word' id='word_1_295' title='bbox 2274 2132 2334 2187; x_wconf 90' lang='lat' dir='ltr'><strong>in</strong></span> <span class='ocrx_word' id='word_1_296' title='bbox 2367 2138 2500 2188; x_wconf 88' lang='lat' dir='ltr'><strong>ante</strong></span> <span class='ocrx_word' id='word_1_297' title='bbox 2530 2133 2704 2189; x_wconf 89' lang='lat' dir='ltr'><strong>editis</strong></span> <span class='ocrx_word' id='word_1_298' title='bbox 2735 2134 2820 2189; x_wconf 90' lang='lat' dir='ltr'><strong>sic</strong></span> <span class='ocrx_word' id='word_1_299' title='bbox 2852 2134 3040 2191; x_wconf 81' lang='lat' dir='ltr'><strong>eidem</strong></span> <span class='ocrx_word' id='word_1_300' title='bbox 3074 2136 3439 2195; x_wconf 72' lang='lat' dir='ltr'><strong>cohaerebant</strong></span> <span class='ocrx_word' id='word_1_301' title='bbox 3468 2140 3598 2196; x_wconf 87' lang='lat' dir='ltr'><strong>Col-</strong></span> 
     </span>
    </p>
   </div>
   <div class='ocr_carea' id='block_1_25' title="bbox 198 2218 3602 2295">
    <p class='ocr_par' dir='ltr' id='par_1_25' title="bbox 198 2218 3602 2295">
     <span class='ocr_line' id='line_1_25' title="bbox 198 2218 3602 2295; baseline 0.002 -18"><span class='ocrx_word' id='word_1_302' title='bbox 198 2221 414 2289; x_wconf 90' lang='lat' dir='ltr'><strong>lationi,</strong></span> <span class='ocrx_word' id='word_1_303' title='bbox 448 2227 512 2277; x_wconf 91' lang='lat' dir='ltr'><strong>ut</strong></span> <span class='ocrx_word' id='word_1_304' title='bbox 540 2221 662 2277; x_wconf 69' lang='grc' dir='ltr'><strong>1)ωο</strong></span> <span class='ocrx_word' id='word_1_305' title='bbox 692 2220 919 2294; x_wconf 90' lang='lat' dir='ltr'><strong>primus</strong></span> <span class='ocrx_word' id='word_1_306' title='bbox 948 2220 1114 2288; x_wconf 89' lang='lat' dir='ltr'><strong>liber,</strong></span> <span class='ocrx_word' id='word_1_307' title='bbox 1151 2219 1245 2275; x_wconf 91' lang='lat' dir='ltr'><strong>alii</strong></span> <span class='ocrx_word' id='word_1_308' title='bbox 1279 2221 1393 2275; x_wconf 90' lang='lat' dir='ltr'><strong>duo</strong></span> <span class='ocrx_word' id='word_1_309' title='bbox 1426 2218 1559 2274; x_wconf 87' lang='lat' dir='ltr'><strong>libri</strong></span> <span class='ocrx_word' id='word_1_310' title='bbox 1594 2221 1886 2275; x_wconf 89' lang='lat' dir='ltr'><strong>secundus</strong></span> <span class='ocrx_word' id='word_1_311' title='bbox 1918 2236 1983 2275; x_wconf 88' lang='lat' dir='ltr'><strong>ac</strong></span> <span class='ocrx_word' id='word_1_312' title='bbox 2013 2220 2221 2275; x_wconf 87' lang='lat' dir='ltr'><strong>tertius</strong></span> <span class='ocrx_word' id='word_1_313' title='bbox 2251 2219 2517 2292; x_wconf 89' lang='lat' dir='ltr'><strong>inscripti</strong></span> <span class='ocrx_word' id='word_1_314' title='bbox 2554 2221 2883 2292; x_wconf 85' lang='lat' dir='ltr'><strong>legerentur</strong></span> <span class='ocrx_word' id='word_1_315' title='bbox 2909 2240 2922 2279; x_wconf 91' lang='lat'><strong>:</strong></span> <span class='ocrx_word' id='word_1_316' title='bbox 2957 2240 3072 2295; x_wconf 93' lang='lat' dir='ltr'><strong>quo</strong></span> <span class='ocrx_word' id='word_1_317' title='bbox 3104 2241 3295 2281; x_wconf 88' lang='lat' dir='ltr'><strong>errore</strong></span> <span class='ocrx_word' id='word_1_318' title='bbox 3318 2230 3602 2285; x_wconf 85' lang='lat' dir='ltr'><strong>carebant</strong></span> 
     </span>
    </p>
   </div>
   <div class='ocr_carea' id='block_1_26' title="bbox 198 2308 3595 2389">
    <p class='ocr_par' dir='ltr' id='par_1_26' title="bbox 198 2308 3595 2389">
     <span class='ocr_line' id='line_1_26' title="bbox 198 2308 3595 2389; baseline 0.002 -22"><span class='ocrx_word' id='word_1_319' title='bbox 198 2316 412 2367; x_wconf 88' lang='lat' dir='ltr'><strong>veteres</strong></span> <span class='ocrx_word' id='word_1_320' title='bbox 442 2311 691 2378; x_wconf 87' lang='lat' dir='ltr'><strong>codices,</strong></span> <span class='ocrx_word' id='word_1_321' title='bbox 720 2315 846 2366; x_wconf 88' lang='lat' dir='ltr'><strong>tum</strong></span> <span class='ocrx_word' id='word_1_322' title='bbox 879 2310 1085 2378; x_wconf 86' lang='lat' dir='ltr'><strong>nostri,</strong></span> <span class='ocrx_word' id='word_1_323' title='bbox 1117 2314 1243 2365; x_wconf 89' lang='lat' dir='ltr'><strong>tum</strong></span> <span class='ocrx_word' id='word_1_324' title='bbox 1277 2308 1360 2363; x_wconf 91' lang='lat' dir='ltr'><strong>illi</strong></span> <span class='ocrx_word' id='word_1_325' title='bbox 1393 2326 1537 2380; x_wconf 91' lang='lat' dir='ltr'><strong>quos</strong></span> <span class='ocrx_word' id='word_1_326' title='bbox 1567 2308 1708 2363; x_wconf 89' lang='lat' dir='ltr'><strong>vidit</strong></span> <span class='ocrx_word' id='word_1_327' title='bbox 1737 2309 1892 2363; x_wconf 88' lang='lat' dir='ltr'><strong>Beda</strong></span> <span class='ocrx_word' id='word_1_328' title='bbox 1920 2325 2021 2364; x_wconf 92' lang='lat' dir='ltr'><strong>seu</strong></span> <span class='ocrx_word' id='word_1_329' title='bbox 2056 2309 2297 2377; x_wconf 88' lang='lat' dir='ltr'><strong>Florus;</strong></span> <span class='ocrx_word' id='word_1_330' title='bbox 2330 2308 2709 2365; x_wconf 88' lang='lat' dir='ltr'><strong>Collationem</strong></span> <span class='ocrx_word' id='word_1_331' title='bbox 2744 2311 2959 2384; x_wconf 85' lang='lat' dir='ltr'><strong>quippe</strong></span> <span class='ocrx_word' id='word_1_332' title='bbox 2989 2320 3185 2385; x_wconf 89' lang='lat' dir='ltr'><strong>aperte</strong></span> <span class='ocrx_word' id='word_1_333' title='bbox 3216 2316 3532 2389; x_wconf 86' lang='lat' dir='ltr'><strong>distinguit</strong></span> <span class='ocrx_word' id='word_1_334' title='bbox 3559 2336 3595 2375; x_wconf 90' lang='lat' dir='ltr'><strong>a</strong></span> 
     </span>
    </p>
   </div>
   <div class='ocr_carea' id='block_1_27' title="bbox 198 2397 3595 2478">
    <p class='ocr_par' dir='ltr' id='par_1_27' title="bbox 198 2397 3595 2478">
     <span class='ocr_line' id='line_1_27' title="bbox 198 2397 3595 2478; baseline 0.003 -23"><span class='ocrx_word' id='word_1_335' title='bbox 198 2399 357 2457; x_wconf 91' lang='lat' dir='ltr'><strong>libris</strong></span> <span class='ocrx_word' id='word_1_336' title='bbox 387 2406 589 2457; x_wconf 90' lang='lat' dir='ltr'><strong>contra</strong></span> <span class='ocrx_word' id='word_1_337' title='bbox 618 2400 1020 2468; x_wconf 82' lang='lat' dir='ltr'><strong>Maximinum,</strong></span> <span class='ocrx_word' id='word_1_338' title='bbox 1053 2400 1125 2456; x_wconf 91' lang='lat' dir='ltr'><strong>ad</strong></span> <span class='ocrx_word' id='word_1_339' title='bbox 1157 2403 1322 2455; x_wconf 86' lang='lat' dir='ltr'><strong>Rom.</strong></span> <span class='ocrx_word' id='word_1_340' title='bbox 1355 2415 1483 2470; x_wconf 89' lang='lat' dir='ltr'><strong>cap.</strong></span> <span class='ocrx_word' id='word_1_341' title='bbox 1515 2398 1571 2465; x_wconf 91' lang='lat'><strong>8,</strong></span> <span class='ocrx_word' id='word_1_342' title='bbox 1601 2397 1979 2454; x_wconf 90' lang='lat' dir='ltr'><strong>Posteriorem</strong></span> <span class='ocrx_word' id='word_1_343' title='bbox 2014 2398 2229 2453; x_wconf 91' lang='lat' dir='ltr'><strong>librum</strong></span> <span class='ocrx_word' id='word_1_344' title='bbox 2281 2415 2412 2454; x_wconf 91' lang='lat' dir='ltr'><strong>cum</strong></span> <span class='ocrx_word' id='word_1_345' title='bbox 2444 2399 2757 2471; x_wconf 86' lang='lat' dir='ltr'><strong>Augustini</strong></span> <span class='ocrx_word' id='word_1_346' title='bbox 2786 2400 2958 2457; x_wconf 88' lang='lat' dir='ltr'><strong>laude</strong></span> <span class='ocrx_word' id='word_1_347' title='bbox 3001 2403 3141 2458; x_wconf 89' lang='lat' dir='ltr'><strong>citat</strong></span> <span class='ocrx_word' id='word_1_348' title='bbox 3172 2406 3347 2461; x_wconf 88' lang='lat' dir='ltr'><strong>etiam</strong></span> <span class='ocrx_word' id='word_1_349' title='bbox 3368 2408 3595 2478; x_wconf 84' lang='lat' dir='ltr'><strong>Agatho</strong></span> 
     </span>
    </p>
   </div>
   <div class='ocr_carea' id='block_1_28' title="bbox 203 2489 1005 2563">
    <p class='ocr_par' dir='ltr' id='par_1_28' title="bbox 203 2489 1005 2563">
     <span class='ocr_line' id='line_1_28' title="bbox 203 2489 1005 2563; baseline -0.001 -18"><span class='ocrx_word' id='word_1_350' title='bbox 203 2505 344 2562; x_wconf 88' lang='lat' dir='ltr'><strong>papa</strong></span> <span class='ocrx_word' id='word_1_351' title='bbox 372 2491 435 2545; x_wconf 89' lang='lat' dir='ltr'><strong>in</strong></span> <span class='ocrx_word' id='word_1_352' title='bbox 466 2491 687 2563; x_wconf 79' lang='lat' dir='ltr'><strong>synodo</strong></span> <span class='ocrx_word' id='word_1_353' title='bbox 717 2491 772 2557; x_wconf 89' lang='lat'><strong>6,</strong></span> <span class='ocrx_word' id='word_1_354' title='bbox 806 2494 919 2545; x_wconf 87' lang='lat' dir='ltr'><strong>act.</strong></span> <span class='ocrx_word' id='word_1_355' title='bbox 951 2489 1005 2544; x_wconf 85' lang='grc'><strong>4.</strong></span> 
     </span>
    </p>
   </div>
   <div class='ocr_carea' id='block_1_29' title="bbox 1369 2610 3601 2641">
    <p class='ocr_par' dir='ltr' id='par_1_29' title="bbox 1369 2610 3601 2641">
     <span class='ocr_line' id='line_1_29' title="bbox 1369 2610 3601 2641; baseline 0.003 -8"><span class='ocrx_word' id='word_1_356' title='bbox 1369 2610 3601 2641; x_wconf 33' lang='grc' dir='ltr'><strong>ἡ</strong></span> 
     </span>
    </p>
   </div>
   <div class='ocr_carea' id='block_1_30' title="bbox 762 2744 3014 2882">
    <p class='ocr_par' dir='ltr' id='par_1_30' title="bbox 762 2744 3014 2882">
     <span class='ocr_line' id='line_1_30' title="bbox 762 2744 3014 2882; baseline -0.002 -1"><span class='ocrx_word' id='word_1_357' title='bbox 762 2750 919 2881; x_wconf 85' lang='lat' dir='ltr'><strong>S.</strong></span> <span class='ocrx_word' id='word_1_358' title='bbox 1010 2748 1824 2882; x_wconf 77' lang='lat' dir='ltr'><strong>AURELII</strong></span> <span class='ocrx_word' id='word_1_359' title='bbox 1911 2744 3014 2880; x_wconf 81' lang='lat' dir='ltr'><strong>AUGUSTINI</strong></span> 
     </span>
    </p>
   </div>
   <div class='ocr_carea' id='block_1_31' title="bbox 1486 2935 2309 2995">
    <p class='ocr_par' dir='ltr' id='par_1_31' title="bbox 1486 2935 2309 2995">
     <span class='ocr_line' id='line_1_31' title="bbox 1486 2935 2309 2995; baseline 0 0"><span class='ocrx_word' id='word_1_360' title='bbox 1486 2935 1954 2995; x_wconf 86' lang='lat' dir='ltr'><strong>HIPPONENSIS</strong></span> <span class='ocrx_word' id='word_1_361' title='bbox 1994 2936 2309 2995; x_wconf 88' lang='lat' dir='ltr'><strong>EPISCOPI</strong></span> 
     </span>
    </p>
   </div>
   <div class='ocr_carea' id='block_1_32' title="bbox 274 3063 3537 3239">
    <p class='ocr_par' dir='ltr' id='par_1_32' title="bbox 274 3063 3537 3239">
     <span class='ocr_line' id='line_1_32' title="bbox 274 3063 3537 3239; baseline 0.001 -2"><span class='ocrx_word' id='word_1_362' title='bbox 274 3063 1527 3237; x_wconf 83' lang='lat' dir='ltr'><strong>COLLATIO</strong></span> <span class='ocrx_word' id='word_1_363' title='bbox 1632 3065 2145 3235; x_wconf 84' lang='lat' dir='ltr'><strong>CUM</strong></span> <span class='ocrx_word' id='word_1_364' title='bbox 2268 3064 3537 3239; x_wconf 82' lang='lat' dir='ltr'><strong>MAXIMINO</strong></span> 
     </span>
    </p>
   </div>
   <div class='ocr_carea' id='block_1_33' title="bbox 1162 3314 2635 3411">
    <p class='ocr_par' dir='ltr' id='par_1_33' title="bbox 1162 3314 2635 3411">
     <span class='ocr_line' id='line_1_33' title="bbox 1162 3314 2635 3411; baseline -0.001 -2"><span class='ocrx_word' id='word_1_365' title='bbox 1162 3322 1866 3411; x_wconf 77' lang='lat' dir='ltr'><strong>ARIANORUM</strong></span> <span class='ocrx_word' id='word_1_366' title='bbox 1939 3320 2490 3410; x_wconf 86' lang='lat' dir='ltr'><strong>EPISCOPO</strong></span> <span class='ocrx_word' id='word_1_367' title='bbox 2520 3314 2635 3407; x_wconf 65' lang='grc'><strong>(⁸³).</strong></span> 
     </span>
    </p>
   </div>
   <div class='ocr_carea' id='block_1_34' title="bbox 272 3568 1852 3644">
    <p class='ocr_par' dir='ltr' id='par_1_34' title="bbox 272 3568 1852 3644">
     <span class='ocr_line' id='line_1_34' title="bbox 272 3568 1852 3644; baseline 0 -19"><span class='ocrx_word' id='word_1_368' title='bbox 272 3571 323 3626; x_wconf 92' lang='grc'><strong>1.</strong></span> <span class='ocrx_word' id='word_1_369' title='bbox 356 3570 507 3627; x_wconf 88' lang='lat' dir='ltr'><strong>Cum</strong></span> <span class='ocrx_word' id='word_1_370' title='bbox 537 3569 902 3644; x_wconf 87' lang='lat' dir='ltr'><strong>Augustinus</strong></span> <span class='ocrx_word' id='word_1_371' title='bbox 942 3573 999 3627; x_wconf 91' lang='lat' dir='ltr'><strong>et</strong></span> <span class='ocrx_word' id='word_1_372' title='bbox 1026 3569 1376 3626; x_wconf 83' lang='lat' dir='ltr'><strong>Maximinus</strong></span> <span class='ocrx_word' id='word_1_373' title='bbox 1407 3568 1852 3642; x_wconf 86' lang='lat' dir='ltr'><strong>Hippone-regio</strong></span> 
     </span>
    </p>
   </div>
   <div class='ocr_carea' id='block_1_35' title="bbox 207 3657 1848 3731">
    <p class='ocr_par' dir='ltr' id='par_1_35' title="bbox 207 3657 1848 3731">
     <span class='ocr_line' id='line_1_35' title="bbox 207 3657 1848 3731; baseline -0.001 -18"><span class='ocrx_word' id='word_1_374' title='bbox 207 3675 386 3713; x_wconf 88' lang='lat' dir='ltr'><strong>unum</strong></span> <span class='ocrx_word' id='word_1_375' title='bbox 419 3659 483 3714; x_wconf 90' lang='lat' dir='ltr'><strong>in</strong></span> <span class='ocrx_word' id='word_1_376' title='bbox 535 3657 726 3713; x_wconf 90' lang='lat' dir='ltr'><strong>locum</strong></span> <span class='ocrx_word' id='word_1_377' title='bbox 775 3659 1162 3731; x_wconf 88' lang='lat' dir='ltr'><strong>covenissent,</strong></span> <span class='ocrx_word' id='word_1_378' title='bbox 1197 3658 1577 3731; x_wconf 64' lang='lat' dir='ltr'><strong>praesentibus</strong></span> <span class='ocrx_word' id='word_1_379' title='bbox 1627 3657 1848 3728; x_wconf 88' lang='lat' dir='ltr'><strong>multis,</strong></span> 
     </span>
    </p>
   </div>
   <div class='ocr_carea' id='block_1_36' title="bbox 207 3747 1849 3820">
    <p class='ocr_par' dir='ltr' id='par_1_36' title="bbox 207 3747 1849 3820">
     <span class='ocr_line' id='line_1_36' title="bbox 207 3747 1849 3820; baseline -0.002 -18"><span class='ocrx_word' id='word_1_380' title='bbox 207 3751 323 3803; x_wconf 88' lang='lat' dir='ltr'><strong>tam</strong></span> <span class='ocrx_word' id='word_1_381' title='bbox 355 3747 584 3804; x_wconf 88' lang='lat' dir='ltr'><strong>clericis</strong></span> <span class='ocrx_word' id='word_1_382' title='bbox 606 3764 782 3820; x_wconf 88' lang='lat' dir='ltr'><strong>quam</strong></span> <span class='ocrx_word' id='word_1_383' title='bbox 814 3747 1000 3819; x_wconf 86' lang='lat' dir='ltr'><strong>laicis,</strong></span> <span class='ocrx_word' id='word_1_384' title='bbox 1026 3748 1363 3803; x_wconf 63' lang='lat' dir='ltr'><strong>Maxmmcs</strong></span> <span class='ocrx_word' id='word_1_385' title='bbox 1389 3747 1567 3802; x_wconf 82' lang='lat' dir='ltr'><strong>dixit:</strong></span> <span class='ocrx_word' id='word_1_386' title='bbox 1593 3747 1707 3818; x_wconf 85' lang='lat' dir='ltr'><strong>Ego</strong></span> <span class='ocrx_word' id='word_1_387' title='bbox 1735 3762 1849 3800; x_wconf 89' lang='lat' dir='ltr'><strong>non</strong></span> 
     </span>
    </p>
   </div>
   <div class='ocr_carea' id='block_1_37' title="bbox 206 3832 1852 3907">
    <p class='ocr_par' dir='ltr' id='par_1_37' title="bbox 206 3832 1852 3907">
     <span class='ocr_line' id='line_1_37' title="bbox 206 3832 1852 3907; baseline -0.002 -14"><span class='ocrx_word' id='word_1_388' title='bbox 206 3838 275 3893; x_wconf 91' lang='lat' dir='ltr'><strong>ob</strong></span> <span class='ocrx_word' id='word_1_389' title='bbox 305 3838 481 3894; x_wconf 87' lang='lat' dir='ltr'><strong>istam</strong></span> <span class='ocrx_word' id='word_1_390' title='bbox 515 3854 751 3894; x_wconf 88' lang='lat' dir='ltr'><strong>causam</strong></span> <span class='ocrx_word' id='word_1_391' title='bbox 770 3838 828 3892; x_wconf 92' lang='lat' dir='ltr'><strong>in</strong></span> <span class='ocrx_word' id='word_1_392' title='bbox 851 3832 1311 3893; x_wconf 34' lang='lat' dir='ltr'><strong>hancicivitatem</strong></span> <span class='ocrx_word' id='word_1_393' title='bbox 1341 3835 1565 3907; x_wconf 87' lang='lat' dir='ltr'><strong>adveni,</strong></span> <span class='ocrx_word' id='word_1_394' title='bbox 1593 3840 1656 3890; x_wconf 90' lang='lat' dir='ltr'><strong>ut</strong></span> <span class='ocrx_word' id='word_1_395' title='bbox 1678 3835 1852 3891; x_wconf 87' lang='lat' dir='ltr'><strong>alter-</strong></span> 
     </span>
    </p>
   </div>
   <div class='ocr_carea' id='block_1_38' title="bbox 208 3926 1854 3999">
    <p class='ocr_par' dir='ltr' id='par_1_38' title="bbox 208 3926 1854 3999">
     <span class='ocr_line' id='line_1_38' title="bbox 208 3926 1854 3999; baseline -0.001 -18"><span class='ocrx_word' id='word_1_396' title='bbox 208 3929 491 3983; x_wconf 89' lang='lat' dir='ltr'><strong>cationem</strong></span> <span class='ocrx_word' id='word_1_397' title='bbox 513 3944 833 3999; x_wconf 89' lang='lat' dir='ltr'><strong>proponam</strong></span> <span class='ocrx_word' id='word_1_398' title='bbox 858 3944 989 3981; x_wconf 90' lang='lat' dir='ltr'><strong>cum</strong></span> <span class='ocrx_word' id='word_1_399' title='bbox 1012 3926 1305 3996; x_wconf 84' lang='lat' dir='ltr'><strong>Religione</strong></span> <span class='ocrx_word' id='word_1_400' title='bbox 1326 3931 1554 3993; x_wconf 88' lang='lat' dir='ltr'><strong>tua,sed</strong></span> <span class='ocrx_word' id='word_1_401' title='bbox 1581 3926 1797 3981; x_wconf 86' lang='lat' dir='ltr'><strong>missus</strong></span> <span class='ocrx_word' id='word_1_402' title='bbox 1820 3941 1854 3979; x_wconf 88' lang='lat' dir='ltr'><strong>a</strong></span> 
     </span>
    </p>
   </div>
   <div class='ocr_carea' id='block_1_39' title="bbox 208 4015 1852 4089">
    <p class='ocr_par' dir='ltr' id='par_1_39' title="bbox 208 4015 1852 4089">
     <span class='ocr_line' id='line_1_39' title="bbox 208 4015 1852 4089; baseline -0.001 -19"><span class='ocrx_word' id='word_1_403' title='bbox 208 4017 413 4072; x_wconf 88' lang='lat' dir='ltr'><strong>comite</strong></span> <span class='ocrx_word' id='word_1_404' title='bbox 435 4015 789 4089; x_wconf 72' lang='lat' dir='ltr'><strong>Segisvulto1</strong></span> <span class='ocrx_word' id='word_1_405' title='bbox 809 4016 1299 4088; x_wconf 88' lang='lat' dir='ltr'><strong>contemplatione</strong></span> <span class='ocrx_word' id='word_1_406' title='bbox 1326 4016 1483 4088; x_wconf 90' lang='lat' dir='ltr'><strong>pacis</strong></span> <span class='ocrx_word' id='word_1_407' title='bbox 1505 4015 1730 4070; x_wconf 88' lang='lat' dir='ltr'><strong>adveni.</strong></span> <span class='ocrx_word' id='word_1_408' title='bbox 1754 4015 1852 4069; x_wconf 80' lang='lat' dir='ltr'><strong>Re-</strong></span> 
     </span>
    </p>
   </div>
   <div class='ocr_carea' id='block_1_40' title="bbox 205 4104 1849 4178">
    <p class='ocr_par' dir='ltr' id='par_1_40' title="bbox 205 4104 1849 4178">
     <span class='ocr_line' id='line_1_40' title="bbox 205 4104 1849 4178; baseline -0.001 -18"><span class='ocrx_word' id='word_1_409' title='bbox 205 4122 337 4162; x_wconf 88' lang='lat' dir='ltr'><strong>vera</strong></span> <span class='ocrx_word' id='word_1_410' title='bbox 366 4106 526 4162; x_wconf 89' lang='lat' dir='ltr'><strong>enim</strong></span> <span class='ocrx_word' id='word_1_411' title='bbox 550 4104 772 4161; x_wconf 89' lang='lat' dir='ltr'><strong>Eraclio</strong></span> <span class='ocrx_word' id='word_1_412' title='bbox 806 4106 1140 4178; x_wconf 89' lang='lat' dir='ltr'><strong>presbytero</strong></span> <span class='ocrx_word' id='word_1_413' title='bbox 1171 4104 1397 4160; x_wconf 86' lang='lat' dir='ltr'><strong>amicali</strong></span> <span class='ocrx_word' id='word_1_414' title='bbox 1431 4104 1695 4176; x_wconf 88' lang='lat' dir='ltr'><strong>pactione</strong></span> <span class='ocrx_word' id='word_1_415' title='bbox 1726 4118 1849 4159; x_wconf 85' lang='lat' dir='ltr'><strong>me-</strong></span> 
     </span>
    </p>
   </div>
   <div class='ocr_carea' id='block_1_41' title="bbox 208 4193 1852 4267">
    <p class='ocr_par' dir='ltr' id='par_1_41' title="bbox 208 4193 1852 4267">
     <span class='ocr_line' id='line_1_41' title="bbox 208 4193 1852 4267; baseline -0.002 -17"><span class='ocrx_word' id='word_1_416' title='bbox 208 4212 336 4250; x_wconf 90' lang='lat' dir='ltr'><strong>cum</strong></span> <span class='ocrx_word' id='word_1_417' title='bbox 368 4194 661 4263; x_wconf 85' lang='lat' dir='ltr'><strong>tractanti,</strong></span> <span class='ocrx_word' id='word_1_418' title='bbox 695 4210 1041 4267; x_wconf 88' lang='lat' dir='ltr'><strong>responsum</strong></span> <span class='ocrx_word' id='word_1_419' title='bbox 1073 4194 1205 4250; x_wconf 89' lang='lat' dir='ltr'><strong>dedi</strong></span> <span class='ocrx_word' id='word_1_420' title='bbox 1236 4199 1303 4249; x_wconf 89' lang='lat' dir='ltr'><strong>ut</strong></span> <span class='ocrx_word' id='word_1_421' title='bbox 1344 4193 1520 4261; x_wconf 89' lang='lat' dir='ltr'><strong>valui,</strong></span> <span class='ocrx_word' id='word_1_422' title='bbox 1549 4194 1625 4249; x_wconf 87' lang='lat' dir='ltr'><strong>ita</strong></span> <span class='ocrx_word' id='word_1_423' title='bbox 1657 4199 1852 4248; x_wconf 87' lang='lat' dir='ltr'><strong>tamen</strong></span> 
     </span>
    </p>
   </div>
   <div class='ocr_carea' id='block_1_42' title="bbox 208 4283 1852 4358">
    <p class='ocr_par' dir='ltr' id='par_1_42' title="bbox 208 4283 1852 4358">
     <span class='ocr_line' id='line_1_42' title="bbox 208 4283 1852 4358; baseline -0.001 -19"><span class='ocrx_word' id='word_1_424' title='bbox 208 4286 276 4339; x_wconf 89' lang='lat' dir='ltr'><strong>ab</strong></span> <span class='ocrx_word' id='word_1_425' title='bbox 309 4285 438 4358; x_wconf 91' lang='lat' dir='ltr'><strong>ipso</strong></span> <span class='ocrx_word' id='word_1_426' title='bbox 472 4290 857 4357; x_wconf 85' lang='lat' dir='ltr'><strong>provocatus;</strong></span> <span class='ocrx_word' id='word_1_427' title='bbox 891 4284 1107 4356; x_wconf 89' lang='lat' dir='ltr'><strong>quippe</strong></span> <span class='ocrx_word' id='word_1_428' title='bbox 1138 4284 1198 4339; x_wconf 89' lang='lat' dir='ltr'><strong>in</strong></span> <span class='ocrx_word' id='word_1_429' title='bbox 1241 4287 1469 4338; x_wconf 90' lang='lat' dir='ltr'><strong>tantum</strong></span> <span class='ocrx_word' id='word_1_430' title='bbox 1501 4283 1736 4350; x_wconf 82' lang='lat' dir='ltr'><strong>exarsit,</strong></span> <span class='ocrx_word' id='word_1_431' title='bbox 1786 4286 1852 4337; x_wconf 92' lang='lat' dir='ltr'><strong>ut</strong></span> 
     </span>
    </p>
   </div>
   <div class='ocr_carea' id='block_1_43' title="bbox 207 4372 1853 4444">
    <p class='ocr_par' dir='ltr' id='par_1_43' title="bbox 207 4372 1853 4444">
     <span class='ocr_line' id='line_1_43' title="bbox 207 4372 1853 4444; baseline -0.002 -15"><span class='ocrx_word' id='word_1_432' title='bbox 207 4373 379 4429; x_wconf 90' lang='lat' dir='ltr'><strong>etiam</strong></span> <span class='ocrx_word' id='word_1_433' title='bbox 425 4376 737 4430; x_wconf 89' lang='lat' dir='ltr'><strong>adventum</strong></span> <span class='ocrx_word' id='word_1_434' title='bbox 787 4378 956 4429; x_wconf 81' lang='lat' dir='ltr'><strong>tuum</strong></span> <span class='ocrx_word' id='word_1_435' title='bbox 1007 4378 1211 4429; x_wconf 89' lang='lat' dir='ltr'><strong>contra</strong></span> <span class='ocrx_word' id='word_1_436' title='bbox 1259 4388 1352 4428; x_wconf 90' lang='lat' dir='ltr'><strong>me</strong></span> <span class='ocrx_word' id='word_1_437' title='bbox 1396 4376 1748 4444; x_wconf 89' lang='lat' dir='ltr'><strong>provocaret.</strong></span> <span class='ocrx_word' id='word_1_438' title='bbox 1784 4372 1853 4426; x_wconf 87' lang='lat' dir='ltr'><strong>Et</strong></span> 
     </span>
    </p>
   </div>
   <div class='ocr_carea' id='block_1_44' title="bbox 208 4460 1849 4537">
    <p class='ocr_par' dir='ltr' id='par_1_44' title="bbox 208 4460 1849 4537">
     <span class='ocr_line' id='line_1_44' title="bbox 208 4460 1849 4537; baseline -0.002 -19"><span class='ocrx_word' id='word_1_439' title='bbox 208 4462 343 4535; x_wconf 89' lang='lat' dir='ltr'><strong>quia</strong></span> <span class='ocrx_word' id='word_1_440' title='bbox 373 4465 615 4537; x_wconf 88' lang='lat' dir='ltr'><strong>dignata</strong></span> <span class='ocrx_word' id='word_1_441' title='bbox 644 4469 733 4520; x_wconf 88' lang='lat' dir='ltr'><strong>est</strong></span> <span class='ocrx_word' id='word_1_442' title='bbox 762 4462 983 4536; x_wconf 82' lang='lat' dir='ltr'><strong>Religio</strong></span> <span class='ocrx_word' id='word_1_443' title='bbox 1013 4467 1118 4518; x_wconf 89' lang='lat' dir='ltr'><strong>tua</strong></span> <span class='ocrx_word' id='word_1_444' title='bbox 1148 4462 1259 4517; x_wconf 92' lang='lat' dir='ltr'><strong>sibi</strong></span> <span class='ocrx_word' id='word_1_445' title='bbox 1290 4462 1476 4516; x_wconf 85' lang='lat' dir='ltr'><strong>facere</strong></span> <span class='ocrx_word' id='word_1_446' title='bbox 1506 4460 1782 4532; x_wconf 88' lang='lat' dir='ltr'><strong>injuriam</strong></span> <span class='ocrx_word' id='word_1_447' title='bbox 1806 4460 1849 4528; x_wconf 74' lang='grc'>³,</span> 
     </span>
    </p>
   </div>
   <div class='ocr_carea' id='block_1_45' title="bbox 208 4548 1851 4625">
    <p class='ocr_par' dir='ltr' id='par_1_45' title="bbox 208 4548 1851 4625">
     <span class='ocr_line' id='line_1_45' title="bbox 208 4548 1851 4625; baseline -0.002 -19"><span class='ocrx_word' id='word_1_448' title='bbox 208 4552 254 4607; x_wconf 87' lang='lat' dir='ltr'><strong>si</strong></span> <span class='ocrx_word' id='word_1_449' title='bbox 275 4552 623 4625; x_wconf 84' lang='lat' dir='ltr'><strong>interrogas,</strong></span> <span class='ocrx_word' id='word_1_450' title='bbox 655 4552 715 4607; x_wconf 89' lang='lat' dir='ltr'><strong>in</strong></span> <span class='ocrx_word' id='word_1_451' title='bbox 748 4552 962 4624; x_wconf 90' lang='lat' dir='ltr'><strong>quibus</strong></span> <span class='ocrx_word' id='word_1_452' title='bbox 1002 4552 1161 4607; x_wconf 88' lang='lat' dir='ltr'><strong>valeo</strong></span> <span class='ocrx_word' id='word_1_453' title='bbox 1203 4566 1551 4621; x_wconf 88' lang='lat' dir='ltr'><strong>responsum</strong></span> <span class='ocrx_word' id='word_1_454' title='bbox 1591 4550 1759 4604; x_wconf 88' lang='lat' dir='ltr'><strong>dabo.</strong></span> <span class='ocrx_word' id='word_1_455' title='bbox 1793 4548 1851 4603; x_wconf 87' lang='lat' dir='ltr'><strong>Si</strong></span> 
     </span>
    </p>
   </div>
   <div class='ocr_carea' id='block_1_46' title="bbox 208 4641 1848 4714">
    <p class='ocr_par' dir='ltr' id='par_1_46' title="bbox 208 4641 1848 4714">
     <span class='ocr_line' id='line_1_46' title="bbox 208 4641 1848 4714; baseline -0.002 -18"><span class='ocrx_word' id='word_1_456' title='bbox 208 4641 425 4714; x_wconf 89' lang='lat' dir='ltr'><strong>aliquid</strong></span> <span class='ocrx_word' id='word_1_457' title='bbox 462 4641 853 4698; x_wconf 88' lang='lat' dir='ltr'><strong>rationalibile</strong></span> <span class='ocrx_word' id='word_1_458' title='bbox 885 4642 1121 4711; x_wconf 88' lang='lat' dir='ltr'><strong>dixeris,</strong></span> <span class='ocrx_word' id='word_1_459' title='bbox 1145 4656 1379 4696; x_wconf 89' lang='lat' dir='ltr'><strong>necesse</strong></span> <span class='ocrx_word' id='word_1_460' title='bbox 1408 4644 1496 4695; x_wconf 88' lang='lat' dir='ltr'><strong>est</strong></span> <span class='ocrx_word' id='word_1_461' title='bbox 1526 4644 1590 4693; x_wconf 92' lang='lat' dir='ltr'><strong>ut</strong></span> <span class='ocrx_word' id='word_1_462' title='bbox 1619 4655 1848 4711; x_wconf 88' lang='lat' dir='ltr'><strong>sequar.</strong></span> 
     </span>
    </p>
   </div>
   <div class='ocr_carea' id='block_1_47' title="bbox 207 4727 1849 4803">
    <p class='ocr_par' dir='ltr' id='par_1_47' title="bbox 207 4727 1849 4803">
     <span class='ocr_line' id='line_1_47' title="bbox 207 4727 1849 4803; baseline -0.001 -18"><span class='ocrx_word' id='word_1_463' title='bbox 207 4730 263 4785; x_wconf 91' lang='lat' dir='ltr'><strong>Si</strong></span> <span class='ocrx_word' id='word_1_464' title='bbox 297 4732 440 4803; x_wconf 89' lang='lat' dir='ltr'><strong>quid</strong></span> <span class='ocrx_word' id='word_1_465' title='bbox 473 4732 629 4787; x_wconf 87' lang='lat' dir='ltr'><strong>enim</strong></span> <span class='ocrx_word' id='word_1_466' title='bbox 661 4733 732 4787; x_wconf 91' lang='lat' dir='ltr'><strong>de</strong></span> <span class='ocrx_word' id='word_1_467' title='bbox 760 4732 973 4787; x_wconf 90' lang='lat' dir='ltr'><strong>divinis</strong></span> <span class='ocrx_word' id='word_1_468' title='bbox 1002 4730 1320 4803; x_wconf 89' lang='lat' dir='ltr'><strong>Scripturis</strong></span> <span class='ocrx_word' id='word_1_469' title='bbox 1352 4727 1849 4801; x_wconf 88' lang='lat' dir='ltr'><strong>protuleris,quod</strong></span> 
     </span>
    </p>
   </div>
   <div class='ocr_carea' id='block_1_48' title="bbox 208 4818 1850 4884">
    <p class='ocr_par' dir='ltr' id='par_1_48' title="bbox 208 4818 1850 4884">
     <span class='ocr_line' id='line_1_48' title="bbox 208 4818 1850 4884; baseline -0.002 -9"><span class='ocrx_word' id='word_1_470' title='bbox 208 4835 519 4878; x_wconf 87' lang='lat' dir='ltr'><strong>commune</strong></span> <span class='ocrx_word' id='word_1_471' title='bbox 549 4824 639 4877; x_wconf 86' lang='lat' dir='ltr'><strong>est</strong></span> <span class='ocrx_word' id='word_1_472' title='bbox 665 4837 797 4877; x_wconf 91' lang='lat' dir='ltr'><strong>cum</strong></span> <span class='ocrx_word' id='word_1_473' title='bbox 835 4821 1131 4884; x_wconf 88' lang='lat' dir='ltr'><strong>omnibus,</strong></span> <span class='ocrx_word' id='word_1_474' title='bbox 1164 4834 1399 4875; x_wconf 83' lang='lat' dir='ltr'><strong>necesse</strong></span> <span class='ocrx_word' id='word_1_475' title='bbox 1438 4822 1527 4874; x_wconf 90' lang='lat' dir='ltr'><strong>est</strong></span> <span class='ocrx_word' id='word_1_476' title='bbox 1556 4822 1620 4873; x_wconf 88' lang='lat' dir='ltr'><strong>ut</strong></span> <span class='ocrx_word' id='word_1_477' title='bbox 1651 4818 1850 4873; x_wconf 88' lang='lat' dir='ltr'><strong>audia-</strong></span> 
     </span>
    </p>
   </div>
   <div class='ocr_carea' id='block_1_49' title="bbox 207 4906 1853 4982">
    <p class='ocr_par' dir='ltr' id='par_1_49' title="bbox 207 4906 1853 4982">
     <span class='ocr_line' id='line_1_49' title="bbox 207 4906 1853 4982; baseline -0.002 -18"><span class='ocrx_word' id='word_1_478' title='bbox 207 4925 375 4968; x_wconf 88' lang='lat' dir='ltr'><strong>mus:</strong></span> <span class='ocrx_word' id='word_1_479' title='bbox 409 4927 489 4967; x_wconf 64' lang='lat' dir='ltr'><strong>ea:</strong></span> <span class='ocrx_word' id='word_1_480' title='bbox 519 4926 653 4967; x_wconf 85' lang='lat' dir='ltr'><strong>vero</strong></span> <span class='ocrx_word' id='word_1_481' title='bbox 700 4927 868 4967; x_wconf 88' lang='lat' dir='ltr'><strong>voces</strong></span> <span class='ocrx_word' id='word_1_482' title='bbox 897 4927 1023 4982; x_wconf 84' lang='lat' dir='ltr'><strong>quae</strong></span> <span class='ocrx_word' id='word_1_483' title='bbox 1065 4912 1226 4965; x_wconf 86' lang='lat' dir='ltr'><strong>extra</strong></span> <span class='ocrx_word' id='word_1_484' title='bbox 1273 4906 1635 4979; x_wconf 89' lang='lat' dir='ltr'><strong>Scripturam</strong></span> <span class='ocrx_word' id='word_1_485' title='bbox 1693 4910 1853 4975; x_wconf 87' lang='lat' dir='ltr'><strong>sunt,</strong></span> 
     </span>
    </p>
   </div>
   <div class='ocr_carea' id='block_1_50' title="bbox 207 4995 1853 5072">
    <p class='ocr_par' dir='ltr' id='par_1_50' title="bbox 207 4995 1853 5072">
     <span class='ocr_line' id='line_1_50' title="bbox 207 4995 1853 5072; baseline -0.001 -19"><span class='ocrx_word' id='word_1_486' title='bbox 207 4998 364 5057; x_wconf 88' lang='lat' dir='ltr'><strong>nullo</strong></span> <span class='ocrx_word' id='word_1_487' title='bbox 395 5017 535 5057; x_wconf 87' lang='lat' dir='ltr'><strong>casu</strong></span> <span class='ocrx_word' id='word_1_488' title='bbox 567 5016 601 5056; x_wconf 91' lang='lat' dir='ltr'><strong>a</strong></span> <span class='ocrx_word' id='word_1_489' title='bbox 629 4999 795 5057; x_wconf 88' lang='lat' dir='ltr'><strong>nobis</strong></span> <span class='ocrx_word' id='word_1_490' title='bbox 825 4999 1254 5072; x_wconf 86' lang='lat' dir='ltr'><strong>suscipiuntur:</strong></span> <span class='ocrx_word' id='word_1_491' title='bbox 1273 5000 1547 5069; x_wconf 85' lang='lat' dir='ltr'><strong>praeterea</strong></span> <span class='ocrx_word' id='word_1_492' title='bbox 1576 5012 1706 5051; x_wconf 89' lang='lat' dir='ltr'><strong>cum</strong></span> <span class='ocrx_word' id='word_1_493' title='bbox 1727 4995 1853 5068; x_wconf 88' lang='lat' dir='ltr'><strong>ipse</strong></span> 
     </span>
    </p>
   </div>
   <div class='ocr_carea' id='block_1_51' title="bbox 208 5086 1859 5155">
    <p class='ocr_par' dir='ltr' id='par_1_51' title="bbox 208 5086 1859 5155">
     <span class='ocr_line' id='line_1_51' title="bbox 208 5086 1859 5155; baseline -0.002 -11"><span class='ocrx_word' id='word_1_494' title='bbox 208 5088 494 5147; x_wconf 87' lang='lat' dir='ltr'><strong>Dominus</strong></span> <span class='ocrx_word' id='word_1_495' title='bbox 524 5094 759 5147; x_wconf 88' lang='lat' dir='ltr'><strong>moneat</strong></span> <span class='ocrx_word' id='word_1_496' title='bbox 796 5106 903 5147; x_wconf 89' lang='lat' dir='ltr'><strong>nos</strong></span> <span class='ocrx_word' id='word_1_497' title='bbox 946 5094 1005 5145; x_wconf 89' lang='lat' dir='ltr'><strong>et</strong></span> <span class='ocrx_word' id='word_1_498' title='bbox 1051 5088 1225 5155; x_wconf 88' lang='lat' dir='ltr'><strong>dicat,</strong></span> <span class='ocrx_word' id='word_1_499' title='bbox 1258 5086 1389 5142; x_wconf 90' lang='lat' dir='ltr'><strong>Sine</strong></span> <span class='ocrx_word' id='word_1_500' title='bbox 1442 5101 1616 5142; x_wconf 79' lang='lat' dir='ltr'><strong>causa.</strong></span> <span class='ocrx_word' id='word_1_501' title='bbox 1669 5087 1859 5141; x_wconf 82' lang='lat' dir='ltr'><strong>colunt</strong></span> 
     </span>
    </p>
   </div>
   <div class='ocr_carea' id='block_1_52' title="bbox 1961 3568 3599 3645">
    <p class='ocr_par' dir='ltr' id='par_1_52' title="bbox 1961 3568 3599 3645">
     <span class='ocr_line' id='line_1_52' title="bbox 1961 3568 3599 3645; baseline 0.005 -22"><span class='ocrx_word' id='word_1_502' title='bbox 1961 3584 2066 3639; x_wconf 89' lang='lat' dir='ltr'><strong>me,</strong></span> <span class='ocrx_word' id='word_1_503' title='bbox 2098 3569 2343 3625; x_wconf 79' lang='lat' dir='ltr'><strong>docentes</strong></span> <span class='ocrx_word' id='word_1_504' title='bbox 2389 3568 2658 3625; x_wconf 84' lang='lat' dir='ltr'><strong>mandata</strong></span> <span class='ocrx_word' id='word_1_505' title='bbox 2684 3576 2738 3625; x_wconf 90' lang='lat' dir='ltr'><strong>et</strong></span> <span class='ocrx_word' id='word_1_506' title='bbox 2765 3579 3043 3641; x_wconf 66' lang='lat' dir='ltr'><strong>praecepta</strong></span> <span class='ocrx_word' id='word_1_507' title='bbox 3070 3570 3358 3627; x_wconf 88' lang='lat' dir='ltr'><strong>hominum</strong></span> <span class='ocrx_word' id='word_1_508' title='bbox 3387 3572 3599 3645; x_wconf 81' lang='lat' dir='ltr'><strong>(Matth.</strong></span> 
     </span>
    </p>
   </div>
   <div class='ocr_carea' id='block_1_53' title="bbox 1960 3658 2150 3729">
    <p class='ocr_par' dir='ltr' id='par_1_53' title="bbox 1960 3658 2150 3729">
     <span class='ocr_line' id='line_1_53' title="bbox 1960 3658 2150 3729; baseline -0.011 -17"><span class='ocrx_word' id='word_1_509' title='bbox 1960 3674 2050 3728; x_wconf 83' lang='lat' dir='ltr'><strong>xv,</strong></span> <span class='ocrx_word' id='word_1_510' title='bbox 2076 3658 2150 3729; x_wconf 89' lang='lat'><strong>9).</strong></span> 
     </span>
    </p>
   </div>
   <div class='ocr_carea' id='block_1_54' title="bbox 2028 3746 3603 3822">
    <p class='ocr_par' dir='ltr' id='par_1_54' title="bbox 2028 3746 3603 3822">
     <span class='ocr_line' id='line_1_54' title="bbox 2028 3746 3603 3822; baseline 0.004 -22"><span class='ocrx_word' id='word_1_511' title='bbox 2028 3748 2083 3800; x_wconf 92' lang='lat'><strong>2.</strong></span> <span class='ocrx_word' id='word_1_512' title='bbox 2125 3748 2495 3802; x_wconf 74' lang='lat' dir='ltr'><strong>Aucus&#39;rmus</strong></span> <span class='ocrx_word' id='word_1_513' title='bbox 2551 3746 2696 3801; x_wconf 86' lang='lat' dir='ltr'><strong>dixit</strong></span> <span class='ocrx_word' id='word_1_514' title='bbox 2727 3764 2739 3802; x_wconf 91' lang='lat'>:</span> <span class='ocrx_word' id='word_1_515' title='bbox 2774 3747 2833 3802; x_wconf 92' lang='lat' dir='ltr'><strong>Si</strong></span> <span class='ocrx_word' id='word_1_516' title='bbox 2865 3748 2935 3802; x_wconf 89' lang='lat' dir='ltr'><strong>ad</strong></span> <span class='ocrx_word' id='word_1_517' title='bbox 2967 3747 3079 3803; x_wconf 89' lang='lat' dir='ltr'><strong>ista</strong></span> <span class='ocrx_word' id='word_1_518' title='bbox 3127 3748 3326 3804; x_wconf 90' lang='lat' dir='ltr'><strong>omnia</strong></span> <span class='ocrx_word' id='word_1_519' title='bbox 3365 3766 3603 3822; x_wconf 87' lang='lat' dir='ltr'><strong>respon-</strong></span> 
     </span>
    </p>
   </div>
   <div class='ocr_carea' id='block_1_55' title="bbox 1961 3834 3607 3908">
    <p class='ocr_par' dir='ltr' id='par_1_55' title="bbox 1961 3834 3607 3908">
     <span class='ocr_line' id='line_1_55' title="bbox 1961 3834 3607 3908; baseline 0.002 -17"><span class='ocrx_word' id='word_1_520' title='bbox 1961 3837 2095 3891; x_wconf 88' lang='lat' dir='ltr'><strong>dere</strong></span> <span class='ocrx_word' id='word_1_521' title='bbox 2124 3834 2379 3900; x_wconf 87' lang='lat' dir='ltr'><strong>voluero,</strong></span> <span class='ocrx_word' id='word_1_522' title='bbox 2411 3835 2467 3889; x_wconf 92' lang='lat' dir='ltr'><strong>id</strong></span> <span class='ocrx_word' id='word_1_523' title='bbox 2498 3836 2671 3890; x_wconf 90' lang='lat' dir='ltr'><strong>etiam</strong></span> <span class='ocrx_word' id='word_1_524' title='bbox 2696 3852 2801 3908; x_wconf 92' lang='lat' dir='ltr'><strong>ego</strong></span> <span class='ocrx_word' id='word_1_525' title='bbox 2836 3852 3004 3908; x_wconf 88' lang='lat' dir='ltr'><strong>agere</strong></span> <span class='ocrx_word' id='word_1_526' title='bbox 3026 3837 3281 3905; x_wconf 88' lang='lat' dir='ltr'><strong>videbor,</strong></span> <span class='ocrx_word' id='word_1_527' title='bbox 3306 3854 3376 3892; x_wconf 90' lang='lat' dir='ltr'><strong>ne</strong></span> <span class='ocrx_word' id='word_1_528' title='bbox 3405 3838 3607 3894; x_wconf 85' lang='lat' dir='ltr'><strong>venia-</strong></span> 
     </span>
    </p>
   </div>
   <div class='ocr_carea' id='block_1_56' title="bbox 1961 3924 3605 3999">
    <p class='ocr_par' dir='ltr' id='par_1_56' title="bbox 1961 3924 3605 3999">
     <span class='ocr_line' id='line_1_56' title="bbox 1961 3924 3605 3999; baseline 0.002 -21"><span class='ocrx_word' id='word_1_529' title='bbox 1961 3929 2055 3979; x_wconf 91' lang='lat' dir='ltr'><strong>tur</strong></span> <span class='ocrx_word' id='word_1_530' title='bbox 2087 3925 2159 3979; x_wconf 90' lang='lat' dir='ltr'><strong>ad</strong></span> <span class='ocrx_word' id='word_1_531' title='bbox 2193 3940 2452 3980; x_wconf 87' lang='lat' dir='ltr'><strong>causam.</strong></span> <span class='ocrx_word' id='word_1_532' title='bbox 2484 3925 2733 3979; x_wconf 89' lang='lat' dir='ltr'><strong>Proinde</strong></span> <span class='ocrx_word' id='word_1_533' title='bbox 2767 3931 2829 3980; x_wconf 90' lang='lat' dir='ltr'><strong>ut</strong></span> <span class='ocrx_word' id='word_1_534' title='bbox 2854 3924 2966 3980; x_wconf 88' lang='lat' dir='ltr'><strong>cito</strong></span> <span class='ocrx_word' id='word_1_535' title='bbox 2997 3942 3241 3996; x_wconf 87' lang='lat' dir='ltr'><strong>agamus</strong></span> <span class='ocrx_word' id='word_1_536' title='bbox 3287 3928 3442 3999; x_wconf 90' lang='lat' dir='ltr'><strong>quod</strong></span> <span class='ocrx_word' id='word_1_537' title='bbox 3484 3928 3605 3983; x_wconf 89' lang='lat' dir='ltr'><strong>ins-</strong></span> 
     </span>
    </p>
   </div>
   <div class='ocr_carea' id='block_1_57' title="bbox 1959 4012 3609 4088">
    <p class='ocr_par' dir='ltr' id='par_1_57' title="bbox 1959 4012 3609 4088">
     <span class='ocr_line' id='line_1_57' title="bbox 1959 4012 3609 4088; baseline 0.003 -20"><span class='ocrx_word' id='word_1_538' title='bbox 1959 4018 2064 4081; x_wconf 87' lang='lat' dir='ltr'><strong>tat,</strong></span> <span class='ocrx_word' id='word_1_539' title='bbox 2097 4013 2188 4068; x_wconf 93' lang='lat' dir='ltr'><strong>dic</strong></span> <span class='ocrx_word' id='word_1_540' title='bbox 2211 4012 2355 4068; x_wconf 91' lang='lat' dir='ltr'><strong>mibi</strong></span> <span class='ocrx_word' id='word_1_541' title='bbox 2386 4013 2560 4069; x_wconf 81' lang='lat' dir='ltr'><strong>ﬁdem</strong></span> <span class='ocrx_word' id='word_1_542' title='bbox 2592 4018 2755 4069; x_wconf 90' lang='lat' dir='ltr'><strong>tuam</strong></span> <span class='ocrx_word' id='word_1_543' title='bbox 2786 4016 2857 4069; x_wconf 89' lang='lat' dir='ltr'><strong>de</strong></span> <span class='ocrx_word' id='word_1_544' title='bbox 2892 4015 3048 4070; x_wconf 83' lang='lat' dir='ltr'><strong>Patre</strong></span> <span class='ocrx_word' id='word_1_545' title='bbox 3071 4024 3124 4070; x_wconf 83' lang='lat' dir='ltr'><strong>et</strong></span> <span class='ocrx_word' id='word_1_546' title='bbox 3154 4014 3297 4072; x_wconf 89' lang='lat' dir='ltr'><strong>Filio</strong></span> <span class='ocrx_word' id='word_1_547' title='bbox 3320 4020 3375 4072; x_wconf 89' lang='lat' dir='ltr'><strong>et</strong></span> <span class='ocrx_word' id='word_1_548' title='bbox 3390 4016 3609 4088; x_wconf 89' lang='lat' dir='ltr'><strong>Spiritu</strong></span> 
     </span>
    </p>
   </div>
   <div class='ocr_carea' id='block_1_58' title="bbox 1962 4108 2183 4159">
    <p class='ocr_par' dir='ltr' id='par_1_58' title="bbox 1962 4108 2183 4159">
     <span class='ocr_line' id='line_1_58' title="bbox 1962 4108 2183 4159; baseline -0.009 0"><span class='ocrx_word' id='word_1_549' title='bbox 1962 4108 2183 4159; x_wconf 89' lang='lat' dir='ltr'><strong>sancto.</strong></span> 
     </span>
    </p>
   </div>
   <div class='ocr_carea' id='block_1_59' title="bbox 2033 4192 3607 4267">
    <p class='ocr_par' dir='ltr' id='par_1_59' title="bbox 2033 4192 3607 4267">
     <span class='ocr_line' id='line_1_59' title="bbox 2033 4192 3607 4267; baseline 0.003 -20"><span class='ocrx_word' id='word_1_550' title='bbox 2033 4193 2183 4250; x_wconf 58' lang='lat' dir='ltr'><strong>Max.</strong></span> <span class='ocrx_word' id='word_1_551' title='bbox 2205 4193 2505 4265; x_wconf 89' lang='lat' dir='ltr'><strong>respondit</strong></span> <span class='ocrx_word' id='word_1_552' title='bbox 2527 4209 2540 4247; x_wconf 87' lang='lat'>:</span> <span class='ocrx_word' id='word_1_553' title='bbox 2567 4192 2625 4249; x_wconf 92' lang='lat' dir='ltr'><strong>Si</strong></span> <span class='ocrx_word' id='word_1_554' title='bbox 2650 4193 2822 4248; x_wconf 84' lang='lat' dir='ltr'><strong>ﬁdem</strong></span> <span class='ocrx_word' id='word_1_555' title='bbox 2838 4210 3027 4249; x_wconf 90' lang='lat' dir='ltr'><strong>meam</strong></span> <span class='ocrx_word' id='word_1_556' title='bbox 3051 4193 3309 4266; x_wconf 85' lang='lat' dir='ltr'><strong>postulas</strong></span> <span class='ocrx_word' id='word_1_557' title='bbox 3321 4210 3425 4267; x_wconf 83' lang='lat' dir='ltr'><strong>ego</strong></span> <span class='ocrx_word' id='word_1_558' title='bbox 3445 4194 3607 4251; x_wconf 89' lang='lat' dir='ltr'><strong>illam</strong></span> 
     </span>
    </p>
   </div>
   <div class='ocr_carea' id='block_1_60' title="bbox 1959 4282 3610 4355">
    <p class='ocr_par' dir='ltr' id='par_1_60' title="bbox 1959 4282 3610 4355">
     <span class='ocr_line' id='line_1_60' title="bbox 1959 4282 3610 4355; baseline 0.002 -18"><span class='ocrx_word' id='word_1_559' title='bbox 1959 4286 2126 4337; x_wconf 88' lang='lat' dir='ltr'><strong>teneo</strong></span> <span class='ocrx_word' id='word_1_560' title='bbox 2156 4282 2330 4337; x_wconf 82' lang='lat' dir='ltr'><strong>ﬁdem</strong></span> <span class='ocrx_word' id='word_1_561' title='bbox 2362 4298 2488 4353; x_wconf 79' lang='lat' dir='ltr'><strong>quae</strong></span> <span class='ocrx_word' id='word_1_562' title='bbox 2536 4282 2819 4336; x_wconf 76' lang='lat' dir='ltr'><strong>Arimini1</strong></span> <span class='ocrx_word' id='word_1_563' title='bbox 2868 4300 2902 4337; x_wconf 89' lang='lat' dir='ltr'><strong>a</strong></span> <span class='ocrx_word' id='word_1_564' title='bbox 2947 4284 3218 4338; x_wconf 90' lang='lat' dir='ltr'><strong>trecentis</strong></span> <span class='ocrx_word' id='word_1_565' title='bbox 3267 4290 3322 4338; x_wconf 85' lang='lat' dir='ltr'><strong>et</strong></span> <span class='ocrx_word' id='word_1_566' title='bbox 3368 4283 3610 4355; x_wconf 85' lang='lat' dir='ltr'><strong>triginta</strong></span> 
     </span>
    </p>
   </div>
   <div class='ocr_carea' id='block_1_61' title="bbox 1959 4370 3611 4443">
    <p class='ocr_par' dir='ltr' id='par_1_61' title="bbox 1959 4370 3611 4443">
     <span class='ocr_line' id='line_1_61' title="bbox 1959 4370 3611 4443; baseline 0.002 -17"><span class='ocrx_word' id='word_1_567' title='bbox 1959 4372 2268 4442; x_wconf 85' lang='lat' dir='ltr'><strong>episcopis,</strong></span> <span class='ocrx_word' id='word_1_568' title='bbox 2302 4388 2416 4426; x_wconf 88' lang='lat' dir='ltr'><strong>non</strong></span> <span class='ocrx_word' id='word_1_569' title='bbox 2449 4370 2640 4426; x_wconf 87' lang='lat' dir='ltr'><strong>solum</strong></span> <span class='ocrx_word' id='word_1_570' title='bbox 2670 4372 2952 4443; x_wconf 87' lang='lat' dir='ltr'><strong>exposita,</strong></span> <span class='ocrx_word' id='word_1_571' title='bbox 2995 4372 3095 4428; x_wconf 91' lang='lat' dir='ltr'><strong>sed</strong></span> <span class='ocrx_word' id='word_1_572' title='bbox 3127 4372 3304 4428; x_wconf 87' lang='lat' dir='ltr'><strong>etiam</strong></span> <span class='ocrx_word' id='word_1_573' title='bbox 3351 4371 3611 4429; x_wconf 84' lang='lat' dir='ltr'><strong>subscri-</strong></span> 
     </span>
    </p>
   </div>
   <div class='ocr_carea' id='block_1_62' title="bbox 1960 4446 2715 4534">
    <p class='ocr_par' dir='ltr' id='par_1_62' title="bbox 1960 4446 2715 4534">
     <span class='ocr_line' id='line_1_62' title="bbox 1960 4446 2715 4534; baseline -0.001 -19"><span class='ocrx_word' id='word_1_574' title='bbox 1960 4460 2258 4534; x_wconf 83' lang='lat' dir='ltr'><strong>ptionibus</strong></span> <span class='ocrx_word' id='word_1_575' title='bbox 2290 4459 2521 4515; x_wconf 81' lang='lat' dir='ltr'><strong>ﬁrmata</strong></span> <span class='ocrx_word' id='word_1_576' title='bbox 2550 4465 2658 4516; x_wconf 90' lang='lat' dir='ltr'><strong>est.</strong></span> <span class='ocrx_word' id='word_1_577' title='bbox 2712 4446 2715 4449; x_wconf 53' lang='grc'><em>’</em></span> 
     </span>
    </p>
   </div>
   <div class='ocr_carea' id='block_1_63' title="bbox 2030 4547 3612 4623">
    <p class='ocr_par' dir='ltr' id='par_1_63' title="bbox 2030 4547 3612 4623">
     <span class='ocr_line' id='line_1_63' title="bbox 2030 4547 3612 4623; baseline 0.002 -20"><span class='ocrx_word' id='word_1_578' title='bbox 2030 4550 2083 4605; x_wconf 89' lang='lat'><strong>3.</strong></span> <span class='ocrx_word' id='word_1_579' title='bbox 2115 4550 2260 4604; x_wconf 81' lang='lat' dir='ltr'><strong>Auc.</strong></span> <span class='ocrx_word' id='word_1_580' title='bbox 2280 4548 2425 4603; x_wconf 82' lang='lat' dir='ltr'><strong>dixit</strong></span> <span class='ocrx_word' id='word_1_581' title='bbox 2445 4547 2601 4603; x_wconf 87' lang='lat' dir='ltr'><strong>:Jam</strong></span> <span class='ocrx_word' id='word_1_582' title='bbox 2624 4547 2761 4615; x_wconf 89' lang='lat' dir='ltr'><strong>dixi,</strong></span> <span class='ocrx_word' id='word_1_583' title='bbox 2787 4552 2843 4603; x_wconf 88' lang='lat' dir='ltr'><strong>et</strong></span> <span class='ocrx_word' id='word_1_584' title='bbox 2872 4548 2980 4605; x_wconf 90' lang='lat' dir='ltr'><strong>hoc</strong></span> <span class='ocrx_word' id='word_1_585' title='bbox 3012 4549 3203 4621; x_wconf 91' lang='lat' dir='ltr'><strong>ipsum</strong></span> <span class='ocrx_word' id='word_1_586' title='bbox 3230 4554 3447 4622; x_wconf 87' lang='lat' dir='ltr'><strong>repeto,</strong></span> <span class='ocrx_word' id='word_1_587' title='bbox 3470 4550 3612 4623; x_wconf 88' lang='lat' dir='ltr'><strong>quia</strong></span> 
     </span>
    </p>
   </div>
   <div class='ocr_carea' id='block_1_64' title="bbox 1961 4636 3609 4708">
    <p class='ocr_par' dir='ltr' id='par_1_64' title="bbox 1961 4636 3609 4708">
     <span class='ocr_line' id='line_1_64' title="bbox 1961 4636 3609 4708; baseline 0.001 -15"><span class='ocrx_word' id='word_1_588' title='bbox 1961 4638 2311 4708; x_wconf 88' lang='lat' dir='ltr'><strong>respondere</strong></span> <span class='ocrx_word' id='word_1_589' title='bbox 2336 4636 2572 4692; x_wconf 90' lang='lat' dir='ltr'><strong>noluisti</strong></span> <span class='ocrx_word' id='word_1_590' title='bbox 2598 4654 2611 4691; x_wconf 88' lang='lat'><strong>:</strong></span> <span class='ocrx_word' id='word_1_591' title='bbox 2635 4637 2737 4692; x_wconf 88' lang='lat' dir='ltr'><strong>Dic</strong></span> <span class='ocrx_word' id='word_1_592' title='bbox 2759 4638 2935 4693; x_wconf 86' lang='lat' dir='ltr'><strong>fidem</strong></span> <span class='ocrx_word' id='word_1_593' title='bbox 2966 4643 3129 4694; x_wconf 89' lang='lat' dir='ltr'><strong>tuam</strong></span> <span class='ocrx_word' id='word_1_594' title='bbox 3152 4640 3224 4695; x_wconf 89' lang='lat' dir='ltr'><strong>de</strong></span> <span class='ocrx_word' id='word_1_595' title='bbox 3246 4639 3413 4695; x_wconf 89' lang='lat' dir='ltr'><strong>Patre</strong></span> <span class='ocrx_word' id='word_1_596' title='bbox 3443 4645 3500 4694; x_wconf 91' lang='lat' dir='ltr'><strong>et</strong></span> <span class='ocrx_word' id='word_1_597' title='bbox 3524 4640 3609 4694; x_wconf 82' lang='lat' dir='ltr'><strong>Fi-</strong></span> 
     </span>
    </p>
   </div>
   <div class='ocr_carea' id='block_1_65' title="bbox 1960 4726 2633 4797">
    <p class='ocr_par' dir='ltr' id='par_1_65' title="bbox 1960 4726 2633 4797">
     <span class='ocr_line' id='line_1_65' title="bbox 1960 4726 2633 4797; baseline -0.001 -15"><span class='ocrx_word' id='word_1_598' title='bbox 1960 4727 2037 4782; x_wconf 90' lang='lat' dir='ltr'><strong>lio</strong></span> <span class='ocrx_word' id='word_1_599' title='bbox 2071 4730 2128 4782; x_wconf 88' lang='lat' dir='ltr'><strong>et</strong></span> <span class='ocrx_word' id='word_1_600' title='bbox 2155 4726 2375 4797; x_wconf 89' lang='lat' dir='ltr'><strong>Spiritu</strong></span> <span class='ocrx_word' id='word_1_601' title='bbox 2408 4729 2633 4781; x_wconf 88' lang='lat' dir='ltr'><strong>sancto.</strong></span> 
     </span>
    </p>
   </div>
   <div class='ocr_carea' id='block_1_66' title="bbox 2033 4814 3665 4887">
    <p class='ocr_par' dir='ltr' id='par_1_66' title="bbox 2033 4814 3665 4887">
     <span class='ocr_line' id='line_1_66' title="bbox 2033 4814 3665 4887; baseline 0.001 -16"><span class='ocrx_word' id='word_1_602' title='bbox 2033 4816 2182 4871; x_wconf 64' lang='lat' dir='ltr'><strong>Max.</strong></span> <span class='ocrx_word' id='word_1_603' title='bbox 2217 4815 2551 4885; x_wconf 88' lang='lat' dir='ltr'><strong>respondit:</strong></span> <span class='ocrx_word' id='word_1_604' title='bbox 2577 4814 2719 4870; x_wconf 87' lang='lat' dir='ltr'><strong>Cum</strong></span> <span class='ocrx_word' id='word_1_605' title='bbox 2751 4815 2906 4871; x_wconf 89' lang='lat' dir='ltr'><strong>enim</strong></span> <span class='ocrx_word' id='word_1_606' title='bbox 2938 4834 3051 4873; x_wconf 91' lang='lat' dir='ltr'><strong>non</strong></span> <span class='ocrx_word' id='word_1_607' title='bbox 3085 4817 3392 4873; x_wconf 83' lang='lat' dir='ltr'><strong>defecerim</strong></span> <span class='ocrx_word' id='word_1_608' title='bbox 3420 4833 3455 4872; x_wconf 92' lang='lat' dir='ltr'><strong>a</strong></span> <span class='ocrx_word' id='word_1_609' title='bbox 3485 4832 3609 4872; x_wconf 84' lang='lat' dir='ltr'><strong>res-</strong></span> <span class='ocrx_word' id='word_1_610' title='bbox 3662 4884 3665 4887; x_wconf 21' lang='grc' dir='ltr'>ι</span> 
     </span>
    </p>
   </div>
   <div class='ocr_carea' id='block_1_67' title="bbox 1963 4904 3607 4979">
    <p class='ocr_par' dir='ltr' id='par_1_67' title="bbox 1963 4904 3607 4979">
     <span class='ocr_line' id='line_1_67' title="bbox 1963 4904 3607 4979; baseline -0.002 -17"><span class='ocrx_word' id='word_1_611' title='bbox 1963 4904 2263 4979; x_wconf 89' lang='lat' dir='ltr'><strong>ponsione,</strong></span> <span class='ocrx_word' id='word_1_612' title='bbox 2295 4920 2398 4957; x_wconf 90' lang='lat' dir='ltr'><strong>cur</strong></span> <span class='ocrx_word' id='word_1_613' title='bbox 2427 4919 2670 4959; x_wconf 88' lang='lat' dir='ltr'><strong>accusor</strong></span> <span class='ocrx_word' id='word_1_614' title='bbox 2700 4921 2734 4959; x_wconf 93' lang='lat' dir='ltr'><strong>a</strong></span> <span class='ocrx_word' id='word_1_615' title='bbox 2772 4909 2873 4959; x_wconf 89' lang='lat' dir='ltr'><strong>tua</strong></span> <span class='ocrx_word' id='word_1_616' title='bbox 2920 4904 3227 4977; x_wconf 84' lang='lat' dir='ltr'><strong>Religione,</strong></span> <span class='ocrx_word' id='word_1_617' title='bbox 3278 4905 3446 4977; x_wconf 87' lang='lat' dir='ltr'><strong>quasi</strong></span> <span class='ocrx_word' id='word_1_618' title='bbox 3478 4921 3607 4960; x_wconf 89' lang='lat' dir='ltr'><strong>res-</strong></span> 
     </span>
    </p>
   </div>
   <div class='ocr_carea' id='block_1_68' title="bbox 1963 4992 2691 5067">
    <p class='ocr_par' dir='ltr' id='par_1_68' title="bbox 1963 4992 2691 5067">
     <span class='ocr_line' id='line_1_68' title="bbox 1963 4992 2691 5067; baseline -0.004 -17"><span class='ocrx_word' id='word_1_619' title='bbox 1963 5010 2212 5067; x_wconf 91' lang='lat' dir='ltr'><strong>ponsum</strong></span> <span class='ocrx_word' id='word_1_620' title='bbox 2244 5008 2359 5047; x_wconf 90' lang='lat' dir='ltr'><strong>non</strong></span> <span class='ocrx_word' id='word_1_621' title='bbox 2390 4992 2649 5047; x_wconf 91' lang='lat' dir='ltr'><strong>dederim</strong></span> <span class='ocrx_word' id='word_1_622' title='bbox 2663 4992 2691 5047; x_wconf 73' lang='lat' dir='ltr'><strong><em>‘I</em></strong></span> 
     </span>
    </p>
   </div>
   <div class='ocr_carea' id='block_1_69' title="bbox 2036 5080 3609 5155">
    <p class='ocr_par' dir='ltr' id='par_1_69' title="bbox 2036 5080 3609 5155">
     <span class='ocr_line' id='line_1_69' title="bbox 2036 5080 3609 5155; baseline 0.001 -17"><span class='ocrx_word' id='word_1_623' title='bbox 2036 5085 2087 5139; x_wconf 83' lang='grc'><strong>4.</strong></span> <span class='ocrx_word' id='word_1_624' title='bbox 2122 5080 2467 5137; x_wconf 81' lang='lat' dir='ltr'><strong>Aue.dixit:</strong></span> <span class='ocrx_word' id='word_1_625' title='bbox 2495 5081 2771 5154; x_wconf 89' lang='lat' dir='ltr'><strong>Proptera</strong></span> <span class='ocrx_word' id='word_1_626' title='bbox 2798 5082 2915 5138; x_wconf 86' lang='lat' dir='ltr'><strong>dixi</strong></span> <span class='ocrx_word' id='word_1_627' title='bbox 2930 5088 2985 5140; x_wconf 91' lang='lat' dir='ltr'><strong>te</strong></span> <span class='ocrx_word' id='word_1_628' title='bbox 3017 5085 3365 5155; x_wconf 88' lang='lat' dir='ltr'><strong>respondere</strong></span> <span class='ocrx_word' id='word_1_629' title='bbox 3380 5081 3609 5139; x_wconf 84' lang='lat' dir='ltr'><strong>noluis-</strong></span> 
     </span>
    </p>
   </div>
   <div class='ocr_carea' id='block_1_70' title="bbox 1477 5212 2330 5252">
    <p class='ocr_par' dir='ltr' id='par_1_70' title="bbox 1477 5212 2330 5252">
     <span class='ocr_line' id='line_1_70' title="bbox 1477 5212 2330 5252; baseline -0.004 0"><span class='ocrx_word' id='word_1_630' title='bbox 1477 5215 1745 5252; x_wconf 68' lang='lat' dir='ltr'><strong>ADIOMTIO</strong></span> <span class='ocrx_word' id='word_1_631' title='bbox 1778 5217 1855 5251; x_wconf 84' lang='lat' dir='ltr'><strong>PP.</strong></span> <span class='ocrx_word' id='word_1_632' title='bbox 1898 5212 2330 5252; x_wconf 69' lang='lat' dir='ltr'><strong>BBﬂBDIC‘I‘lNORUM.</strong></span> 
     </span>
    </p>
   </div>
   <div class='ocr_carea' id='block_1_71' title="bbox 268 5277 3609 5345">
    <p class='ocr_par' dir='ltr' id='par_1_71' title="bbox 268 5277 3609 5345">
     <span class='ocr_line' id='line_1_71' title="bbox 268 5277 3609 5345; baseline -0.003 -8"><span class='ocrx_word' id='word_1_633' title='bbox 268 5284 620 5337; x_wconf 86' lang='lat' dir='ltr'><strong>Collatiouem</strong></span> <span class='ocrx_word' id='word_1_634' title='bbox 649 5300 769 5337; x_wconf 84' lang='lat' dir='ltr'><strong>cum</strong></span> <span class='ocrx_word' id='word_1_635' title='bbox 819 5286 1104 5336; x_wconf 80' lang='lat' dir='ltr'><strong>Maximino</strong></span> <span class='ocrx_word' id='word_1_636' title='bbox 1148 5286 1200 5334; x_wconf 88' lang='lat' dir='ltr'><strong>et</strong></span> <span class='ocrx_word' id='word_1_637' title='bbox 1227 5282 1391 5332; x_wconf 84' lang='lat' dir='ltr'><strong>libros</strong></span> <span class='ocrx_word' id='word_1_638' title='bbox 1421 5288 1613 5345; x_wconf 82' lang='lat' dir='ltr'><strong>contra</strong></span> <span class='ocrx_word' id='word_1_639' title='bbox 1635 5283 1810 5345; x_wconf 79' lang='lat' dir='ltr'><strong>ipsum</strong></span> <span class='ocrx_word' id='word_1_640' title='bbox 1841 5282 1976 5332; x_wconf 90' lang='lat' dir='ltr'><strong>duos</strong></span> <span class='ocrx_word' id='word_1_641' title='bbox 2005 5281 2381 5345; x_wconf 72' lang='lat' dir='ltr'><strong>castigayimus</strong></span> <span class='ocrx_word' id='word_1_642' title='bbox 2404 5279 2534 5345; x_wconf 71' lang='lat' dir='ltr'><strong>Mss.</strong></span> <span class='ocrx_word' id='word_1_643' title='bbox 2567 5277 2777 5345; x_wconf 74' lang='lat' dir='ltr'><strong>duobus</strong></span> <span class='ocrx_word' id='word_1_644' title='bbox 2804 5279 3069 5345; x_wconf 70' lang='lat' dir='ltr'><strong>Vaticanis</strong></span> <span class='ocrx_word' id='word_1_645' title='bbox 3098 5284 3153 5345; x_wconf 82' lang='lat' dir='ltr'><strong>et</strong></span> <span class='ocrx_word' id='word_1_646' title='bbox 3178 5278 3426 5345; x_wconf 81' lang='lat' dir='ltr'><strong>undecim</strong></span> <span class='ocrx_word' id='word_1_647' title='bbox 3448 5278 3609 5345; x_wconf 79' lang='lat' dir='ltr'><strong>Galli-</strong></span> 
     </span>
    </p>
   </div>
   <div class='ocr_carea' id='block_1_72' title="bbox 208 5341 3609 5409">
    <p class='ocr_par' dir='ltr' id='par_1_72' title="bbox 208 5341 3609 5409">
     <span class='ocr_line' id='line_1_72' title="bbox 208 5341 3609 5409; baseline -0.002 -12"><span class='ocrx_word' id='word_1_648' title='bbox 208 5351 369 5408; x_wconf 76' lang='lat' dir='ltr'><strong>canis,</strong></span> <span class='ocrx_word' id='word_1_649' title='bbox 402 5350 717 5408; x_wconf 82' lang='lat' dir='ltr'><strong>Sorbonico,</strong></span> <span class='ocrx_word' id='word_1_650' title='bbox 746 5350 1064 5407; x_wconf 82' lang='lat' dir='ltr'><strong>Fossateusi,</strong></span> <span class='ocrx_word' id='word_1_651' title='bbox 1095 5341 1839 5409; x_wconf 38' lang='lat' dir='ltr'><strong>ArnulpbensiLMicbéeliOQ.</strong></span> <span class='ocrx_word' id='word_1_652' title='bbox 1887 5341 2237 5409; x_wconf 65' lang='lat' dir='ltr'><strong>Cistercieusi.</strong></span> <span class='ocrx_word' id='word_1_653' title='bbox 2269 5341 2597 5409; x_wconf 77' lang='lat' dir='ltr'><strong>Remigiano,</strong></span> <span class='ocrx_word' id='word_1_654' title='bbox 2649 5342 2969 5409; x_wconf 65' lang='lat' dir='ltr'><strong>Corbeiensi,</strong></span> <span class='ocrx_word' id='word_1_655' title='bbox 3016 5344 3358 5409; x_wconf 76' lang='lat' dir='ltr'><strong>Laudunensi</strong></span> <span class='ocrx_word' id='word_1_656' title='bbox 3388 5342 3609 5409; x_wconf 77' lang='lat' dir='ltr'><strong>majoris</strong></span> 
     </span>
    </p>
   </div>
   <div class='ocr_carea' id='block_1_73' title="bbox 212 5405 3602 5473">
    <p class='ocr_par' dir='ltr' id='par_1_73' title="bbox 212 5405 3602 5473">
     <span class='ocr_line' id='line_1_73' title="bbox 212 5405 3602 5473; baseline -0.002 -10"><span class='ocrx_word' id='word_1_657' title='bbox 212 5405 767 5473; x_wconf 39' lang='lat' dir='ltr'><strong>Eccle&#39;siaa,Parisiensi</strong></span> <span class='ocrx_word' id='word_1_658' title='bbox 789 5413 840 5463; x_wconf 92' lang='lat' dir='ltr'><strong>S.</strong></span> <span class='ocrx_word' id='word_1_659' title='bbox 875 5405 1082 5462; x_wconf 83' lang='lat' dir='ltr'><strong>Martini</strong></span> <span class='ocrx_word' id='word_1_660' title='bbox 1112 5411 1177 5460; x_wconf 87' lang='lat' dir='ltr'><strong>de</strong></span> <span class='ocrx_word' id='word_1_661' title='bbox 1206 5405 1431 5471; x_wconf 71' lang='lat' dir='ltr'><strong>campis,</strong></span> <span class='ocrx_word' id='word_1_662' title='bbox 1455 5407 1623 5457; x_wconf 84' lang='lat' dir='ltr'><strong>altero</strong></span> <span class='ocrx_word' id='word_1_663' title='bbox 1658 5408 1937 5457; x_wconf 83' lang='lat' dir='ltr'><strong>Parisiensi</strong></span> <span class='ocrx_word' id='word_1_664' title='bbox 1967 5406 2167 5470; x_wconf 82' lang='lat' dir='ltr'><strong>collegii</strong></span> <span class='ocrx_word' id='word_1_665' title='bbox 2189 5405 2655 5461; x_wconf 82' lang='lat' dir='ltr'><strong>Bernardinorum,</strong></span> <span class='ocrx_word' id='word_1_666' title='bbox 2679 5409 2731 5453; x_wconf 83' lang='lat' dir='ltr'><strong>et</strong></span> <span class='ocrx_word' id='word_1_667' title='bbox 2746 5405 3043 5455; x_wconf 86' lang='lat' dir='ltr'><strong>Tbolosano</strong></span> <span class='ocrx_word' id='word_1_668' title='bbox 3062 5405 3264 5455; x_wconf 87' lang='lat' dir='ltr'><strong>domini</strong></span> <span class='ocrx_word' id='word_1_669' title='bbox 3294 5405 3360 5454; x_wconf 87' lang='lat' dir='ltr'><strong>de</strong></span> <span class='ocrx_word' id='word_1_670' title='bbox 3392 5406 3602 5455; x_wconf 85' lang='lat' dir='ltr'><strong>Maran.</strong></span> 
     </span>
    </p>
   </div>
   <div class='ocr_carea' id='block_1_74' title="bbox 354 5501 3466 5592">
    <p class='ocr_par' dir='ltr' id='par_1_74' title="bbox 354 5501 3466 5592">
     <span class='ocr_line' id='line_1_74' title="bbox 354 5501 3466 5592; baseline -0.003 -19"><span class='ocrx_word' id='word_1_671' title='bbox 354 5510 849 5592; x_wconf 83' lang='lat' dir='ltr'><strong>Comparavimus</strong></span> <span class='ocrx_word' id='word_1_672' title='bbox 874 5519 1161 5591; x_wconf 77' lang='lat' dir='ltr'><strong>praeterea</strong></span> <span class='ocrx_word' id='word_1_673' title='bbox 1190 5526 1284 5569; x_wconf 87' lang='lat' dir='ltr'><strong>eas</strong></span> <span class='ocrx_word' id='word_1_674' title='bbox 1315 5524 1508 5566; x_wconf 86' lang='lat' dir='ltr'><strong>omnes</strong></span> <span class='ocrx_word' id='word_1_675' title='bbox 1535 5503 1817 5566; x_wconf 84' lang='lat' dir='ltr'><strong>editiones</strong></span> <span class='ocrx_word' id='word_1_676' title='bbox 1848 5507 2016 5568; x_wconf 87' lang='lat' dir='ltr'><strong>initio</strong></span> <span class='ocrx_word' id='word_1_677' title='bbox 2049 5508 2219 5567; x_wconf 79' lang='lat' dir='ltr'><strong>Retr.</strong></span> <span class='ocrx_word' id='word_1_678' title='bbox 2256 5511 2311 5564; x_wconf 85' lang='lat' dir='ltr'><strong>et</strong></span> <span class='ocrx_word' id='word_1_679' title='bbox 2339 5501 2635 5577; x_wconf 82' lang='lat' dir='ltr'><strong>Confess.,</strong></span> <span class='ocrx_word' id='word_1_680' title='bbox 2671 5510 2714 5564; x_wconf 87' lang='lat' dir='ltr'><strong>t.</strong></span> <span class='ocrx_word' id='word_1_681' title='bbox 2749 5505 2805 5578; x_wconf 84' lang='grc'>1,</span> <span class='ocrx_word' id='word_1_682' title='bbox 2841 5512 3213 5567; x_wconf 88' lang='lat' dir='ltr'><strong>memoratas.</strong></span> <span class='ocrx_word' id='word_1_683' title='bbox 3381 5504 3466 5566; x_wconf 85' lang='lat' dir='ltr'><strong>M.</strong></span> 
     </span>
    </p>
   </div>
   <div class='ocr_carea' id='block_1_75' title="bbox 270 5619 1836 5689">
    <p class='ocr_par' dir='ltr' id='par_1_75' title="bbox 270 5619 1836 5689">
     <span class='ocr_line' id='line_1_75' title="bbox 270 5619 1836 5689; baseline -0.003 -14"><span class='ocrx_word' id='word_1_684' title='bbox 270 5628 285 5662; x_wconf 73' lang='grc' dir='ltr'>ί</span> <span class='ocrx_word' id='word_1_685' title='bbox 304 5627 364 5675; x_wconf 88' lang='lat' dir='ltr'><strong>In</strong></span> <span class='ocrx_word' id='word_1_686' title='bbox 386 5627 514 5689; x_wconf 71' lang='lat' dir='ltr'><strong>ante</strong></span> <span class='ocrx_word' id='word_1_687' title='bbox 531 5625 704 5689; x_wconf 75' lang='lat' dir='ltr'><strong>editis,</strong></span> <span class='ocrx_word' id='word_1_688' title='bbox 725 5626 916 5676; x_wconf 85' lang='lat' dir='ltr'><strong>Comite</strong></span> <span class='ocrx_word' id='word_1_689' title='bbox 927 5626 1062 5689; x_wconf 85' lang='lat' dir='ltr'><strong>regis</strong></span> <span class='ocrx_word' id='word_1_690' title='bbox 1083 5623 1264 5689; x_wconf 43' lang='lat' dir='ltr'><strong>multa:</strong></span> <span class='ocrx_word' id='word_1_691' title='bbox 1281 5623 1341 5671; x_wconf 90' lang='lat' dir='ltr'><strong>In</strong></span> <span class='ocrx_word' id='word_1_692' title='bbox 1360 5620 1482 5689; x_wconf 43' lang='lat' dir='ltr'><strong>Mss:</strong></span> <span class='ocrx_word' id='word_1_693' title='bbox 1496 5619 1836 5689; x_wconf 78' lang='lat' dir='ltr'><strong>quibusdam,</strong></span> 
     </span>
    </p>
   </div>
   <div class='ocr_carea' id='block_1_76' title="bbox 215 5684 1752 5747">
    <p class='ocr_par' dir='ltr' id='par_1_76' title="bbox 215 5684 1752 5747">
     <span class='ocr_line' id='line_1_76' title="bbox 215 5684 1752 5747; baseline -0.004 -8"><span class='ocrx_word' id='word_1_694' title='bbox 215 5689 405 5739; x_wconf 80' lang='lat' dir='ltr'><strong>Comite</strong></span> <span class='ocrx_word' id='word_1_695' title='bbox 425 5688 735 5747; x_wconf 79' lang='lat' dir='ltr'><strong>Feqisvulto.</strong></span> <span class='ocrx_word' id='word_1_696' title='bbox 767 5692 824 5739; x_wconf 89' lang='lat' dir='ltr'><strong>In</strong></span> <span class='ocrx_word' id='word_1_697' title='bbox 856 5684 1193 5745; x_wconf 51' lang='lat' dir='ltr'><strong>aliis-verius,</strong></span> <span class='ocrx_word' id='word_1_698' title='bbox 1222 5686 1418 5735; x_wconf 88' lang='lat' dir='ltr'><strong>Comite</strong></span> <span class='ocrx_word' id='word_1_699' title='bbox 1446 5684 1752 5745; x_wconf 83' lang='lat' dir='ltr'><strong>Segisvulto.</strong></span> 
     </span>
    </p>
   </div>
   <div class='ocr_carea' id='block_1_77' title="bbox 270 5747 1552 5814">
    <p class='ocr_par' dir='ltr' id='par_1_77' title="bbox 270 5747 1552 5814">
     <span class='ocr_line' id='line_1_77' title="bbox 270 5747 1552 5814; baseline -0.006 -11"><span class='ocrx_word' id='word_1_700' title='bbox 270 5755 292 5787; x_wconf 79' lang='grc'>³</span> <span class='ocrx_word' id='word_1_701' title='bbox 320 5753 405 5804; x_wconf 91' lang='lat' dir='ltr'><strong>Sic</strong></span> <span class='ocrx_word' id='word_1_702' title='bbox 433 5752 557 5802; x_wconf 85' lang='lat' dir='ltr'><strong>Mss.</strong></span> <span class='ocrx_word' id='word_1_703' title='bbox 588 5752 725 5802; x_wconf 86' lang='lat' dir='ltr'><strong>Editi</strong></span> <span class='ocrx_word' id='word_1_704' title='bbox 746 5766 891 5812; x_wconf 75' lang='lat' dir='ltr'><strong>vero,</strong></span> <span class='ocrx_word' id='word_1_705' title='bbox 923 5752 1052 5802; x_wconf 82' lang='lat' dir='ltr'><strong>mihi</strong></span> <span class='ocrx_word' id='word_1_706' title='bbox 1080 5752 1252 5814; x_wconf 76' lang='lat' dir='ltr'><strong>facere</strong></span> <span class='ocrx_word' id='word_1_707' title='bbox 1281 5747 1552 5811; x_wconf 75' lang='lat' dir='ltr'><strong>injuriam.</strong></span> 
     </span>
    </p>
   </div>
   <div class='ocr_carea' id='block_1_78' title="bbox 1999 5742 2469 5805">
    <p class='ocr_par' dir='ltr' id='par_1_78' title="bbox 1999 5742 2469 5805">
     <span class='ocr_line' id='line_1_78' title="bbox 1999 5742 2469 5805; baseline -0.013 -7"><span class='ocrx_word' id='word_1_708' title='bbox 1999 5749 2013 5783; x_wconf 88' lang='grc'>¹</span> <span class='ocrx_word' id='word_1_709' title='bbox 2044 5748 2186 5805; x_wconf 63' lang='lat' dir='ltr'><strong>Msa,</strong></span> <span class='ocrx_word' id='word_1_710' title='bbox 2217 5742 2469 5795; x_wconf 78' lang='lat' dir='ltr'><strong>Arimino.</strong></span> 
     </span>
    </p>
   </div>
   <div class='ocr_carea' id='block_1_79' title="bbox 270 5838 3218 5918">
    <p class='ocr_par' dir='ltr' id='par_1_79' title="bbox 270 5838 3218 5918">
     <span class='ocr_line' id='line_1_79' title="bbox 270 5838 3218 5918; baseline -0.001 -17"><span class='ocrx_word' id='word_1_711' title='bbox 270 5852 349 5918; x_wconf 88' lang='grc' dir='ltr'><strong>(α)</strong></span> <span class='ocrx_word' id='word_1_712' title='bbox 375 5850 565 5902; x_wconf 78' lang='lat' dir='ltr'><strong>Habita</strong></span> <span class='ocrx_word' id='word_1_713' title='bbox 592 5864 735 5902; x_wconf 87' lang='lat' dir='ltr'><strong>anno</strong></span> <span class='ocrx_word' id='word_1_714' title='bbox 763 5851 953 5903; x_wconf 77' lang='lat' dir='ltr'><strong>Christi</strong></span> <span class='ocrx_word' id='word_1_715' title='bbox 982 5853 1078 5903; x_wconf 81' lang='lat' dir='ltr'><strong>m</strong></span> <span class='ocrx_word' id='word_1_716' title='bbox 1100 5852 1195 5901; x_wconf 86' lang='lat' dir='ltr'><strong>aut</strong></span> <span class='ocrx_word' id='word_1_717' title='bbox 1221 5849 1329 5899; x_wconf 77' lang='grc'>428.</span> <span class='ocrx_word' id='word_1_718' title='bbox 1359 5845 1518 5907; x_wconf 82' lang='lat' dir='ltr'><strong>Alias,</strong></span> <span class='ocrx_word' id='word_1_719' title='bbox 1539 5844 1738 5896; x_wconf 85' lang='lat' dir='ltr'><strong>Contra</strong></span> <span class='ocrx_word' id='word_1_720' title='bbox 1765 5846 2112 5898; x_wconf 80' lang='lat' dir='ltr'><strong>Maximinum</strong></span> <span class='ocrx_word' id='word_1_721' title='bbox 2140 5844 2459 5895; x_wconf 86' lang='lat' dir='ltr'><strong>Arianorum</strong></span> <span class='ocrx_word' id='word_1_722' title='bbox 2488 5838 2799 5907; x_wconf 83' lang='lat' dir='ltr'><strong>episcopum</strong></span> <span class='ocrx_word' id='word_1_723' title='bbox 2832 5842 2965 5896; x_wconf 85' lang='lat' dir='ltr'><strong>liber</strong></span> <span class='ocrx_word' id='word_1_724' title='bbox 2992 5845 3218 5910; x_wconf 84' lang='lat' dir='ltr'><strong>primus.</strong></span> 
     </span>
    </p>
   </div>
  </div>
