  <div class='ocr_page' id='page_1' title='image "/cluster/home/n/w/nwhite01/storage/ocr_20150623/42/umn.31951d02850084t/359.png"; bbox 0 0 4040 6470; ppageno 0'>
   <div class='ocr_carea' id='block_1_1' title="bbox 488 398 599 458">
    <p class='ocr_par' dir='ltr' id='par_1_1' title="bbox 488 398 599 458">
     <span class='ocr_line' id='line_1_1' title="bbox 488 398 599 458; baseline -0.009 0"><span class='ocrx_word' id='word_1_1' title='bbox 488 398 599 458; x_wconf 74' lang='grc'><strong>’711</strong></span> 
     </span>
    </p>
   </div>
   <div class='ocr_carea' id='block_1_2' title="bbox 492 517 2199 601">
    <p class='ocr_par' dir='ltr' id='par_1_2' title="bbox 492 517 2199 601">
     <span class='ocr_line' id='line_1_2' title="bbox 492 517 2199 601; baseline -0.008 -16"><span class='ocrx_word' id='word_1_2' title='bbox 492 546 573 595; x_wconf 88' lang='lat' dir='ltr'><strong>se,</strong></span> <span class='ocrx_word' id='word_1_3' title='bbox 609 527 744 601; x_wconf 92' lang='lat' dir='ltr'><strong>quia</strong></span> <span class='ocrx_word' id='word_1_4' title='bbox 775 528 913 581; x_wconf 90' lang='lat' dir='ltr'><strong>dum</strong></span> <span class='ocrx_word' id='word_1_5' title='bbox 945 540 1049 596; x_wconf 91' lang='lat' dir='ltr'><strong>ego</strong></span> <span class='ocrx_word' id='word_1_6' title='bbox 1083 536 1398 594; x_wconf 68' lang='lat' dir='ltr'><strong>quaererem</strong></span> <span class='ocrx_word' id='word_1_7' title='bbox 1431 524 1495 574; x_wconf 91' lang='lat' dir='ltr'><strong>ut</strong></span> <span class='ocrx_word' id='word_1_8' title='bbox 1534 519 1756 574; x_wconf 84' lang='lat' dir='ltr'><strong>diceres</strong></span> <span class='ocrx_word' id='word_1_9' title='bbox 1786 517 1927 573; x_wconf 90' lang='lat' dir='ltr'><strong>mihi</strong></span> <span class='ocrx_word' id='word_1_10' title='bbox 1962 518 2134 572; x_wconf 83' lang='lat' dir='ltr'><strong>ﬁdem</strong></span> <span class='ocrx_word' id='word_1_11' title='bbox 2196 582 2199 583; x_wconf 19' lang='grc' dir='ltr'><em>ν</em></span> 
     </span>
    </p>
   </div>
   <div class='ocr_carea' id='block_1_3' title="bbox 489 607 2137 681">
    <p class='ocr_par' dir='ltr' id='par_1_3' title="bbox 489 607 2137 681">
     <span class='ocr_line' id='line_1_3' title="bbox 489 607 2137 681; baseline -0.008 -7"><span class='ocrx_word' id='word_1_12' title='bbox 489 624 653 675; x_wconf 83' lang='lat' dir='ltr'><strong>tuam</strong></span> <span class='ocrx_word' id='word_1_13' title='bbox 688 619 755 671; x_wconf 90' lang='lat' dir='ltr'><strong>de</strong></span> <span class='ocrx_word' id='word_1_14' title='bbox 791 618 951 671; x_wconf 83' lang='lat' dir='ltr'><strong>Patre</strong></span> <span class='ocrx_word' id='word_1_15' title='bbox 984 619 1039 668; x_wconf 89' lang='lat' dir='ltr'><strong>et</strong></span> <span class='ocrx_word' id='word_1_16' title='bbox 1068 612 1209 666; x_wconf 81' lang='lat' dir='ltr'><strong>Filio</strong></span> <span class='ocrx_word' id='word_1_17' title='bbox 1258 617 1314 665; x_wconf 90' lang='lat' dir='ltr'><strong>et</strong></span> <span class='ocrx_word' id='word_1_18' title='bbox 1355 610 1575 681; x_wconf 81' lang='lat' dir='ltr'><strong>Spiritu</strong></span> <span class='ocrx_word' id='word_1_19' title='bbox 1621 613 1839 675; x_wconf 88' lang='lat' dir='ltr'><strong>sancto,</strong></span> <span class='ocrx_word' id='word_1_20' title='bbox 1885 607 2039 679; x_wconf 90' lang='lat' dir='ltr'><strong>quod</strong></span> <span class='ocrx_word' id='word_1_21' title='bbox 2082 613 2137 662; x_wconf 90' lang='lat' dir='ltr'><strong>et</strong></span> 
     </span>
    </p>
   </div>
   <div class='ocr_carea' id='block_1_4' title="bbox 490 695 2134 778">
    <p class='ocr_par' dir='ltr' id='par_1_4' title="bbox 490 695 2134 778">
     <span class='ocr_line' id='line_1_4' title="bbox 490 695 2134 778; baseline -0.009 -15"><span class='ocrx_word' id='word_1_22' title='bbox 490 724 644 763; x_wconf 85' lang='lat' dir='ltr'><strong>nunc</strong></span> <span class='ocrx_word' id='word_1_23' title='bbox 677 721 871 778; x_wconf 88' lang='lat' dir='ltr'><strong>posco,</strong></span> <span class='ocrx_word' id='word_1_24' title='bbox 905 708 966 757; x_wconf 92' lang='lat' dir='ltr'><strong>tu</strong></span> <span class='ocrx_word' id='word_1_25' title='bbox 1016 702 1155 756; x_wconf 90' lang='lat' dir='ltr'><strong>mihi</strong></span> <span class='ocrx_word' id='word_1_26' title='bbox 1199 718 1311 755; x_wconf 91' lang='lat' dir='ltr'><strong>non</strong></span> <span class='ocrx_word' id='word_1_27' title='bbox 1360 698 1556 753; x_wconf 79' lang='lat' dir='ltr'><strong>dixisti</strong></span> <span class='ocrx_word' id='word_1_28' title='bbox 1606 698 1777 753; x_wconf 83' lang='lat' dir='ltr'><strong>ﬁdem</strong></span> <span class='ocrx_word' id='word_1_29' title='bbox 1821 704 2003 766; x_wconf 90' lang='lat' dir='ltr'><strong>tuam,</strong></span> <span class='ocrx_word' id='word_1_30' title='bbox 2035 695 2134 751; x_wconf 89' lang='lat' dir='ltr'><strong>sed</strong></span> 
     </span>
    </p>
   </div>
   <div class='ocr_carea' id='block_1_5' title="bbox 489 783 2134 851">
    <p class='ocr_par' dir='ltr' id='par_1_5' title="bbox 489 783 2134 851">
     <span class='ocr_line' id='line_1_5' title="bbox 489 783 2134 851; baseline -0.008 0"><span class='ocrx_word' id='word_1_31' title='bbox 489 794 801 851; x_wconf 75' lang='lat' dir='ltr'><strong>nominasti</strong></span> <span class='ocrx_word' id='word_1_32' title='bbox 832 794 1197 848; x_wconf 88' lang='lat' dir='ltr'><strong>Ariminense</strong></span> <span class='ocrx_word' id='word_1_33' title='bbox 1229 788 1563 844; x_wconf 84' lang='lat' dir='ltr'><strong>concilium.</strong></span> <span class='ocrx_word' id='word_1_34' title='bbox 1585 787 1782 841; x_wconf 86' lang='lat' dir='ltr'><strong>Fidem</strong></span> <span class='ocrx_word' id='word_1_35' title='bbox 1813 791 1974 841; x_wconf 89' lang='lat' dir='ltr'><strong>tuam</strong></span> <span class='ocrx_word' id='word_1_36' title='bbox 2004 783 2134 839; x_wconf 89' lang='lat' dir='ltr'><strong>volo</strong></span> 
     </span>
    </p>
   </div>
   <div class='ocr_carea' id='block_1_6' title="bbox 488 873 2133 955">
    <p class='ocr_par' dir='ltr' id='par_1_6' title="bbox 488 873 2133 955">
     <span class='ocr_line' id='line_1_6' title="bbox 488 873 2133 955; baseline -0.007 -15"><span class='ocrx_word' id='word_1_37' title='bbox 488 901 681 945; x_wconf 83' lang='lat' dir='ltr'><strong>nosse,</strong></span> <span class='ocrx_word' id='word_1_38' title='bbox 701 883 841 955; x_wconf 89' lang='lat' dir='ltr'><strong>quid</strong></span> <span class='ocrx_word' id='word_1_39' title='bbox 873 882 1094 945; x_wconf 87' lang='lat' dir='ltr'><strong>credas,</strong></span> <span class='ocrx_word' id='word_1_40' title='bbox 1125 879 1264 951; x_wconf 92' lang='lat' dir='ltr'><strong>quid</strong></span> <span class='ocrx_word' id='word_1_41' title='bbox 1299 877 1520 933; x_wconf 79' lang='lat' dir='ltr'><strong>sentias</strong></span> <span class='ocrx_word' id='word_1_42' title='bbox 1542 877 1610 931; x_wconf 90' lang='lat' dir='ltr'><strong>de</strong></span> <span class='ocrx_word' id='word_1_43' title='bbox 1637 875 1803 930; x_wconf 91' lang='lat' dir='ltr'><strong>Patre</strong></span> <span class='ocrx_word' id='word_1_44' title='bbox 1828 881 1883 929; x_wconf 91' lang='lat' dir='ltr'><strong>et</strong></span> <span class='ocrx_word' id='word_1_45' title='bbox 1902 873 2044 929; x_wconf 92' lang='lat' dir='ltr'><strong>Filio</strong></span> <span class='ocrx_word' id='word_1_46' title='bbox 2076 878 2133 929; x_wconf 88' lang='lat' dir='ltr'><strong>et</strong></span> 
     </span>
    </p>
   </div>
   <div class='ocr_carea' id='block_1_7' title="bbox 481 963 2131 1046">
    <p class='ocr_par' dir='ltr' id='par_1_7' title="bbox 481 963 2131 1046">
     <span class='ocr_line' id='line_1_7' title="bbox 481 963 2131 1046; baseline -0.008 -16"><span class='ocrx_word' id='word_1_47' title='bbox 481 973 702 1046; x_wconf 81' lang='lat' dir='ltr'><strong>Spiritu</strong></span> <span class='ocrx_word' id='word_1_48' title='bbox 735 978 957 1028; x_wconf 85' lang='lat' dir='ltr'><strong>sancto.</strong></span> <span class='ocrx_word' id='word_1_49' title='bbox 991 970 1047 1025; x_wconf 89' lang='lat' dir='ltr'>Si</span> <span class='ocrx_word' id='word_1_50' title='bbox 1080 967 1359 1040; x_wconf 83' lang='lat' dir='ltr'><strong>dignaris,</strong></span> <span class='ocrx_word' id='word_1_51' title='bbox 1380 983 1475 1022; x_wconf 92' lang='lat' dir='ltr'><strong>ore</strong></span> <span class='ocrx_word' id='word_1_52' title='bbox 1500 971 1597 1020; x_wconf 90' lang='lat' dir='ltr'><strong>tuo</strong></span> <span class='ocrx_word' id='word_1_53' title='bbox 1612 964 1865 1020; x_wconf 80' lang='lat' dir='ltr'><strong>audiam.</strong></span> <span class='ocrx_word' id='word_1_54' title='bbox 1886 963 2013 1018; x_wconf 90' lang='lat' dir='ltr'>Noli</span> <span class='ocrx_word' id='word_1_55' title='bbox 2038 978 2131 1017; x_wconf 90' lang='lat' dir='ltr'><strong>me</strong></span> 
     </span>
    </p>
   </div>
   <div class='ocr_carea' id='block_1_8' title="bbox 485 1055 2143 1129">
    <p class='ocr_par' dir='ltr' id='par_1_8' title="bbox 485 1055 2143 1129">
     <span class='ocr_line' id='line_1_8' title="bbox 485 1055 2143 1129; baseline -0.008 -11"><span class='ocrx_word' id='word_1_56' title='bbox 485 1063 717 1119; x_wconf 75' lang='lat' dir='ltr'><strong>mittere</strong></span> <span class='ocrx_word' id='word_1_57' title='bbox 748 1063 816 1116; x_wconf 90' lang='lat' dir='ltr'><strong>ad</strong></span> <span class='ocrx_word' id='word_1_58' title='bbox 850 1076 917 1115; x_wconf 91' lang='lat' dir='ltr'><strong>ea</strong></span> <span class='ocrx_word' id='word_1_59' title='bbox 964 1058 1199 1129; x_wconf 88' lang='lat' dir='ltr'><strong>scripta,</strong></span> <span class='ocrx_word' id='word_1_60' title='bbox 1232 1074 1357 1128; x_wconf 73' lang='lat' dir='ltr'><strong>quas</strong></span> <span class='ocrx_word' id='word_1_61' title='bbox 1408 1055 1577 1110; x_wconf 90' lang='lat' dir='ltr'><strong>modo</strong></span> <span class='ocrx_word' id='word_1_62' title='bbox 1631 1058 1733 1108; x_wconf 89' lang='lat' dir='ltr'><strong>aut</strong></span> <span class='ocrx_word' id='word_1_63' title='bbox 1782 1070 1898 1124; x_wconf 63' lang='lat' dir='ltr'><strong>pra:</strong></span> <span class='ocrx_word' id='word_1_64' title='bbox 1952 1068 2143 1106; x_wconf 89' lang='lat' dir='ltr'><strong>manu-</strong></span> 
     </span>
    </p>
   </div>
   <div class='ocr_carea' id='block_1_9' title="bbox 485 1139 2129 1217">
    <p class='ocr_par' dir='ltr' id='par_1_9' title="bbox 485 1139 2129 1217">
     <span class='ocr_line' id='line_1_9' title="bbox 485 1139 2129 1217; baseline -0.007 -11"><span class='ocrx_word' id='word_1_65' title='bbox 485 1168 598 1208; x_wconf 90' lang='lat' dir='ltr'><strong>non</strong></span> <span class='ocrx_word' id='word_1_66' title='bbox 632 1155 792 1217; x_wconf 89' lang='lat' dir='ltr'><strong>sunt,</strong></span> <span class='ocrx_word' id='word_1_67' title='bbox 823 1156 924 1204; x_wconf 91' lang='lat' dir='ltr'><strong>aut</strong></span> <span class='ocrx_word' id='word_1_68' title='bbox 954 1163 1155 1203; x_wconf 90' lang='lat' dir='ltr'><strong>eorum</strong></span> <span class='ocrx_word' id='word_1_69' title='bbox 1204 1144 1546 1200; x_wconf 84' lang='lat' dir='ltr'><strong>auctoritate</strong></span> <span class='ocrx_word' id='word_1_70' title='bbox 1597 1159 1711 1197; x_wconf 90' lang='lat' dir='ltr'><strong>non</strong></span> <span class='ocrx_word' id='word_1_71' title='bbox 1760 1145 1982 1197; x_wconf 90' lang='lat' dir='ltr'><strong>teneor.</strong></span> <span class='ocrx_word' id='word_1_72' title='bbox 2025 1139 2129 1196; x_wconf 89' lang='lat' dir='ltr'><strong>Dio</strong></span> 
     </span>
    </p>
   </div>
   <div class='ocr_carea' id='block_1_10' title="bbox 484 1233 2003 1314">
    <p class='ocr_par' dir='ltr' id='par_1_10' title="bbox 484 1233 2003 1314">
     <span class='ocr_line' id='line_1_10' title="bbox 484 1233 2003 1314; baseline -0.007 -18"><span class='ocrx_word' id='word_1_73' title='bbox 484 1241 623 1314; x_wconf 91' lang='lat' dir='ltr'><strong>quid</strong></span> <span class='ocrx_word' id='word_1_74' title='bbox 656 1240 859 1295; x_wconf 88' lang='lat' dir='ltr'><strong>credas</strong></span> <span class='ocrx_word' id='word_1_75' title='bbox 892 1239 962 1294; x_wconf 88' lang='lat' dir='ltr'><strong>de</strong></span> <span class='ocrx_word' id='word_1_76' title='bbox 991 1238 1158 1292; x_wconf 80' lang='lat' dir='ltr'><strong>Patre</strong></span> <span class='ocrx_word' id='word_1_77' title='bbox 1189 1240 1243 1290; x_wconf 91' lang='lat' dir='ltr'><strong>et</strong></span> <span class='ocrx_word' id='word_1_78' title='bbox 1273 1233 1412 1289; x_wconf 83' lang='lat' dir='ltr'><strong>Filio</strong></span> <span class='ocrx_word' id='word_1_79' title='bbox 1444 1238 1501 1288; x_wconf 90' lang='lat' dir='ltr'><strong>et</strong></span> <span class='ocrx_word' id='word_1_80' title='bbox 1530 1233 1747 1304; x_wconf 89' lang='lat' dir='ltr'><strong>Spiritu</strong></span> <span class='ocrx_word' id='word_1_81' title='bbox 1781 1234 2003 1287; x_wconf 87' lang='lat' dir='ltr'><strong>sancto.</strong></span> 
     </span>
    </p>
   </div>
   <div class='ocr_carea' id='block_1_11' title="bbox 553 1318 2123 1400">
    <p class='ocr_par' dir='ltr' id='par_1_11' title="bbox 553 1318 2123 1400">
     <span class='ocr_line' id='line_1_11' title="bbox 553 1318 2123 1400; baseline -0.006 -17"><span class='ocrx_word' id='word_1_82' title='bbox 553 1333 701 1391; x_wconf 74' lang='lat' dir='ltr'><strong>MAx.</strong></span> <span class='ocrx_word' id='word_1_83' title='bbox 734 1326 1070 1400; x_wconf 90' lang='lat' dir='ltr'><strong>respondit:</strong></span> <span class='ocrx_word' id='word_1_84' title='bbox 1098 1326 1221 1380; x_wconf 92' lang='lat' dir='ltr'><strong>Non</strong></span> <span class='ocrx_word' id='word_1_85' title='bbox 1254 1325 1324 1379; x_wconf 92' lang='lat' dir='ltr'><strong>ad</strong></span> <span class='ocrx_word' id='word_1_86' title='bbox 1358 1322 1756 1378; x_wconf 85' lang='lat' dir='ltr'><strong>excusandum</strong></span> <span class='ocrx_word' id='word_1_87' title='bbox 1790 1336 1879 1376; x_wconf 91' lang='lat' dir='ltr'><strong>me</strong></span> <span class='ocrx_word' id='word_1_88' title='bbox 1912 1318 2123 1375; x_wconf 86' lang='lat' dir='ltr'><strong>Arimi-</strong></span> 
     </span>
    </p>
   </div>
   <div class='ocr_carea' id='block_1_12' title="bbox 481 1409 2126 1475">
    <p class='ocr_par' dir='ltr' id='par_1_12' title="bbox 481 1409 2126 1475">
     <span class='ocr_line' id='line_1_12' title="bbox 481 1409 2126 1475; baseline -0.007 0"><span class='ocrx_word' id='word_1_89' title='bbox 481 1420 683 1475; x_wconf 88' lang='lat' dir='ltr'><strong>nensis</strong></span> <span class='ocrx_word' id='word_1_90' title='bbox 712 1416 938 1474; x_wconf 87' lang='lat' dir='ltr'><strong>concilii</strong></span> <span class='ocrx_word' id='word_1_91' title='bbox 972 1417 1270 1471; x_wconf 88' lang='lat' dir='ltr'><strong>decretum</strong></span> <span class='ocrx_word' id='word_1_92' title='bbox 1301 1413 1582 1467; x_wconf 84' lang='lat' dir='ltr'><strong>interesse</strong></span> <span class='ocrx_word' id='word_1_93' title='bbox 1604 1409 1779 1474; x_wconf 90' lang='lat' dir='ltr'><strong>volui,</strong></span> <span class='ocrx_word' id='word_1_94' title='bbox 1809 1410 1909 1465; x_wconf 91' lang='lat' dir='ltr'><strong>sed</strong></span> <span class='ocrx_word' id='word_1_95' title='bbox 1944 1413 2006 1464; x_wconf 91' lang='lat' dir='ltr'><strong>ut</strong></span> <span class='ocrx_word' id='word_1_96' title='bbox 2036 1426 2126 1464; x_wconf 87' lang='lat' dir='ltr'><strong>os-</strong></span> 
     </span>
    </p>
   </div>
   <div class='ocr_carea' id='block_1_13' title="bbox 477 1499 2123 1573">
    <p class='ocr_par' dir='ltr' id='par_1_13' title="bbox 477 1499 2123 1573">
     <span class='ocr_line' id='line_1_13' title="bbox 477 1499 2123 1573; baseline -0.007 -9"><span class='ocrx_word' id='word_1_97' title='bbox 477 1509 712 1564; x_wconf 81' lang='lat' dir='ltr'><strong>tendam</strong></span> <span class='ocrx_word' id='word_1_98' title='bbox 754 1506 1157 1562; x_wconf 80' lang='lat' dir='ltr'><strong>auctoritatem</strong></span> <span class='ocrx_word' id='word_1_99' title='bbox 1190 1508 1452 1568; x_wconf 88' lang='lat' dir='ltr'><strong>Patrum,</strong></span> <span class='ocrx_word' id='word_1_100' title='bbox 1491 1500 1588 1573; x_wconf 79' lang='lat' dir='ltr'><strong>qui</strong></span> <span class='ocrx_word' id='word_1_101' title='bbox 1619 1500 1945 1556; x_wconf 89' lang='lat' dir='ltr'><strong>secundum</strong></span> <span class='ocrx_word' id='word_1_102' title='bbox 1978 1499 2123 1553; x_wconf 91' lang='lat' dir='ltr'><strong>divi-</strong></span> 
     </span>
    </p>
   </div>
   <div class='ocr_carea' id='block_1_14' title="bbox 476 1588 2122 1668">
    <p class='ocr_par' dir='ltr' id='par_1_14' title="bbox 476 1588 2122 1668">
     <span class='ocr_line' id='line_1_14' title="bbox 476 1588 2122 1668; baseline -0.007 -15"><span class='ocrx_word' id='word_1_103' title='bbox 476 1615 581 1653; x_wconf 89' lang='lat' dir='ltr'><strong>nas</strong></span> <span class='ocrx_word' id='word_1_104' title='bbox 616 1596 944 1668; x_wconf 87' lang='lat' dir='ltr'><strong>Scripturas</strong></span> <span class='ocrx_word' id='word_1_105' title='bbox 968 1595 1139 1649; x_wconf 77' lang='lat' dir='ltr'><strong>fidem</strong></span> <span class='ocrx_word' id='word_1_106' title='bbox 1174 1592 1340 1648; x_wconf 91' lang='lat' dir='ltr'><strong>nobis</strong></span> <span class='ocrx_word' id='word_1_107' title='bbox 1362 1591 1731 1646; x_wconf 88' lang='lat' dir='ltr'><strong>tradiderunt</strong></span> <span class='ocrx_word' id='word_1_108' title='bbox 1759 1588 1920 1643; x_wconf 88' lang='lat' dir='ltr'><strong>illam</strong></span> <span class='ocrx_word' id='word_1_109' title='bbox 1944 1604 2122 1659; x_wconf 89' lang='lat' dir='ltr'><strong>quam</strong></span> 
     </span>
    </p>
   </div>
   <div class='ocr_carea' id='block_1_15' title="bbox 476 1677 2123 1756">
    <p class='ocr_par' dir='ltr' id='par_1_15' title="bbox 476 1677 2123 1756">
     <span class='ocr_line' id='line_1_15' title="bbox 476 1677 2123 1756; baseline -0.005 -15"><span class='ocrx_word' id='word_1_110' title='bbox 476 1704 508 1741; x_wconf 92' lang='lat' dir='ltr'><strong>a</strong></span> <span class='ocrx_word' id='word_1_111' title='bbox 539 1686 752 1741; x_wconf 89' lang='lat' dir='ltr'><strong>divinis</strong></span> <span class='ocrx_word' id='word_1_112' title='bbox 780 1684 1093 1756; x_wconf 88' lang='lat' dir='ltr'><strong>Scripturis</strong></span> <span class='ocrx_word' id='word_1_113' title='bbox 1124 1680 1589 1737; x_wconf 90' lang='lat' dir='ltr'><strong>didicerunt.Sin</strong></span> <span class='ocrx_word' id='word_1_114' title='bbox 1608 1695 1741 1735; x_wconf 89' lang='lat' dir='ltr'><strong>vero</strong></span> <span class='ocrx_word' id='word_1_115' title='bbox 1763 1677 2123 1750; x_wconf 83' lang='lat' dir='ltr'><strong>placet;quia</strong></span> 
     </span>
    </p>
   </div>
   <div class='ocr_carea' id='block_1_16' title="bbox 473 1766 2121 1845">
    <p class='ocr_par' dir='ltr' id='par_1_16' title="bbox 473 1766 2121 1845">
     <span class='ocr_line' id='line_1_16' title="bbox 473 1766 2121 1845; baseline -0.006 -14"><span class='ocrx_word' id='word_1_116' title='bbox 473 1776 630 1832; x_wconf 86' lang='lat' dir='ltr'><strong>corde</strong></span> <span class='ocrx_word' id='word_1_117' title='bbox 657 1774 898 1831; x_wconf 77' lang='lat' dir='ltr'><strong>creditur</strong></span> <span class='ocrx_word' id='word_1_118' title='bbox 923 1773 991 1829; x_wconf 89' lang='lat' dir='ltr'><strong>ad</strong></span> <span class='ocrx_word' id='word_1_119' title='bbox 1009 1773 1312 1845; x_wconf 81' lang='lat' dir='ltr'><strong>justitiam,</strong></span> <span class='ocrx_word' id='word_1_120' title='bbox 1344 1786 1435 1826; x_wconf 87' lang='lat' dir='ltr'><strong>ore</strong></span> <span class='ocrx_word' id='word_1_121' title='bbox 1465 1778 1645 1824; x_wconf 87' lang='lat' dir='ltr'><strong>autem</strong></span> <span class='ocrx_word' id='word_1_122' title='bbox 1684 1768 1945 1836; x_wconf 79' lang='lat' dir='ltr'><strong>confessio</strong></span> <span class='ocrx_word' id='word_1_123' title='bbox 1966 1768 2027 1837; x_wconf 80' lang='lat' dir='ltr'><strong>fit</strong></span> <span class='ocrx_word' id='word_1_124' title='bbox 2052 1766 2121 1822; x_wconf 86' lang='lat' dir='ltr'><strong>ad</strong></span> 
     </span>
    </p>
   </div>
   <div class='ocr_carea' id='block_1_17' title="bbox 469 1858 2120 1937">
    <p class='ocr_par' dir='ltr' id='par_1_17' title="bbox 469 1858 2120 1937">
     <span class='ocr_line' id='line_1_17' title="bbox 469 1858 2120 1937; baseline -0.006 -17"><span class='ocrx_word' id='word_1_125' title='bbox 469 1866 705 1920; x_wconf 86' lang='lat' dir='ltr'><strong>salutem</strong></span> <span class='ocrx_word' id='word_1_126' title='bbox 724 1865 900 1937; x_wconf 84' lang='lat' dir='ltr'><strong>(Rom.</strong></span> <span class='ocrx_word' id='word_1_127' title='bbox 925 1881 981 1928; x_wconf 87' lang='lat' dir='ltr'><strong>x,</strong></span> <span class='ocrx_word' id='word_1_128' title='bbox 1008 1864 1095 1929; x_wconf 88' lang='grc'><strong>10)</strong></span> <span class='ocrx_word' id='word_1_129' title='bbox 1116 1880 1133 1915; x_wconf 90' lang='lat'><strong><em>:</em></strong></span> <span class='ocrx_word' id='word_1_130' title='bbox 1158 1859 1425 1916; x_wconf 88' lang='lat' dir='ltr'><strong>instructi</strong></span> <span class='ocrx_word' id='word_1_131' title='bbox 1455 1858 1667 1914; x_wconf 89' lang='lat' dir='ltr'><strong>etenim</strong></span> <span class='ocrx_word' id='word_1_132' title='bbox 1700 1874 1907 1912; x_wconf 89' lang='lat' dir='ltr'><strong>sumus</strong></span> <span class='ocrx_word' id='word_1_133' title='bbox 1933 1861 1989 1911; x_wconf 90' lang='lat' dir='ltr'><strong>et</strong></span> <span class='ocrx_word' id='word_1_134' title='bbox 2019 1873 2120 1927; x_wconf 85' lang='lat' dir='ltr'><strong>pa-</strong></span> 
     </span>
    </p>
   </div>
   <div class='ocr_carea' id='block_1_18' title="bbox 469 1946 2114 2024">
    <p class='ocr_par' dir='ltr' id='par_1_18' title="bbox 469 1946 2114 2024">
     <span class='ocr_line' id='line_1_18' title="bbox 469 1946 2114 2024; baseline -0.006 -15"><span class='ocrx_word' id='word_1_135' title='bbox 469 1955 576 2009; x_wconf 87' lang='lat' dir='ltr'><strong>rati</strong></span> <span class='ocrx_word' id='word_1_136' title='bbox 611 1954 683 2009; x_wconf 91' lang='lat' dir='ltr'><strong>ad</strong></span> <span class='ocrx_word' id='word_1_137' title='bbox 716 1951 1186 2024; x_wconf 88' lang='lat' dir='ltr'><strong>respondendum</strong></span> <span class='ocrx_word' id='word_1_138' title='bbox 1209 1948 1369 2005; x_wconf 90' lang='lat' dir='ltr'><strong>omni</strong></span> <span class='ocrx_word' id='word_1_139' title='bbox 1400 1948 1728 2020; x_wconf 84' lang='lat' dir='ltr'><strong>exposcenti</strong></span> <span class='ocrx_word' id='word_1_140' title='bbox 1749 1947 1820 2001; x_wconf 92' lang='lat' dir='ltr'><strong>de</strong></span> <span class='ocrx_word' id='word_1_141' title='bbox 1843 1946 2010 2001; x_wconf 91' lang='lat' dir='ltr'><strong>nobis</strong></span> <span class='ocrx_word' id='word_1_142' title='bbox 2027 1963 2114 2000; x_wconf 86' lang='lat' dir='ltr'><strong>ra-</strong></span> 
     </span>
    </p>
   </div>
   <div class='ocr_carea' id='block_1_19' title="bbox 468 2036 2114 2111">
    <p class='ocr_par' dir='ltr' id='par_1_19' title="bbox 468 2036 2114 2111">
     <span class='ocr_line' id='line_1_19' title="bbox 468 2036 2114 2111; baseline -0.006 -12"><span class='ocrx_word' id='word_1_143' title='bbox 468 2043 689 2099; x_wconf 89' lang='lat' dir='ltr'><strong>tionem</strong></span> <span class='ocrx_word' id='word_1_144' title='bbox 721 2043 792 2097; x_wconf 92' lang='lat' dir='ltr'><strong>de</strong></span> <span class='ocrx_word' id='word_1_145' title='bbox 823 2041 935 2096; x_wconf 83' lang='lat' dir='ltr'><strong>fide</strong></span> <span class='ocrx_word' id='word_1_146' title='bbox 966 2045 1021 2095; x_wconf 90' lang='lat' dir='ltr'><strong>et</strong></span> <span class='ocrx_word' id='word_1_147' title='bbox 1052 2056 1153 2111; x_wconf 87' lang='lat' dir='ltr'><strong>spe</strong></span> <span class='ocrx_word' id='word_1_148' title='bbox 1184 2055 1309 2111; x_wconf 68' lang='lat' dir='ltr'><strong>quis</strong></span> <span class='ocrx_word' id='word_1_149' title='bbox 1344 2038 1404 2092; x_wconf 92' lang='lat' dir='ltr'><strong>in</strong></span> <span class='ocrx_word' id='word_1_150' title='bbox 1440 2037 1606 2092; x_wconf 86' lang='lat' dir='ltr'><strong>nobis</strong></span> <span class='ocrx_word' id='word_1_151' title='bbox 1636 2040 1725 2091; x_wconf 91' lang='lat' dir='ltr'><strong>est</strong></span> <span class='ocrx_word' id='word_1_152' title='bbox 1754 2036 1799 2106; x_wconf 89' lang='grc' dir='ltr'><strong>(Ι</strong></span> <span class='ocrx_word' id='word_1_153' title='bbox 1843 2036 1996 2089; x_wconf 82' lang='lat' dir='ltr'><strong>Petr.</strong></span> <span class='ocrx_word' id='word_1_154' title='bbox 2030 2051 2114 2099; x_wconf 84' lang='lat' dir='ltr'><strong>III,</strong></span> 
     </span>
    </p>
   </div>
   <div class='ocr_carea' id='block_1_20' title="bbox 473 2123 2112 2203">
    <p class='ocr_par' dir='ltr' id='par_1_20' title="bbox 473 2123 2112 2203">
     <span class='ocr_line' id='line_1_20' title="bbox 473 2123 2112 2203; baseline -0.007 -15"><span class='ocrx_word' id='word_1_155' title='bbox 473 2132 559 2203; x_wconf 86' lang='grc'><strong>15)</strong></span> <span class='ocrx_word' id='word_1_156' title='bbox 588 2148 599 2187; x_wconf 91' lang='lat'>:</span> <span class='ocrx_word' id='word_1_157' title='bbox 629 2136 685 2187; x_wconf 88' lang='lat' dir='ltr'><strong>et</strong></span> <span class='ocrx_word' id='word_1_158' title='bbox 726 2134 1000 2203; x_wconf 71' lang='lat' dir='ltr'><strong>praetcrea</strong></span> <span class='ocrx_word' id='word_1_159' title='bbox 1048 2144 1180 2184; x_wconf 90' lang='lat' dir='ltr'><strong>cum</strong></span> <span class='ocrx_word' id='word_1_160' title='bbox 1234 2126 1516 2183; x_wconf 88' lang='lat' dir='ltr'><strong>Dominus</strong></span> <span class='ocrx_word' id='word_1_161' title='bbox 1562 2125 1690 2196; x_wconf 91' lang='lat' dir='ltr'><strong>ipse</strong></span> <span class='ocrx_word' id='word_1_162' title='bbox 1734 2128 1905 2179; x_wconf 87' lang='lat' dir='ltr'><strong>Jesus</strong></span> <span class='ocrx_word' id='word_1_163' title='bbox 1937 2123 2112 2192; x_wconf 87' lang='lat' dir='ltr'><strong>dicat,</strong></span> 
     </span>
    </p>
   </div>
   <div class='ocr_carea' id='block_1_21' title="bbox 467 2213 2116 2291">
    <p class='ocr_par' dir='ltr' id='par_1_21' title="bbox 467 2213 2116 2291">
     <span class='ocr_line' id='line_1_21' title="bbox 467 2213 2116 2291; baseline -0.005 -16"><span class='ocrx_word' id='word_1_164' title='bbox 467 2223 580 2291; x_wconf 85' lang='lat' dir='ltr'><strong>Qui</strong></span> <span class='ocrx_word' id='word_1_165' title='bbox 606 2237 694 2275; x_wconf 85' lang='lat' dir='ltr'><strong>me</strong></span> <span class='ocrx_word' id='word_1_166' title='bbox 720 2222 999 2290; x_wconf 79' lang='lat' dir='ltr'><strong>confessus</strong></span> <span class='ocrx_word' id='word_1_167' title='bbox 1050 2220 1220 2290; x_wconf 79' lang='lat' dir='ltr'><strong>fuerit</strong></span> <span class='ocrx_word' id='word_1_168' title='bbox 1265 2233 1449 2272; x_wconf 90' lang='lat' dir='ltr'><strong>coram</strong></span> <span class='ocrx_word' id='word_1_169' title='bbox 1481 2214 1795 2278; x_wconf 85' lang='lat' dir='ltr'><strong>homnibus,</strong></span> <span class='ocrx_word' id='word_1_170' title='bbox 1825 2213 2116 2283; x_wconf 82' lang='lat' dir='ltr'><strong>conﬁtebor</strong></span> 
     </span>
    </p>
   </div>
   <div class='ocr_carea' id='block_1_22' title="bbox 465 2308 2109 2385">
    <p class='ocr_par' dir='ltr' id='par_1_22' title="bbox 465 2308 2109 2385">
     <span class='ocr_line' id='line_1_22' title="bbox 465 2308 2109 2385; baseline -0.004 -17"><span class='ocrx_word' id='word_1_171' title='bbox 465 2323 515 2368; x_wconf 86' lang='lat' dir='ltr'><strong>et</strong></span> <span class='ocrx_word' id='word_1_172' title='bbox 544 2330 637 2385; x_wconf 86' lang='lat' dir='ltr'><strong>ego</strong></span> <span class='ocrx_word' id='word_1_173' title='bbox 661 2330 783 2368; x_wconf 89' lang='lat' dir='ltr'><strong>eum</strong></span> <span class='ocrx_word' id='word_1_174' title='bbox 810 2329 992 2367; x_wconf 91' lang='lat' dir='ltr'><strong>coram</strong></span> <span class='ocrx_word' id='word_1_175' title='bbox 1012 2316 1175 2365; x_wconf 86' lang='lat' dir='ltr'><strong>Putre</strong></span> <span class='ocrx_word' id='word_1_176' title='bbox 1194 2325 1309 2365; x_wconf 91' lang='lat' dir='ltr'><strong>meo</strong></span> <span class='ocrx_word' id='word_1_177' title='bbox 1329 2310 1423 2380; x_wconf 96' lang='lat' dir='ltr'><strong>qui</strong></span> <span class='ocrx_word' id='word_1_178' title='bbox 1450 2312 1527 2364; x_wconf 88' lang='lat' dir='ltr'><strong>est</strong></span> <span class='ocrx_word' id='word_1_179' title='bbox 1560 2310 1619 2362; x_wconf 89' lang='lat' dir='ltr'><strong>in</strong></span> <span class='ocrx_word' id='word_1_180' title='bbox 1647 2309 1817 2374; x_wconf 78' lang='lat' dir='ltr'><strong>caelis,-</strong></span> <span class='ocrx_word' id='word_1_181' title='bbox 1835 2308 1992 2378; x_wconf 87' lang='lat' dir='ltr'><strong>etqui</strong></span> <span class='ocrx_word' id='word_1_182' title='bbox 2010 2322 2109 2361; x_wconf 35' lang='lat' dir='ltr'><strong>nes</strong></span> 
     </span>
    </p>
   </div>
   <div class='ocr_carea' id='block_1_23' title="bbox 464 2399 2113 2472">
    <p class='ocr_par' dir='ltr' id='par_1_23' title="bbox 464 2399 2113 2472">
     <span class='ocr_line' id='line_1_23' title="bbox 464 2399 2113 2472; baseline -0.004 -15"><span class='ocrx_word' id='word_1_183' title='bbox 464 2406 673 2472; x_wconf 86' lang='lat' dir='ltr'><strong>gaverit</strong></span> <span class='ocrx_word' id='word_1_184' title='bbox 702 2419 787 2458; x_wconf 88' lang='lat' dir='ltr'><strong>me</strong></span> <span class='ocrx_word' id='word_1_185' title='bbox 804 2419 989 2457; x_wconf 84' lang='lat' dir='ltr'><strong>coram</strong></span> <span class='ocrx_word' id='word_1_186' title='bbox 1006 2402 1315 2465; x_wconf 84' lang='lat' dir='ltr'><strong>homnibus,</strong></span> <span class='ocrx_word' id='word_1_187' title='bbox 1335 2399 1551 2471; x_wconf 80' lang='lat' dir='ltr'><strong>negabo</strong></span> <span class='ocrx_word' id='word_1_188' title='bbox 1581 2401 1635 2452; x_wconf 87' lang='lat' dir='ltr'><strong>et</strong></span> <span class='ocrx_word' id='word_1_189' title='bbox 1667 2413 1759 2467; x_wconf 87' lang='lat' dir='ltr'><strong>ego</strong></span> <span class='ocrx_word' id='word_1_190' title='bbox 1782 2414 1907 2452; x_wconf 88' lang='lat' dir='ltr'><strong>eum</strong></span> <span class='ocrx_word' id='word_1_191' title='bbox 1926 2413 2113 2451; x_wconf 87' lang='lat' dir='ltr'><strong>coram</strong></span> 
     </span>
    </p>
   </div>
   <div class='ocr_carea' id='block_1_24' title="bbox 467 2486 2108 2562">
    <p class='ocr_par' dir='ltr' id='par_1_24' title="bbox 467 2486 2108 2562">
     <span class='ocr_line' id='line_1_24' title="bbox 467 2486 2108 2562; baseline -0.004 -16"><span class='ocrx_word' id='word_1_192' title='bbox 467 2496 643 2546; x_wconf 85' lang='lat' dir='ltr'><strong>Patre</strong></span> <span class='ocrx_word' id='word_1_193' title='bbox 686 2507 804 2546; x_wconf 86' lang='lat' dir='ltr'><strong>meo</strong></span> <span class='ocrx_word' id='word_1_194' title='bbox 834 2493 932 2562; x_wconf 89' lang='lat' dir='ltr'><strong>qui</strong></span> <span class='ocrx_word' id='word_1_195' title='bbox 966 2494 1025 2545; x_wconf 87' lang='lat' dir='ltr'><strong>in</strong></span> <span class='ocrx_word' id='word_1_196' title='bbox 1054 2489 1212 2545; x_wconf 79' lang='lat' dir='ltr'><strong>caelis</strong></span> <span class='ocrx_word' id='word_1_197' title='bbox 1242 2497 1320 2545; x_wconf 86' lang='lat' dir='ltr'><strong>est</strong></span> <span class='ocrx_word' id='word_1_198' title='bbox 1345 2489 1555 2555; x_wconf 86' lang='lat' dir='ltr'><strong>(Matth.</strong></span> <span class='ocrx_word' id='word_1_199' title='bbox 1590 2505 1640 2541; x_wconf 87' lang='lat' dir='ltr'><strong>x.</strong></span> <span class='ocrx_word' id='word_1_200' title='bbox 1675 2488 1765 2551; x_wconf 81' lang='lat'><strong>32,</strong></span> <span class='ocrx_word' id='word_1_201' title='bbox 1799 2486 1888 2557; x_wconf 69' lang='lat'><strong>23)</strong></span> <span class='ocrx_word' id='word_1_202' title='bbox 1914 2503 1924 2541; x_wconf 92' lang='lat'>:</span> <span class='ocrx_word' id='word_1_203' title='bbox 1952 2486 2108 2541; x_wconf 87' lang='lat' dir='ltr'><strong>istud</strong></span> 
     </span>
    </p>
   </div>
   <div class='ocr_carea' id='block_1_25' title="bbox 467 2574 2106 2651">
    <p class='ocr_par' dir='ltr' id='par_1_25' title="bbox 467 2574 2106 2651">
     <span class='ocr_line' id='line_1_25' title="bbox 467 2574 2106 2651; baseline -0.003 -17"><span class='ocrx_word' id='word_1_204' title='bbox 467 2579 788 2651; x_wconf 91' lang='lat' dir='ltr'><strong>periculum</strong></span> <span class='ocrx_word' id='word_1_205' title='bbox 819 2581 1053 2643; x_wconf 91' lang='lat' dir='ltr'><strong>timens,</strong></span> <span class='ocrx_word' id='word_1_206' title='bbox 1087 2578 1354 2650; x_wconf 88' lang='lat' dir='ltr'><strong>quamvis</strong></span> <span class='ocrx_word' id='word_1_207' title='bbox 1404 2578 1559 2649; x_wconf 86' lang='lat' dir='ltr'><strong>leges</strong></span> <span class='ocrx_word' id='word_1_208' title='bbox 1616 2574 1943 2647; x_wconf 89' lang='lat' dir='ltr'><strong>imperiales</strong></span> <span class='ocrx_word' id='word_1_209' title='bbox 1994 2592 2106 2630; x_wconf 90' lang='lat' dir='ltr'><strong>non</strong></span> 
     </span>
    </p>
   </div>
   <div class='ocr_carea' id='block_1_26' title="bbox 467 2663 2107 2740">
    <p class='ocr_par' dir='ltr' id='par_1_26' title="bbox 467 2663 2107 2740">
     <span class='ocr_line' id='line_1_26' title="bbox 467 2663 2107 2740; baseline -0.003 -17"><span class='ocrx_word' id='word_1_210' title='bbox 467 2669 690 2740; x_wconf 89' lang='lat' dir='ltr'><strong>ignoro,</strong></span> <span class='ocrx_word' id='word_1_211' title='bbox 747 2674 941 2723; x_wconf 89' lang='lat' dir='ltr'><strong>tamen</strong></span> <span class='ocrx_word' id='word_1_212' title='bbox 992 2673 1277 2739; x_wconf 59' lang='lat' dir='ltr'><strong>praecepto</strong></span> <span class='ocrx_word' id='word_1_213' title='bbox 1325 2666 1640 2721; x_wconf 88' lang='lat' dir='ltr'><strong>Salvatoris</strong></span> <span class='ocrx_word' id='word_1_214' title='bbox 1700 2666 1962 2733; x_wconf 85' lang='lat' dir='ltr'><strong>edoctus,</strong></span> <span class='ocrx_word' id='word_1_215' title='bbox 2008 2663 2107 2735; x_wconf 90' lang='lat' dir='ltr'><strong>qui</strong></span> 
     </span>
    </p>
   </div>
   <div class='ocr_carea' id='block_1_27' title="bbox 468 2753 2110 2827">
    <p class='ocr_par' dir='ltr' id='par_1_27' title="bbox 468 2753 2110 2827">
     <span class='ocr_line' id='line_1_27' title="bbox 468 2753 2110 2827; baseline -0.004 -14"><span class='ocrx_word' id='word_1_216' title='bbox 468 2758 697 2813; x_wconf 87' lang='lat' dir='ltr'><strong>monuit</strong></span> <span class='ocrx_word' id='word_1_217' title='bbox 730 2774 833 2812; x_wconf 88' lang='lat' dir='ltr'><strong>nos</strong></span> <span class='ocrx_word' id='word_1_218' title='bbox 872 2762 927 2812; x_wconf 87' lang='lat' dir='ltr'><strong>et</strong></span> <span class='ocrx_word' id='word_1_219' title='bbox 959 2757 1124 2821; x_wconf 84' lang='lat' dir='ltr'><strong>dixit,</strong></span> <span class='ocrx_word' id='word_1_220' title='bbox 1150 2757 1324 2812; x_wconf 89' lang='lat' dir='ltr'><strong>Nolite</strong></span> <span class='ocrx_word' id='word_1_221' title='bbox 1353 2758 1546 2810; x_wconf 88' lang='lat' dir='ltr'><strong>timere</strong></span> <span class='ocrx_word' id='word_1_222' title='bbox 1583 2771 1670 2809; x_wconf 77' lang='lat' dir='ltr'><strong>eos</strong></span> <span class='ocrx_word' id='word_1_223' title='bbox 1717 2756 1813 2827; x_wconf 88' lang='lat' dir='ltr'><strong>qui</strong></span> <span class='ocrx_word' id='word_1_224' title='bbox 1858 2753 2110 2808; x_wconf 88' lang='lat' dir='ltr'><strong>occidunt</strong></span> 
     </span>
    </p>
   </div>
   <div class='ocr_carea' id='block_1_28' title="bbox 463 2842 2107 2917">
    <p class='ocr_par' dir='ltr' id='par_1_28' title="bbox 463 2842 2107 2917">
     <span class='ocr_line' id='line_1_28' title="bbox 463 2842 2107 2917; baseline -0.004 -15"><span class='ocrx_word' id='word_1_225' title='bbox 463 2862 684 2917; x_wconf 86' lang='lat' dir='ltr'><strong>corpus,</strong></span> <span class='ocrx_word' id='word_1_226' title='bbox 704 2849 953 2901; x_wconf 81' lang='lat' dir='ltr'><strong>animum</strong></span> <span class='ocrx_word' id='word_1_227' title='bbox 968 2855 1152 2900; x_wconf 86' lang='lat' dir='ltr'><strong>autem</strong></span> <span class='ocrx_word' id='word_1_228' title='bbox 1173 2862 1282 2899; x_wconf 88' lang='lat' dir='ltr'><strong>non</strong></span> <span class='ocrx_word' id='word_1_229' title='bbox 1297 2848 1517 2916; x_wconf 83' lang='lat' dir='ltr'><strong>possunt</strong></span> <span class='ocrx_word' id='word_1_230' title='bbox 1537 2845 1785 2899; x_wconf 78' lang='lat' dir='ltr'><strong>occidere</strong></span> <span class='ocrx_word' id='word_1_231' title='bbox 1806 2842 1966 2914; x_wconf 83' lang='lat' dir='ltr'><strong>(Ibid.</strong></span> <span class='ocrx_word' id='word_1_232' title='bbox 1993 2844 2107 2912; x_wconf 83' lang='lat'><strong>28);</strong></span> 
     </span>
    </p>
   </div>
   <div class='ocr_carea' id='block_1_29' title="bbox 467 2932 2107 3006">
    <p class='ocr_par' dir='ltr' id='par_1_29' title="bbox 467 2932 2107 3006">
     <span class='ocr_line' id='line_1_29' title="bbox 467 2932 2107 3006; baseline -0.002 -17"><span class='ocrx_word' id='word_1_233' title='bbox 467 2936 787 3006; x_wconf 85' lang='lat' dir='ltr'><strong>respondeo</strong></span> <span class='ocrx_word' id='word_1_234' title='bbox 818 2934 1114 2990; x_wconf 85' lang='lat' dir='ltr'><strong>evidenter</strong></span> <span class='ocrx_word' id='word_1_235' title='bbox 1146 2949 1159 2987; x_wconf 89' lang='lat'><strong>:</strong></span> <span class='ocrx_word' id='word_1_236' title='bbox 1192 2933 1372 2989; x_wconf 89' lang='lat' dir='ltr'><strong>Credo</strong></span> <span class='ocrx_word' id='word_1_237' title='bbox 1413 2932 1566 3003; x_wconf 87' lang='lat' dir='ltr'><strong>quod</strong></span> <span class='ocrx_word' id='word_1_238' title='bbox 1626 2949 1780 2986; x_wconf 90' lang='lat' dir='ltr'><strong>unus</strong></span> <span class='ocrx_word' id='word_1_239' title='bbox 1830 2937 1919 2987; x_wconf 88' lang='lat' dir='ltr'><strong>est</strong></span> <span class='ocrx_word' id='word_1_240' title='bbox 1958 2937 2107 2987; x_wconf 89' lang='lat' dir='ltr'><strong>Deus</strong></span> 
     </span>
    </p>
   </div>
   <div class='ocr_carea' id='block_1_30' title="bbox 465 3020 2108 3094">
    <p class='ocr_par' dir='ltr' id='par_1_30' title="bbox 465 3020 2108 3094">
     <span class='ocr_line' id='line_1_30' title="bbox 465 3020 2108 3094; baseline 0 -17"><span class='ocrx_word' id='word_1_241' title='bbox 465 3022 653 3093; x_wconf 89' lang='lat' dir='ltr'><strong>Pater,</strong></span> <span class='ocrx_word' id='word_1_242' title='bbox 687 3023 783 3094; x_wconf 87' lang='lat' dir='ltr'><strong>qui</strong></span> <span class='ocrx_word' id='word_1_243' title='bbox 827 3041 860 3078; x_wconf 89' lang='lat' dir='ltr'><strong>a</strong></span> <span class='ocrx_word' id='word_1_244' title='bbox 892 3021 1048 3077; x_wconf 89' lang='lat' dir='ltr'><strong>nullo</strong></span> <span class='ocrx_word' id='word_1_245' title='bbox 1077 3023 1254 3076; x_wconf 89' lang='lat' dir='ltr'><strong>vitam</strong></span> <span class='ocrx_word' id='word_1_246' title='bbox 1297 3021 1548 3092; x_wconf 83' lang='lat' dir='ltr'><strong>accepit;</strong></span> <span class='ocrx_word' id='word_1_247' title='bbox 1582 3026 1637 3075; x_wconf 89' lang='lat' dir='ltr'><strong>et</strong></span> <span class='ocrx_word' id='word_1_248' title='bbox 1667 3020 1804 3091; x_wconf 86' lang='lat' dir='ltr'><strong>quia</strong></span> <span class='ocrx_word' id='word_1_249' title='bbox 1834 3038 1988 3075; x_wconf 91' lang='lat' dir='ltr'><strong>unus</strong></span> <span class='ocrx_word' id='word_1_250' title='bbox 2019 3026 2108 3077; x_wconf 88' lang='lat' dir='ltr'><strong>est</strong></span> 
     </span>
    </p>
   </div>
   <div class='ocr_carea' id='block_1_31' title="bbox 461 3110 2106 3184">
    <p class='ocr_par' dir='ltr' id='par_1_31' title="bbox 461 3110 2106 3184">
     <span class='ocr_line' id='line_1_31' title="bbox 461 3110 2106 3184; baseline -0.001 -18"><span class='ocrx_word' id='word_1_251' title='bbox 461 3112 663 3179; x_wconf 83' lang='lat' dir='ltr'><strong>Filius,</strong></span> <span class='ocrx_word' id='word_1_252' title='bbox 698 3112 795 3184; x_wconf 92' lang='lat' dir='ltr'><strong>qui</strong></span> <span class='ocrx_word' id='word_1_253' title='bbox 837 3112 991 3183; x_wconf 91' lang='lat' dir='ltr'><strong>quod</strong></span> <span class='ocrx_word' id='word_1_254' title='bbox 1022 3116 1111 3166; x_wconf 87' lang='lat' dir='ltr'><strong>est</strong></span> <span class='ocrx_word' id='word_1_255' title='bbox 1166 3119 1218 3165; x_wconf 84' lang='lat' dir='ltr'><strong>et</strong></span> <span class='ocrx_word' id='word_1_256' title='bbox 1248 3111 1398 3181; x_wconf 91' lang='lat' dir='ltr'><strong>quod</strong></span> <span class='ocrx_word' id='word_1_257' title='bbox 1432 3110 1591 3177; x_wconf 85' lang='lat' dir='ltr'><strong>vivit,</strong></span> <span class='ocrx_word' id='word_1_258' title='bbox 1624 3127 1658 3165; x_wconf 92' lang='lat' dir='ltr'><strong>a</strong></span> <span class='ocrx_word' id='word_1_259' title='bbox 1688 3114 1856 3165; x_wconf 88' lang='lat' dir='ltr'><strong>Patre</strong></span> <span class='ocrx_word' id='word_1_260' title='bbox 1887 3110 2106 3182; x_wconf 89' lang='lat' dir='ltr'><strong>accepit</strong></span> 
     </span>
    </p>
   </div>
   <div class='ocr_carea' id='block_1_32' title="bbox 461 3199 2102 3273">
    <p class='ocr_par' dir='ltr' id='par_1_32' title="bbox 461 3199 2102 3273">
     <span class='ocr_line' id='line_1_32' title="bbox 461 3199 2102 3273; baseline 0 -19"><span class='ocrx_word' id='word_1_261' title='bbox 461 3204 527 3255; x_wconf 89' lang='lat' dir='ltr'><strong>ut</strong></span> <span class='ocrx_word' id='word_1_262' title='bbox 556 3204 743 3273; x_wconf 75' lang='lat' dir='ltr'><strong>esset;</strong></span> <span class='ocrx_word' id='word_1_263' title='bbox 795 3205 853 3255; x_wconf 89' lang='lat' dir='ltr'><strong>et</strong></span> <span class='ocrx_word' id='word_1_264' title='bbox 901 3200 1039 3271; x_wconf 88' lang='lat' dir='ltr'><strong>quia</strong></span> <span class='ocrx_word' id='word_1_265' title='bbox 1090 3217 1239 3254; x_wconf 91' lang='lat' dir='ltr'><strong>unus</strong></span> <span class='ocrx_word' id='word_1_266' title='bbox 1269 3202 1359 3254; x_wconf 87' lang='lat' dir='ltr'><strong>est</strong></span> <span class='ocrx_word' id='word_1_267' title='bbox 1385 3199 1634 3270; x_wconf 84' lang='lat' dir='ltr'><strong>Spiritus</strong></span> <span class='ocrx_word' id='word_1_268' title='bbox 1665 3204 1906 3254; x_wconf 89' lang='lat' dir='ltr'><strong>sanctus</strong></span> <span class='ocrx_word' id='word_1_269' title='bbox 1939 3216 2102 3270; x_wconf 90' lang='lat' dir='ltr'><strong>para-</strong></span> 
     </span>
    </p>
   </div>
   <div class='ocr_carea' id='block_1_33' title="bbox 460 3286 2101 3361">
    <p class='ocr_par' dir='ltr' id='par_1_33' title="bbox 460 3286 2101 3361">
     <span class='ocr_line' id='line_1_33' title="bbox 460 3286 2101 3361; baseline 0 -17"><span class='ocrx_word' id='word_1_270' title='bbox 460 3286 665 3350; x_wconf 85' lang='lat' dir='ltr'><strong>cletus.</strong></span> <span class='ocrx_word' id='word_1_271' title='bbox 698 3289 797 3361; x_wconf 92' lang='lat' dir='ltr'><strong>qui</strong></span> <span class='ocrx_word' id='word_1_272' title='bbox 823 3296 909 3344; x_wconf 86' lang='lat' dir='ltr'><strong>est</strong></span> <span class='ocrx_word' id='word_1_273' title='bbox 942 3288 1303 3343; x_wconf 88' lang='lat' dir='ltr'><strong>illuminator</strong></span> <span class='ocrx_word' id='word_1_274' title='bbox 1341 3293 1397 3342; x_wconf 92' lang='lat' dir='ltr'><strong>et</strong></span> <span class='ocrx_word' id='word_1_275' title='bbox 1445 3288 1837 3343; x_wconf 80' lang='lat' dir='ltr'><strong>sanctificator</strong></span> <span class='ocrx_word' id='word_1_276' title='bbox 1878 3288 2101 3344; x_wconf 86' lang='lat' dir='ltr'><strong>anima-</strong></span> 
     </span>
    </p>
   </div>
   <div class='ocr_carea' id='block_1_34' title="bbox 458 3377 2096 3448">
    <p class='ocr_par' dir='ltr' id='par_1_34' title="bbox 458 3377 2096 3448">
     <span class='ocr_line' id='line_1_34' title="bbox 458 3377 2096 3448; baseline 0 -16"><span class='ocrx_word' id='word_1_277' title='bbox 458 3395 588 3433; x_wconf 91' lang='lat' dir='ltr'><strong>rum</strong></span> <span class='ocrx_word' id='word_1_278' title='bbox 616 3384 968 3434; x_wconf 89' lang='lat' dir='ltr'><strong>nostrarum.</strong></span> <span class='ocrx_word' id='word_1_279' title='bbox 994 3378 1061 3433; x_wconf 90' lang='lat' dir='ltr'><strong>Et</strong></span> <span class='ocrx_word' id='word_1_280' title='bbox 1092 3378 1200 3432; x_wconf 93' lang='lat' dir='ltr'><strong>hoc</strong></span> <span class='ocrx_word' id='word_1_281' title='bbox 1231 3377 1300 3432; x_wconf 92' lang='lat' dir='ltr'><strong>de</strong></span> <span class='ocrx_word' id='word_1_282' title='bbox 1331 3377 1542 3432; x_wconf 89' lang='lat' dir='ltr'><strong>divinis</strong></span> <span class='ocrx_word' id='word_1_283' title='bbox 1564 3377 1858 3448; x_wconf 89' lang='lat' dir='ltr'><strong>Sccipuris</strong></span> <span class='ocrx_word' id='word_1_284' title='bbox 1880 3393 2096 3433; x_wconf 87' lang='lat' dir='ltr'><strong>assero.</strong></span> 
     </span>
    </p>
   </div>
   <div class='ocr_carea' id='block_1_35' title="bbox 456 3465 2101 3539">
    <p class='ocr_par' dir='ltr' id='par_1_35' title="bbox 456 3465 2101 3539">
     <span class='ocr_line' id='line_1_35' title="bbox 456 3465 2101 3539; baseline -0.001 -16"><span class='ocrx_word' id='word_1_285' title='bbox 456 3466 737 3537; x_wconf 89' lang='lat' dir='ltr'><strong>Sijubes,</strong></span> <span class='ocrx_word' id='word_1_286' title='bbox 783 3483 1100 3539; x_wconf 88' lang='lat' dir='ltr'><strong>prosequor</strong></span> <span class='ocrx_word' id='word_1_287' title='bbox 1155 3466 1534 3522; x_wconf 86' lang='lat' dir='ltr'><strong>testimonia:</strong></span> <span class='ocrx_word' id='word_1_288' title='bbox 1571 3466 1619 3521; x_wconf 91' lang='lat' dir='ltr'><strong>si</strong></span> <span class='ocrx_word' id='word_1_289' title='bbox 1670 3467 1725 3520; x_wconf 94' lang='lat' dir='ltr'><strong>in</strong></span> <span class='ocrx_word' id='word_1_290' title='bbox 1775 3465 1970 3539; x_wconf 89' lang='lat' dir='ltr'><strong>aliquo</strong></span> <span class='ocrx_word' id='word_1_291' title='bbox 2018 3483 2101 3522; x_wconf 86' lang='lat' dir='ltr'><strong>re-</strong></span> 
     </span>
    </p>
   </div>
   <div class='ocr_carea' id='block_1_36' title="bbox 454 3552 2095 3628">
    <p class='ocr_par' dir='ltr' id='par_1_36' title="bbox 454 3552 2095 3628">
     <span class='ocr_line' id='line_1_36' title="bbox 454 3552 2095 3628; baseline 0.001 -18"><span class='ocrx_word' id='word_1_292' title='bbox 454 3552 827 3627; x_wconf 72' lang='lat' dir='ltr'><strong>prehenderit</strong></span> <span class='ocrx_word' id='word_1_293' title='bbox 858 3556 1078 3628; x_wconf 85' lang='lat' dir='ltr'><strong>Religio</strong></span> <span class='ocrx_word' id='word_1_294' title='bbox 1118 3561 1237 3624; x_wconf 80' lang='lat' dir='ltr'><strong>tua,</strong></span> <span class='ocrx_word' id='word_1_295' title='bbox 1264 3556 1412 3611; x_wconf 89' lang='lat' dir='ltr'><strong>dabo</strong></span> <span class='ocrx_word' id='word_1_296' title='bbox 1444 3573 1793 3628; x_wconf 86' lang='lat' dir='ltr'><strong>responsum</strong></span> <span class='ocrx_word' id='word_1_297' title='bbox 1824 3558 1878 3611; x_wconf 90' lang='lat' dir='ltr'><strong>in</strong></span> <span class='ocrx_word' id='word_1_298' title='bbox 1916 3556 2005 3611; x_wconf 92' lang='lat' dir='ltr'><strong>his</strong></span> <span class='ocrx_word' id='word_1_299' title='bbox 2036 3555 2095 3611; x_wconf 89' lang='lat' dir='ltr'><strong>in</strong></span> 
     </span>
    </p>
   </div>
   <div class='ocr_carea' id='block_1_37' title="bbox 454 3645 1278 3717">
    <p class='ocr_par' dir='ltr' id='par_1_37' title="bbox 454 3645 1278 3717">
     <span class='ocr_line' id='line_1_37' title="bbox 454 3645 1278 3717; baseline 0.002 -19"><span class='ocrx_word' id='word_1_300' title='bbox 454 3645 667 3716; x_wconf 86' lang='lat' dir='ltr'><strong>quibus</strong></span> <span class='ocrx_word' id='word_1_301' title='bbox 701 3645 1040 3717; x_wconf 85' lang='lat' dir='ltr'><strong>reprehendi</strong></span> <span class='ocrx_word' id='word_1_302' title='bbox 1064 3646 1278 3700; x_wconf 90' lang='lat' dir='ltr'><strong>videor.</strong></span> 
     </span>
    </p>
   </div>
   <div class='ocr_carea' id='block_1_38' title="bbox 519 3717 2093 3790">
    <p class='ocr_par' dir='ltr' id='par_1_38' title="bbox 519 3717 2093 3790">
     <span class='ocr_line' id='line_1_38' title="bbox 519 3717 2093 3790; baseline 0.002 -19"><span class='ocrx_word' id='word_1_303' title='bbox 519 3718 573 3771; x_wconf 90' lang='lat'><strong>5.</strong></span> <span class='ocrx_word' id='word_1_304' title='bbox 605 3719 750 3772; x_wconf 83' lang='lat' dir='ltr'><strong>AUG.</strong></span> <span class='ocrx_word' id='word_1_305' title='bbox 785 3718 929 3772; x_wconf 85' lang='lat' dir='ltr'><strong>dixit</strong></span> <span class='ocrx_word' id='word_1_306' title='bbox 957 3733 968 3772; x_wconf 91' lang='lat'>:</span> <span class='ocrx_word' id='word_1_307' title='bbox 1005 3717 1192 3773; x_wconf 93' lang='lat' dir='ltr'><strong>Movet</strong></span> <span class='ocrx_word' id='word_1_308' title='bbox 1223 3732 1335 3782; x_wconf 91' lang='lat' dir='ltr'><strong>me,</strong></span> <span class='ocrx_word' id='word_1_309' title='bbox 1367 3718 1518 3787; x_wconf 89' lang='lat' dir='ltr'><strong>quod</strong></span> <span class='ocrx_word' id='word_1_310' title='bbox 1570 3717 1649 3772; x_wconf 89' lang='lat' dir='ltr'><strong>ita</strong></span> <span class='ocrx_word' id='word_1_311' title='bbox 1692 3717 1935 3788; x_wconf 87' lang='lat' dir='ltr'><strong>posuisti</strong></span> <span class='ocrx_word' id='word_1_312' title='bbox 1962 3735 2093 3790; x_wconf 89' lang='lat' dir='ltr'><strong>pro-</strong></span> 
     </span>
    </p>
   </div>
   <div class='ocr_carea' id='block_1_39' title="bbox 449 3806 2088 3877">
    <p class='ocr_par' dir='ltr' id='par_1_39' title="bbox 449 3806 2088 3877">
     <span class='ocr_line' id='line_1_39' title="bbox 449 3806 2088 3877; baseline 0.001 -17"><span class='ocrx_word' id='word_1_313' title='bbox 449 3806 573 3877; x_wconf 84' lang='lat' dir='ltr'><strong>prie</strong></span> <span class='ocrx_word' id='word_1_314' title='bbox 625 3806 1079 3861; x_wconf 86' lang='lat' dir='ltr'><strong>illuminatorem</strong></span> <span class='ocrx_word' id='word_1_315' title='bbox 1140 3812 1403 3861; x_wconf 87' lang='lat' dir='ltr'><strong>nostrum</strong></span> <span class='ocrx_word' id='word_1_316' title='bbox 1463 3807 1744 3877; x_wconf 90' lang='lat' dir='ltr'><strong>Spiritum</strong></span> <span class='ocrx_word' id='word_1_317' title='bbox 1778 3812 2088 3877; x_wconf 86' lang='lat' dir='ltr'><strong>sanctum;</strong></span> 
     </span>
    </p>
   </div>
   <div class='ocr_carea' id='block_1_40' title="bbox 447 3893 2091 3964">
    <p class='ocr_par' dir='ltr' id='par_1_40' title="bbox 447 3893 2091 3964">
     <span class='ocr_line' id='line_1_40' title="bbox 447 3893 2091 3964; baseline 0.003 -17"><span class='ocrx_word' id='word_1_318' title='bbox 447 3893 617 3964; x_wconf 89' lang='lat' dir='ltr'><strong>quasi</strong></span> <span class='ocrx_word' id='word_1_319' title='bbox 646 3895 913 3949; x_wconf 88' lang='lat' dir='ltr'><strong>Christus</strong></span> <span class='ocrx_word' id='word_1_320' title='bbox 966 3911 1080 3949; x_wconf 89' lang='lat' dir='ltr'><strong>non</strong></span> <span class='ocrx_word' id='word_1_321' title='bbox 1142 3898 1219 3949; x_wconf 89' lang='lat' dir='ltr'><strong>sit</strong></span> <span class='ocrx_word' id='word_1_322' title='bbox 1278 3894 1638 3948; x_wconf 90' lang='lat' dir='ltr'><strong>illuminator</strong></span> <span class='ocrx_word' id='word_1_323' title='bbox 1694 3903 1911 3951; x_wconf 87' lang='lat' dir='ltr'><strong>noster.</strong></span> <span class='ocrx_word' id='word_1_324' title='bbox 1945 3897 2091 3953; x_wconf 84' lang='lat' dir='ltr'><strong>Hinc</strong></span> 
     </span>
    </p>
   </div>
   <div class='ocr_carea' id='block_1_41' title="bbox 446 3982 1686 4055">
    <p class='ocr_par' dir='ltr' id='par_1_41' title="bbox 446 3982 1686 4055">
     <span class='ocr_line' id='line_1_41' title="bbox 446 3982 1686 4055; baseline 0.002 -19"><span class='ocrx_word' id='word_1_325' title='bbox 446 3983 634 4054; x_wconf 88' lang='lat' dir='ltr'><strong>primo</strong></span> <span class='ocrx_word' id='word_1_326' title='bbox 666 3984 770 4037; x_wconf 79' lang='lat' dir='ltr'><strong>abs</strong></span> <span class='ocrx_word' id='word_1_327' title='bbox 800 3988 855 4038; x_wconf 86' lang='lat' dir='ltr'><strong>te</strong></span> <span class='ocrx_word' id='word_1_328' title='bbox 886 3982 1010 4037; x_wconf 91' lang='lat' dir='ltr'><strong>volo</strong></span> <span class='ocrx_word' id='word_1_329' title='bbox 1042 3984 1245 4037; x_wconf 89' lang='lat' dir='ltr'><strong>audire</strong></span> <span class='ocrx_word' id='word_1_330' title='bbox 1275 3984 1415 4055; x_wconf 91' lang='lat' dir='ltr'><strong>quid</strong></span> <span class='ocrx_word' id='word_1_331' title='bbox 1448 3984 1686 4038; x_wconf 89' lang='lat' dir='ltr'><strong>sentias.</strong></span> 
     </span>
    </p>
   </div>
   <div class='ocr_carea' id='block_1_42' title="bbox 515 4070 2087 4142">
    <p class='ocr_par' dir='ltr' id='par_1_42' title="bbox 515 4070 2087 4142">
     <span class='ocr_line' id='line_1_42' title="bbox 515 4070 2087 4142; baseline 0.003 -17"><span class='ocrx_word' id='word_1_332' title='bbox 515 4070 663 4125; x_wconf 61' lang='lat' dir='ltr'><strong>Max.</strong></span> <span class='ocrx_word' id='word_1_333' title='bbox 696 4072 998 4142; x_wconf 89' lang='lat' dir='ltr'><strong>respondit</strong></span> <span class='ocrx_word' id='word_1_334' title='bbox 1024 4090 1037 4127; x_wconf 90' lang='lat'>:</span> <span class='ocrx_word' id='word_1_335' title='bbox 1063 4072 1177 4127; x_wconf 92' lang='lat' dir='ltr'><strong>Nos</strong></span> <span class='ocrx_word' id='word_1_336' title='bbox 1194 4074 1349 4127; x_wconf 90' lang='lat' dir='ltr'><strong>enim</strong></span> <span class='ocrx_word' id='word_1_337' title='bbox 1375 4088 1556 4126; x_wconf 90' lang='lat' dir='ltr'><strong>unum</strong></span> <span class='ocrx_word' id='word_1_338' title='bbox 1581 4077 1871 4129; x_wconf 86' lang='lat' dir='ltr'><strong>auctorem</strong></span> <span class='ocrx_word' id='word_1_339' title='bbox 1905 4074 2087 4130; x_wconf 90' lang='lat' dir='ltr'><strong>Deum</strong></span> 
     </span>
    </p>
   </div>
   <div class='ocr_carea' id='block_1_43' title="bbox 448 4159 2090 4235">
    <p class='ocr_par' dir='ltr' id='par_1_43' title="bbox 448 4159 2090 4235">
     <span class='ocr_line' id='line_1_43' title="bbox 448 4159 2090 4235; baseline 0.004 -22"><span class='ocrx_word' id='word_1_340' title='bbox 448 4159 675 4215; x_wconf 91' lang='lat' dir='ltr'><strong>Patrem</strong></span> <span class='ocrx_word' id='word_1_341' title='bbox 707 4162 1138 4233; x_wconf 88' lang='lat' dir='ltr'><strong>cognoscimus,</strong></span> <span class='ocrx_word' id='word_1_342' title='bbox 1163 4179 1196 4216; x_wconf 92' lang='lat' dir='ltr'><strong>a</strong></span> <span class='ocrx_word' id='word_1_343' title='bbox 1245 4178 1359 4232; x_wconf 92' lang='lat' dir='ltr'><strong>quo</strong></span> <span class='ocrx_word' id='word_1_344' title='bbox 1380 4160 1733 4217; x_wconf 89' lang='lat' dir='ltr'><strong>illuminatio</strong></span> <span class='ocrx_word' id='word_1_345' title='bbox 1764 4164 1956 4219; x_wconf 86' lang='lat' dir='ltr'><strong>omnis</strong></span> <span class='ocrx_word' id='word_1_346' title='bbox 1989 4180 2090 4235; x_wconf 89' lang='lat' dir='ltr'><strong>per</strong></span> 
     </span>
    </p>
   </div>
   <div class='ocr_carea' id='block_1_44' title="bbox 442 4249 2084 4322">
    <p class='ocr_par' dir='ltr' id='par_1_44' title="bbox 442 4249 2084 4322">
     <span class='ocr_line' id='line_1_44' title="bbox 442 4249 2084 4322; baseline 0.003 -20"><span class='ocrx_word' id='word_1_347' title='bbox 442 4250 662 4322; x_wconf 90' lang='lat' dir='ltr'><strong>gradus</strong></span> <span class='ocrx_word' id='word_1_348' title='bbox 697 4250 1012 4305; x_wconf 87' lang='lat' dir='ltr'><strong>descendit.</strong></span> <span class='ocrx_word' id='word_1_349' title='bbox 1065 4250 1210 4307; x_wconf 88' lang='lat' dir='ltr'><strong>Nam</strong></span> <span class='ocrx_word' id='word_1_350' title='bbox 1243 4249 1495 4322; x_wconf 86' lang='lat' dir='ltr'><strong>denique</strong></span> <span class='ocrx_word' id='word_1_351' title='bbox 1524 4255 1580 4305; x_wconf 93' lang='lat' dir='ltr'><strong>et</strong></span> <span class='ocrx_word' id='word_1_352' title='bbox 1609 4250 1909 4322; x_wconf 86' lang='lat' dir='ltr'><strong>apostolus</strong></span> <span class='ocrx_word' id='word_1_353' title='bbox 1937 4256 2084 4307; x_wconf 90' lang='lat' dir='ltr'><strong>Pau-</strong></span> 
     </span>
    </p>
   </div>
   <div class='ocr_carea' id='block_1_45' title="bbox 439 4336 2087 4413">
    <p class='ocr_par' dir='ltr' id='par_1_45' title="bbox 439 4336 2087 4413">
     <span class='ocr_line' id='line_1_45' title="bbox 439 4336 2087 4413; baseline 0.004 -23"><span class='ocrx_word' id='word_1_354' title='bbox 439 4336 533 4391; x_wconf 89' lang='lat' dir='ltr'><strong>lus</strong></span> <span class='ocrx_word' id='word_1_355' title='bbox 567 4340 785 4409; x_wconf 87' lang='lat' dir='ltr'><strong>profert</strong></span> <span class='ocrx_word' id='word_1_356' title='bbox 814 4339 884 4394; x_wconf 90' lang='lat' dir='ltr'><strong>de</strong></span> <span class='ocrx_word' id='word_1_357' title='bbox 905 4356 965 4394; x_wconf 91' lang='lat' dir='ltr'><strong>se</strong></span> <span class='ocrx_word' id='word_1_358' title='bbox 994 4340 1396 4395; x_wconf 90' lang='lat' dir='ltr'><strong>testimonium</strong></span> <span class='ocrx_word' id='word_1_359' title='bbox 1431 4340 1489 4394; x_wconf 90' lang='lat' dir='ltr'><strong>in</strong></span> <span class='ocrx_word' id='word_1_360' title='bbox 1520 4341 1758 4395; x_wconf 90' lang='lat' dir='ltr'><strong>Actibus</strong></span> <span class='ocrx_word' id='word_1_361' title='bbox 1786 4341 2087 4413; x_wconf 81' lang='lat' dir='ltr'><strong>Apostolo-</strong></span> 
     </span>
    </p>
   </div>
   <div class='ocr_carea' id='block_1_46' title="bbox 438 4426 2082 4491">
    <p class='ocr_par' dir='ltr' id='par_1_46' title="bbox 438 4426 2082 4491">
     <span class='ocr_line' id='line_1_46' title="bbox 438 4426 2082 4491; baseline 0.004 -11"><span class='ocrx_word' id='word_1_362' title='bbox 438 4442 593 4491; x_wconf 88' lang='lat' dir='ltr'><strong>rum,</strong></span> <span class='ocrx_word' id='word_1_363' title='bbox 624 4426 841 4480; x_wconf 91' lang='lat' dir='ltr'><strong>dicens.</strong></span> <span class='ocrx_word' id='word_1_364' title='bbox 874 4429 966 4482; x_wconf 86' lang='lat' dir='ltr'><strong>Sic</strong></span> <span class='ocrx_word' id='word_1_365' title='bbox 991 4430 1138 4482; x_wconf 90' lang='lat' dir='ltr'><strong>enim</strong></span> <span class='ocrx_word' id='word_1_366' title='bbox 1167 4430 1459 4483; x_wconf 84' lang='lat' dir='ltr'><strong>mandavit</strong></span> <span class='ocrx_word' id='word_1_367' title='bbox 1489 4430 1641 4484; x_wconf 89' lang='lat' dir='ltr'><strong>nobis</strong></span> <span class='ocrx_word' id='word_1_368' title='bbox 1673 4431 1843 4491; x_wconf 87' lang='lat' dir='ltr'><strong>Deus;</strong></span> <span class='ocrx_word' id='word_1_369' title='bbox 1893 4436 1951 4486; x_wconf 91' lang='lat' dir='ltr'><strong>et</strong></span> <span class='ocrx_word' id='word_1_370' title='bbox 1994 4430 2082 4486; x_wconf 86' lang='lat' dir='ltr'><strong>iu-</strong></span> 
     </span>
    </p>
   </div>
   <div class='ocr_carea' id='block_1_47' title="bbox 437 4518 2079 4592">
    <p class='ocr_par' dir='ltr' id='par_1_47' title="bbox 437 4518 2079 4592">
     <span class='ocr_line' id='line_1_47' title="bbox 437 4518 2079 4592; baseline 0.004 -24"><span class='ocrx_word' id='word_1_371' title='bbox 437 4518 527 4569; x_wconf 89' lang='lat' dir='ltr'><strong>ter</strong></span> <span class='ocrx_word' id='word_1_372' title='bbox 557 4520 781 4582; x_wconf 63' lang='lat' dir='ltr'><strong>caetera,</strong></span> <span class='ocrx_word' id='word_1_373' title='bbox 819 4519 979 4572; x_wconf 84' lang='lat' dir='ltr'><strong>Posui</strong></span> <span class='ocrx_word' id='word_1_374' title='bbox 1003 4522 1054 4572; x_wconf 89' lang='lat' dir='ltr'><strong>te</strong></span> <span class='ocrx_word' id='word_1_375' title='bbox 1086 4519 1144 4572; x_wconf 87' lang='lat' dir='ltr'><strong>in</strong></span> <span class='ocrx_word' id='word_1_376' title='bbox 1176 4518 1357 4573; x_wconf 87' lang='lat' dir='ltr'><strong>lumen</strong></span> <span class='ocrx_word' id='word_1_377' title='bbox 1377 4520 1625 4588; x_wconf 79' lang='lat' dir='ltr'><strong>gentium</strong></span> <span class='ocrx_word' id='word_1_378' title='bbox 1656 4520 1927 4591; x_wconf 84' lang='lat' dir='ltr'><strong>(Act.xm,</strong></span> <span class='ocrx_word' id='word_1_379' title='bbox 1970 4521 2079 4592; x_wconf 74' lang='lat'><strong>47).</strong></span> 
     </span>
    </p>
   </div>
   <div class='ocr_carea' id='block_1_48' title="bbox 439 4604 2084 4679">
    <p class='ocr_par' dir='ltr' id='par_1_48' title="bbox 439 4604 2084 4679">
     <span class='ocr_line' id='line_1_48' title="bbox 439 4604 2084 4679; baseline 0.006 -23"><span class='ocrx_word' id='word_1_380' title='bbox 439 4604 495 4657; x_wconf 90' lang='lat' dir='ltr'><strong>Si</strong></span> <span class='ocrx_word' id='word_1_381' title='bbox 528 4604 833 4675; x_wconf 86' lang='lat' dir='ltr'><strong>Apostolus</strong></span> <span class='ocrx_word' id='word_1_382' title='bbox 864 4605 922 4659; x_wconf 91' lang='lat' dir='ltr'><strong>in</strong></span> <span class='ocrx_word' id='word_1_383' title='bbox 956 4605 1177 4660; x_wconf 89' lang='lat' dir='ltr'><strong>lumine</strong></span> <span class='ocrx_word' id='word_1_384' title='bbox 1196 4606 1459 4677; x_wconf 84' lang='lat' dir='ltr'><strong>gentium</strong></span> <span class='ocrx_word' id='word_1_385' title='bbox 1493 4608 1718 4679; x_wconf 89' lang='lat' dir='ltr'><strong>positus</strong></span> <span class='ocrx_word' id='word_1_386' title='bbox 1740 4614 1829 4663; x_wconf 86' lang='lat' dir='ltr'><strong>est</strong></span> <span class='ocrx_word' id='word_1_387' title='bbox 1860 4614 1924 4663; x_wconf 93' lang='lat' dir='ltr'><strong>ut</strong></span> <span class='ocrx_word' id='word_1_388' title='bbox 1952 4611 2084 4665; x_wconf 88' lang='lat' dir='ltr'><strong>doc-</strong></span> 
     </span>
    </p>
   </div>
   <div class='ocr_carea' id='block_1_49' title="bbox 436 4694 2084 4768">
    <p class='ocr_par' dir='ltr' id='par_1_49' title="bbox 436 4694 2084 4768">
     <span class='ocr_line' id='line_1_49' title="bbox 436 4694 2084 4768; baseline 0.004 -21"><span class='ocrx_word' id='word_1_389' title='bbox 436 4696 548 4758; x_wconf 88' lang='lat' dir='ltr'><strong>tor,</strong></span> <span class='ocrx_word' id='word_1_390' title='bbox 573 4700 790 4765; x_wconf 88' lang='lat' dir='ltr'><strong>quanto</strong></span> <span class='ocrx_word' id='word_1_391' title='bbox 818 4694 1005 4767; x_wconf 89' lang='lat' dir='ltr'><strong>magis</strong></span> <span class='ocrx_word' id='word_1_392' title='bbox 1027 4696 1277 4765; x_wconf 90' lang='lat' dir='ltr'><strong>Spiritus</strong></span> <span class='ocrx_word' id='word_1_393' title='bbox 1310 4702 1573 4762; x_wconf 87' lang='lat' dir='ltr'><strong>sanctus,</strong></span> <span class='ocrx_word' id='word_1_394' title='bbox 1593 4698 1692 4768; x_wconf 89' lang='lat' dir='ltr'><strong>qui</strong></span> <span class='ocrx_word' id='word_1_395' title='bbox 1720 4697 2084 4755; x_wconf 89' lang='lat' dir='ltr'><strong>illuminator</strong></span> 
     </span>
    </p>
   </div>
   <div class='ocr_carea' id='block_1_50' title="bbox 436 4782 2079 4855">
    <p class='ocr_par' dir='ltr' id='par_1_50' title="bbox 436 4782 2079 4855">
     <span class='ocr_line' id='line_1_50' title="bbox 436 4782 2079 4855; baseline 0.004 -18"><span class='ocrx_word' id='word_1_396' title='bbox 436 4782 889 4853; x_wconf 85' lang='lat' dir='ltr'><strong>estApostoli;in</strong></span> <span class='ocrx_word' id='word_1_397' title='bbox 915 4801 1030 4854; x_wconf 90' lang='lat' dir='ltr'><strong>quo</strong></span> <span class='ocrx_word' id='word_1_398' title='bbox 1047 4784 1358 4855; x_wconf 85' lang='lat' dir='ltr'><strong>Apostolus</strong></span> <span class='ocrx_word' id='word_1_399' title='bbox 1374 4786 1603 4840; x_wconf 85' lang='lat' dir='ltr'><strong>locutus</strong></span> <span class='ocrx_word' id='word_1_400' title='bbox 1634 4792 1741 4854; x_wconf 89' lang='lat' dir='ltr'><strong>est,</strong></span> <span class='ocrx_word' id='word_1_401' title='bbox 1757 4789 2079 4844; x_wconf 90' lang='lat' dir='ltr'><strong>secundum</strong></span> 
     </span>
    </p>
   </div>
   <div class='ocr_carea' id='block_1_51' title="bbox 438 4870 2078 4945">
    <p class='ocr_par' dir='ltr' id='par_1_51' title="bbox 438 4870 2078 4945">
     <span class='ocr_line' id='line_1_51' title="bbox 438 4870 2078 4945; baseline 0.005 -21"><span class='ocrx_word' id='word_1_402' title='bbox 438 4870 626 4942; x_wconf 87' lang='lat' dir='ltr'><strong>ipsius</strong></span> <span class='ocrx_word' id='word_1_403' title='bbox 659 4872 911 4944; x_wconf 88' lang='lat' dir='ltr'><strong>Apostoli</strong></span> <span class='ocrx_word' id='word_1_404' title='bbox 942 4873 1114 4938; x_wconf 90' lang='lat' dir='ltr'><strong>dicta,</strong></span> <span class='ocrx_word' id='word_1_405' title='bbox 1142 4874 1280 4943; x_wconf 90' lang='lat' dir='ltr'><strong>quia</strong></span> <span class='ocrx_word' id='word_1_406' title='bbox 1311 4891 1474 4929; x_wconf 88' lang='lat' dir='ltr'><strong>nemo</strong></span> <span class='ocrx_word' id='word_1_407' title='bbox 1499 4878 1667 4945; x_wconf 79' lang='lat' dir='ltr'><strong>potest</strong></span> <span class='ocrx_word' id='word_1_408' title='bbox 1691 4876 1869 4932; x_wconf 86' lang='lat' dir='ltr'><strong>dicere</strong></span> <span class='ocrx_word' id='word_1_409' title='bbox 1893 4884 2078 4932; x_wconf 80' lang='lat' dir='ltr'><strong>Domi-</strong></span> 
     </span>
    </p>
   </div>
   <div class='ocr_carea' id='block_1_52' title="bbox 438 4961 2078 5037">
    <p class='ocr_par' dir='ltr' id='par_1_52' title="bbox 438 4961 2078 5037">
     <span class='ocr_line' id='line_1_52' title="bbox 438 4961 2078 5037; baseline 0.004 -23"><span class='ocrx_word' id='word_1_410' title='bbox 438 4977 572 5015; x_wconf 85' lang='lat' dir='ltr'><strong>num</strong></span> <span class='ocrx_word' id='word_1_411' title='bbox 590 4962 793 5027; x_wconf 86' lang='lat' dir='ltr'><strong>Jesum,</strong></span> <span class='ocrx_word' id='word_1_412' title='bbox 814 4963 924 5015; x_wconf 89' lang='lat' dir='ltr'><strong>nisi</strong></span> <span class='ocrx_word' id='word_1_413' title='bbox 944 4963 1003 5015; x_wconf 84' lang='lat' dir='ltr'><strong>in</strong></span> <span class='ocrx_word' id='word_1_414' title='bbox 1025 4961 1240 5031; x_wconf 82' lang='lat' dir='ltr'><strong>Spiritu</strong></span> <span class='ocrx_word' id='word_1_415' title='bbox 1260 4965 1443 5017; x_wconf 85' lang='lat' dir='ltr'><strong>sancto</strong></span> <span class='ocrx_word' id='word_1_416' title='bbox 1466 4963 1509 5035; x_wconf 94' lang='grc' dir='ltr'>(Ι</span> <span class='ocrx_word' id='word_1_417' title='bbox 1526 4966 1842 5035; x_wconf 81' lang='lat' dir='ltr'><strong>Cor.xn,3)?</strong></span> <span class='ocrx_word' id='word_1_418' title='bbox 1873 4965 2078 5037; x_wconf 90' lang='lat' dir='ltr'><strong>Utique</strong></span> 
     </span>
    </p>
   </div>
   <div class='ocr_carea' id='block_1_53' title="bbox 435 5048 2076 5125">
    <p class='ocr_par' dir='ltr' id='par_1_53' title="bbox 435 5048 2076 5125">
     <span class='ocr_line' id='line_1_53' title="bbox 435 5048 2076 5125; baseline 0.005 -23"><span class='ocrx_word' id='word_1_419' title='bbox 435 5048 796 5105; x_wconf 86' lang='lat' dir='ltr'><strong>illuminator</strong></span> <span class='ocrx_word' id='word_1_420' title='bbox 822 5056 913 5106; x_wconf 90' lang='lat' dir='ltr'><strong>est</strong></span> <span class='ocrx_word' id='word_1_421' title='bbox 939 5050 1193 5122; x_wconf 89' lang='lat' dir='ltr'><strong>Spiritus</strong></span> <span class='ocrx_word' id='word_1_422' title='bbox 1225 5056 1482 5117; x_wconf 89' lang='lat' dir='ltr'><strong>sanctus,</strong></span> <span class='ocrx_word' id='word_1_423' title='bbox 1516 5050 1864 5107; x_wconf 86' lang='lat' dir='ltr'><strong>illuminavit</strong></span> <span class='ocrx_word' id='word_1_424' title='bbox 1894 5057 2076 5125; x_wconf 87' lang='lat' dir='ltr'><strong>Apos-</strong></span> 
     </span>
    </p>
   </div>
   <div class='ocr_carea' id='block_1_54' title="bbox 432 5139 2075 5214">
    <p class='ocr_par' dir='ltr' id='par_1_54' title="bbox 432 5139 2075 5214">
     <span class='ocr_line' id='line_1_54' title="bbox 432 5139 2075 5214; baseline 0.005 -23"><span class='ocrx_word' id='word_1_425' title='bbox 432 5139 639 5195; x_wconf 89' lang='lat' dir='ltr'><strong>tolum.</strong></span> <span class='ocrx_word' id='word_1_426' title='bbox 674 5142 781 5195; x_wconf 89' lang='lat' dir='ltr'><strong>Sed</strong></span> <span class='ocrx_word' id='word_1_427' title='bbox 813 5140 1065 5211; x_wconf 89' lang='lat' dir='ltr'><strong>Spiritus</strong></span> <span class='ocrx_word' id='word_1_428' title='bbox 1114 5144 1354 5195; x_wconf 86' lang='lat' dir='ltr'><strong>sanctus</strong></span> <span class='ocrx_word' id='word_1_429' title='bbox 1384 5158 1417 5194; x_wconf 92' lang='lat' dir='ltr'><strong>a</strong></span> <span class='ocrx_word' id='word_1_430' title='bbox 1447 5140 1675 5195; x_wconf 85' lang='lat' dir='ltr'><strong>Christo</strong></span> <span class='ocrx_word' id='word_1_431' title='bbox 1707 5144 1946 5214; x_wconf 90' lang='lat' dir='ltr'><strong>accepit,</strong></span> <span class='ocrx_word' id='word_1_432' title='bbox 1979 5160 2075 5199; x_wconf 86' lang='lat' dir='ltr'><strong>se-</strong></span> 
     </span>
    </p>
   </div>
   <div class='ocr_carea' id='block_1_55' title="bbox 430 5228 2071 5301">
    <p class='ocr_par' dir='ltr' id='par_1_55' title="bbox 430 5228 2071 5301">
     <span class='ocr_line' id='line_1_55' title="bbox 430 5228 2071 5301; baseline 0.004 -19"><span class='ocrx_word' id='word_1_433' title='bbox 430 5230 690 5283; x_wconf 89' lang='lat' dir='ltr'><strong>cundum</strong></span> <span class='ocrx_word' id='word_1_434' title='bbox 741 5230 926 5301; x_wconf 88' lang='lat' dir='ltr'><strong>ipsius</strong></span> <span class='ocrx_word' id='word_1_435' title='bbox 966 5228 1175 5283; x_wconf 87' lang='lat' dir='ltr'><strong>Christi</strong></span> <span class='ocrx_word' id='word_1_436' title='bbox 1224 5230 1825 5296; x_wconf 71' lang='lat' dir='ltr'><strong>testimonium,sicut</strong></span> <span class='ocrx_word' id='word_1_437' title='bbox 1882 5233 1962 5287; x_wconf 89' lang='lat' dir='ltr'><strong>ait</strong></span> <span class='ocrx_word' id='word_1_438' title='bbox 2012 5233 2071 5289; x_wconf 88' lang='lat' dir='ltr'><strong>in</strong></span> 
     </span>
    </p>
   </div>
   <div class='ocr_carea' id='block_1_56' title="bbox 429 5316 2071 5390">
    <p class='ocr_par' dir='ltr' id='par_1_56' title="bbox 429 5316 2071 5390">
     <span class='ocr_line' id='line_1_56' title="bbox 429 5316 2071 5390; baseline 0.004 -19"><span class='ocrx_word' id='word_1_439' title='bbox 429 5316 740 5390; x_wconf 81' lang='lat' dir='ltr'><strong>Evangelia</strong></span> <span class='ocrx_word' id='word_1_440' title='bbox 759 5319 1024 5375; x_wconf 88' lang='lat' dir='ltr'><strong>Christus</strong></span> <span class='ocrx_word' id='word_1_441' title='bbox 1048 5317 1247 5374; x_wconf 82' lang='lat' dir='ltr'><strong>:Multu</strong></span> <span class='ocrx_word' id='word_1_442' title='bbox 1272 5320 1438 5374; x_wconf 86' lang='lat' dir='ltr'><strong>habeo</strong></span> <span class='ocrx_word' id='word_1_443' title='bbox 1456 5319 1601 5374; x_wconf 85' lang='lat' dir='ltr'><strong>vobis</strong></span> <span class='ocrx_word' id='word_1_444' title='bbox 1623 5319 1820 5387; x_wconf 82' lang='lat' dir='ltr'><strong>dicere,</strong></span> <span class='ocrx_word' id='word_1_445' title='bbox 1842 5322 1935 5375; x_wconf 85' lang='lat' dir='ltr'><strong>sed</strong></span> <span class='ocrx_word' id='word_1_446' title='bbox 1964 5338 2071 5377; x_wconf 87' lang='lat' dir='ltr'><strong>non</strong></span> 
     </span>
    </p>
   </div>
   <div class='ocr_carea' id='block_1_57' title="bbox 425 5408 2070 5480">
    <p class='ocr_par' dir='ltr' id='par_1_57' title="bbox 425 5408 2070 5480">
     <span class='ocr_line' id='line_1_57' title="bbox 425 5408 2070 5480; baseline 0.005 -22"><span class='ocrx_word' id='word_1_447' title='bbox 425 5409 652 5475; x_wconf 73' lang='lat' dir='ltr'><strong>potestis</strong></span> <span class='ocrx_word' id='word_1_448' title='bbox 670 5420 896 5479; x_wconf 86' lang='lat' dir='ltr'><strong>portare</strong></span> <span class='ocrx_word' id='word_1_449' title='bbox 912 5408 1065 5462; x_wconf 86' lang='lat' dir='ltr'><strong>modo</strong></span> <span class='ocrx_word' id='word_1_450' title='bbox 1086 5425 1104 5461; x_wconf 87' lang='lat'><em>:</em></span> <span class='ocrx_word' id='word_1_451' title='bbox 1124 5424 1247 5462; x_wconf 87' lang='lat' dir='ltr'><strong>cum</strong></span> <span class='ocrx_word' id='word_1_452' title='bbox 1269 5411 1453 5461; x_wconf 85' lang='lat' dir='ltr'><strong>autem</strong></span> <span class='ocrx_word' id='word_1_453' title='bbox 1480 5409 1689 5462; x_wconf 78' lang='lat' dir='ltr'><strong>venerit</strong></span> <span class='ocrx_word' id='word_1_454' title='bbox 1712 5410 1808 5463; x_wconf 84' lang='lat' dir='ltr'><strong>ille</strong></span> <span class='ocrx_word' id='word_1_455' title='bbox 1832 5412 2070 5480; x_wconf 75' lang='lat' dir='ltr'><strong>Spiritus</strong></span> 
     </span>
    </p>
   </div>
   <div class='ocr_carea' id='block_1_58' title="bbox 427 5496 2067 5567">
    <p class='ocr_par' dir='ltr' id='par_1_58' title="bbox 427 5496 2067 5567">
     <span class='ocr_line' id='line_1_58' title="bbox 427 5496 2067 5567; baseline 0.005 -20"><span class='ocrx_word' id='word_1_456' title='bbox 427 5496 688 5562; x_wconf 85' lang='lat' dir='ltr'><strong>veritatis,</strong></span> <span class='ocrx_word' id='word_1_457' title='bbox 704 5496 906 5567; x_wconf 85' lang='lat' dir='ltr'><strong>diriget</strong></span> <span class='ocrx_word' id='word_1_458' title='bbox 928 5514 1014 5552; x_wconf 86' lang='lat' dir='ltr'><strong>vos</strong></span> <span class='ocrx_word' id='word_1_459' title='bbox 1038 5498 1096 5551; x_wconf 81' lang='lat' dir='ltr'><strong>in</strong></span> <span class='ocrx_word' id='word_1_460' title='bbox 1113 5513 1326 5551; x_wconf 84' lang='lat' dir='ltr'><strong>omnem</strong></span> <span class='ocrx_word' id='word_1_461' title='bbox 1350 5499 1647 5552; x_wconf 84' lang='lat' dir='ltr'><strong>veritatem.</strong></span> <span class='ocrx_word' id='word_1_462' title='bbox 1676 5499 1793 5553; x_wconf 83' lang='lat' dir='ltr'><strong>Non</strong></span> <span class='ocrx_word' id='word_1_463' title='bbox 1812 5502 1960 5554; x_wconf 83' lang='lat' dir='ltr'><strong>enim</strong></span> <span class='ocrx_word' id='word_1_464' title='bbox 1989 5502 2067 5556; x_wconf 86' lang='grc' dir='ltr'><strong>ιο-</strong></span> 
     </span>
    </p>
   </div>
   <div class='ocr_carea' id='block_1_59' title="bbox 427 5585 2068 5657">
    <p class='ocr_par' dir='ltr' id='par_1_59' title="bbox 427 5585 2068 5657">
     <span class='ocr_line' id='line_1_59' title="bbox 427 5585 2068 5657; baseline 0.005 -20"><span class='ocrx_word' id='word_1_465' title='bbox 427 5588 620 5653; x_wconf 86' lang='lat' dir='ltr'><strong>quetur</strong></span> <span class='ocrx_word' id='word_1_466' title='bbox 634 5601 667 5637; x_wconf 92' lang='lat' dir='ltr'><strong>a</strong></span> <span class='ocrx_word' id='word_1_467' title='bbox 685 5588 862 5649; x_wconf 74' lang='lat' dir='ltr'><strong>se,sed</strong></span> <span class='ocrx_word' id='word_1_468' title='bbox 876 5602 1225 5657; x_wconf 69' lang='lat' dir='ltr'><strong>quaecumque</strong></span> <span class='ocrx_word' id='word_1_469' title='bbox 1236 5585 1479 5641; x_wconf 86' lang='lat' dir='ltr'><strong>audierit</strong></span> <span class='ocrx_word' id='word_1_470' title='bbox 1500 5588 1827 5656; x_wconf 84' lang='lat' dir='ltr'><strong>loquetur,et</strong></span> <span class='ocrx_word' id='word_1_471' title='bbox 1841 5595 2068 5645; x_wconf 83' lang='lat' dir='ltr'><strong>ventura</strong></span> 
     </span>
    </p>
   </div>
   <div class='ocr_carea' id='block_1_60' title="bbox 425 5674 2063 5746">
    <p class='ocr_par' dir='ltr' id='par_1_60' title="bbox 425 5674 2063 5746">
     <span class='ocr_line' id='line_1_60' title="bbox 425 5674 2063 5746; baseline 0.005 -21"><span class='ocrx_word' id='word_1_472' title='bbox 425 5674 783 5727; x_wconf 82' lang='lat' dir='ltr'><strong>annuntiubit</strong></span> <span class='ocrx_word' id='word_1_473' title='bbox 822 5675 983 5729; x_wconf 84' lang='lat' dir='ltr'><strong>vobis.</strong></span> <span class='ocrx_word' id='word_1_474' title='bbox 1016 5676 1113 5730; x_wconf 87' lang='lat' dir='ltr'><strong>Ille</strong></span> <span class='ocrx_word' id='word_1_475' title='bbox 1134 5691 1219 5729; x_wconf 87' lang='lat' dir='ltr'><strong>me</strong></span> <span class='ocrx_word' id='word_1_476' title='bbox 1238 5676 1581 5746; x_wconf 81' lang='lat' dir='ltr'><strong>clariﬁcabit,</strong></span> <span class='ocrx_word' id='word_1_477' title='bbox 1611 5693 1741 5746; x_wconf 79' lang='lat' dir='ltr'><strong>quia</strong></span> <span class='ocrx_word' id='word_1_478' title='bbox 1753 5676 1818 5731; x_wconf 86' lang='lat' dir='ltr'><strong>de</strong></span> <span class='ocrx_word' id='word_1_479' title='bbox 1837 5694 1950 5733; x_wconf 88' lang='lat' dir='ltr'><strong>meo</strong></span> <span class='ocrx_word' id='word_1_480' title='bbox 1974 5696 2063 5734; x_wconf 87' lang='lat' dir='ltr'><strong>ac-</strong></span> 
     </span>
    </p>
   </div>
   <div class='ocr_carea' id='block_1_61' title="bbox 423 5762 2063 5841">
    <p class='ocr_par' dir='ltr' id='par_1_61' title="bbox 423 5762 2063 5841">
     <span class='ocr_line' id='line_1_61' title="bbox 423 5762 2063 5841; baseline 0.005 -26"><span class='ocrx_word' id='word_1_481' title='bbox 423 5762 605 5832; x_wconf 87' lang='lat' dir='ltr'><strong>cipiet,</strong></span> <span class='ocrx_word' id='word_1_482' title='bbox 633 5765 685 5816; x_wconf 87' lang='lat' dir='ltr'><strong>et</strong></span> <span class='ocrx_word' id='word_1_483' title='bbox 711 5764 1063 5818; x_wconf 84' lang='lat' dir='ltr'><strong>annuntiabit</strong></span> <span class='ocrx_word' id='word_1_484' title='bbox 1100 5766 1250 5819; x_wconf 82' lang='lat' dir='ltr'><strong>vobis</strong></span> <span class='ocrx_word' id='word_1_485' title='bbox 1299 5766 1473 5834; x_wconf 86' lang='lat' dir='ltr'><strong>(Joan.</strong></span> <span class='ocrx_word' id='word_1_486' title='bbox 1514 5782 1631 5833; x_wconf 85' lang='lat' dir='ltr'><strong>xv1,</strong></span> <span class='ocrx_word' id='word_1_487' title='bbox 1667 5766 1876 5833; x_wconf 71' lang='grc'><strong>12-14).</strong></span> <span class='ocrx_word' id='word_1_488' title='bbox 1918 5768 2063 5841; x_wconf 87' lang='lat' dir='ltr'><strong>Ergo</strong></span> 
     </span>
    </p>
   </div>
   <div class='ocr_carea' id='block_1_62' title="bbox 426 5851 2061 5925">
    <p class='ocr_par' dir='ltr' id='par_1_62' title="bbox 426 5851 2061 5925">
     <span class='ocr_line' id='line_1_62' title="bbox 426 5851 2061 5925; baseline 0.004 -16"><span class='ocrx_word' id='word_1_489' title='bbox 426 5851 679 5925; x_wconf 87' lang='lat' dir='ltr'><strong>Spiritus</strong></span> <span class='ocrx_word' id='word_1_490' title='bbox 708 5856 948 5908; x_wconf 84' lang='lat' dir='ltr'><strong>sanctus</strong></span> <span class='ocrx_word' id='word_1_491' title='bbox 970 5852 1190 5924; x_wconf 87' lang='lat' dir='ltr'><strong>accepit</strong></span> <span class='ocrx_word' id='word_1_492' title='bbox 1209 5870 1243 5908; x_wconf 86' lang='lat' dir='ltr'><strong>a</strong></span> <span class='ocrx_word' id='word_1_493' title='bbox 1271 5853 1519 5923; x_wconf 82' lang='lat' dir='ltr'><strong>Christo,</strong></span> <span class='ocrx_word' id='word_1_494' title='bbox 1551 5858 1877 5913; x_wconf 84' lang='lat' dir='ltr'><strong>secundum</strong></span> <span class='ocrx_word' id='word_1_495' title='bbox 1893 5858 2061 5916; x_wconf 88' lang='lat' dir='ltr'><strong>testi-</strong></span> 
     </span>
    </p>
   </div>
   <div class='ocr_carea' id='block_1_63' title="bbox 1726 384 2658 449">
    <p class='ocr_par' dir='ltr' id='par_1_63' title="bbox 1726 384 2658 449">
     <span class='ocr_line' id='line_1_63' title="bbox 1726 384 2658 449; baseline 0.002 -2"><span class='ocrx_word' id='word_1_496' title='bbox 1726 392 1789 447; x_wconf 90' lang='lat' dir='ltr'><strong>S.</strong></span> <span class='ocrx_word' id='word_1_497' title='bbox 1835 384 2259 449; x_wconf 81' lang='lat' dir='ltr'><strong>AUGUSTINI</strong></span> <span class='ocrx_word' id='word_1_498' title='bbox 2306 385 2658 449; x_wconf 84' lang='lat' dir='ltr'><strong>EPISCOPI</strong></span> 
     </span>
    </p>
   </div>
   <div class='ocr_carea' id='block_1_64' title="bbox 3781 384 3900 443">
    <p class='ocr_par' dir='ltr' id='par_1_64' title="bbox 3781 384 3900 443">
     <span class='ocr_line' id='line_1_64' title="bbox 3781 384 3900 443; baseline 0 0"><span class='ocrx_word' id='word_1_499' title='bbox 3781 384 3900 443; x_wconf 73' lang='grc'><strong>712</strong></span> 
     </span>
    </p>
   </div>
   <div class='ocr_carea' id='block_1_65' title="bbox 2246 516 3899 591">
    <p class='ocr_par' dir='ltr' id='par_1_65' title="bbox 2246 516 3899 591">
     <span class='ocr_line' id='line_1_65' title="bbox 2246 516 3899 591; baseline 0.002 -20"><span class='ocrx_word' id='word_1_500' title='bbox 2246 517 2513 572; x_wconf 90' lang='lat' dir='ltr'><strong>monium</strong></span> <span class='ocrx_word' id='word_1_501' title='bbox 2530 518 2762 573; x_wconf 89' lang='lat' dir='ltr'><strong>Christi.</strong></span> <span class='ocrx_word' id='word_1_502' title='bbox 2780 519 2915 575; x_wconf 86' lang='lat' dir='ltr'><strong>Sine</strong></span> <span class='ocrx_word' id='word_1_503' title='bbox 2931 518 3105 575; x_wconf 90' lang='lat' dir='ltr'><strong>dubio</strong></span> <span class='ocrx_word' id='word_1_504' title='bbox 3124 523 3315 575; x_wconf 89' lang='lat' dir='ltr'><strong>autem</strong></span> <span class='ocrx_word' id='word_1_505' title='bbox 3333 516 3601 574; x_wconf 91' lang='lat' dir='ltr'><strong>Christus</strong></span> <span class='ocrx_word' id='word_1_506' title='bbox 3615 517 3745 591; x_wconf 88' lang='lat' dir='ltr'><strong>ipse</strong></span> <span class='ocrx_word' id='word_1_507' title='bbox 3766 535 3899 574; x_wconf 89' lang='lat' dir='ltr'><strong>con-</strong></span> 
     </span>
    </p>
   </div>
   <div class='ocr_carea' id='block_1_66' title="bbox 2245 606 3901 681">
    <p class='ocr_par' dir='ltr' id='par_1_66' title="bbox 2245 606 3901 681">
     <span class='ocr_line' id='line_1_66' title="bbox 2245 606 3901 681; baseline 0.001 -20"><span class='ocrx_word' id='word_1_508' title='bbox 2245 606 2444 661; x_wconf 85' lang='lat' dir='ltr'><strong>ﬁtetur</strong></span> <span class='ocrx_word' id='word_1_509' title='bbox 2474 607 2652 678; x_wconf 84' lang='lat' dir='ltr'><strong>quod,</strong></span> <span class='ocrx_word' id='word_1_510' title='bbox 2678 609 2935 664; x_wconf 79' lang='lat' dir='ltr'><strong>Doctrina</strong></span> <span class='ocrx_word' id='word_1_511' title='bbox 2972 626 3094 664; x_wconf 87' lang='lat' dir='ltr'><strong>mea</strong></span> <span class='ocrx_word' id='word_1_512' title='bbox 3134 624 3240 664; x_wconf 85' lang='lat' dir='ltr'><strong>non</strong></span> <span class='ocrx_word' id='word_1_513' title='bbox 3265 616 3345 663; x_wconf 84' lang='lat' dir='ltr'><strong>est</strong></span> <span class='ocrx_word' id='word_1_514' title='bbox 3364 625 3510 673; x_wconf 85' lang='lat' dir='ltr'><strong>mea,</strong></span> <span class='ocrx_word' id='word_1_515' title='bbox 3532 608 3626 663; x_wconf 87' lang='lat' dir='ltr'><strong>sed</strong></span> <span class='ocrx_word' id='word_1_516' title='bbox 3663 610 3782 681; x_wconf 84' lang='lat' dir='ltr'><strong>ejus</strong></span> <span class='ocrx_word' id='word_1_517' title='bbox 3804 611 3901 680; x_wconf 90' lang='lat' dir='ltr'><strong>qui</strong></span> 
     </span>
    </p>
   </div>
   <div class='ocr_carea' id='block_1_67' title="bbox 2240 697 3902 766">
    <p class='ocr_par' dir='ltr' id='par_1_67' title="bbox 2240 697 3902 766">
     <span class='ocr_line' id='line_1_67' title="bbox 2240 697 3902 766; baseline 0.002 -17"><span class='ocrx_word' id='word_1_518' title='bbox 2240 711 2326 750; x_wconf 88' lang='lat' dir='ltr'><strong>me</strong></span> <span class='ocrx_word' id='word_1_519' title='bbox 2352 698 2506 750; x_wconf 88' lang='lat' dir='ltr'><strong>misit</strong></span> <span class='ocrx_word' id='word_1_520' title='bbox 2532 698 2715 753; x_wconf 86' lang='lat' dir='ltr'><strong>Patris</strong></span> <span class='ocrx_word' id='word_1_521' title='bbox 2733 699 2909 761; x_wconf 82' lang='lat' dir='ltr'><strong>(Joan.</strong></span> <span class='ocrx_word' id='word_1_522' title='bbox 2934 715 3035 763; x_wconf 82' lang='lat' dir='ltr'><strong>vn,</strong></span> <span class='ocrx_word' id='word_1_523' title='bbox 3060 698 3148 766; x_wconf 71' lang='lat' dir='ltr'><strong>l6)</strong></span> <span class='ocrx_word' id='word_1_524' title='bbox 3176 717 3188 753; x_wconf 90' lang='lat'><strong>:</strong></span> <span class='ocrx_word' id='word_1_525' title='bbox 3210 703 3287 763; x_wconf 88' lang='lat' dir='ltr'><strong>et,</strong></span> <span class='ocrx_word' id='word_1_526' title='bbox 3308 698 3456 766; x_wconf 84' lang='lat' dir='ltr'><strong>Quod</strong></span> <span class='ocrx_word' id='word_1_527' title='bbox 3481 697 3599 752; x_wconf 85' lang='lat' dir='ltr'><strong>vidi</strong></span> <span class='ocrx_word' id='word_1_528' title='bbox 3618 706 3671 754; x_wconf 86' lang='lat' dir='ltr'><strong>et</strong></span> <span class='ocrx_word' id='word_1_529' title='bbox 3707 698 3902 753; x_wconf 87' lang='lat' dir='ltr'><strong>audivi</strong></span> 
     </span>
    </p>
   </div>
   <div class='ocr_carea' id='block_1_68' title="bbox 2238 785 3897 860">
    <p class='ocr_par' dir='ltr' id='par_1_68' title="bbox 2238 785 3897 860">
     <span class='ocr_line' id='line_1_68' title="bbox 2238 785 3897 860; baseline 0.004 -22"><span class='ocrx_word' id='word_1_530' title='bbox 2238 785 2385 855; x_wconf 89' lang='lat' dir='ltr'><strong>apud</strong></span> <span class='ocrx_word' id='word_1_531' title='bbox 2415 790 2636 841; x_wconf 86' lang='lat' dir='ltr'><strong>Patrem</strong></span> <span class='ocrx_word' id='word_1_532' title='bbox 2665 804 2871 854; x_wconf 90' lang='lat' dir='ltr'><strong>meum,</strong></span> <span class='ocrx_word' id='word_1_533' title='bbox 2905 789 3095 859; x_wconf 85' lang='lat' dir='ltr'><strong>loquor</strong></span> <span class='ocrx_word' id='word_1_534' title='bbox 3124 789 3225 859; x_wconf 87' lang='lat' dir='ltr'><strong>(Id.</strong></span> <span class='ocrx_word' id='word_1_535' title='bbox 3260 805 3382 855; x_wconf 89' lang='lat' dir='ltr'><strong>vm,</strong></span> <span class='ocrx_word' id='word_1_536' title='bbox 3428 788 3541 856; x_wconf 88' lang='lat'><strong>38).</strong></span> <span class='ocrx_word' id='word_1_537' title='bbox 3575 787 3708 843; x_wconf 88' lang='lat' dir='ltr'><strong>Sive</strong></span> <span class='ocrx_word' id='word_1_538' title='bbox 3760 804 3897 860; x_wconf 87' lang='lat' dir='ltr'><strong>ergo</strong></span> 
     </span>
    </p>
   </div>
   <div class='ocr_carea' id='block_1_69' title="bbox 2238 872 3895 950">
    <p class='ocr_par' dir='ltr' id='par_1_69' title="bbox 2238 872 3895 950">
     <span class='ocr_line' id='line_1_69' title="bbox 2238 872 3895 950; baseline 0.002 -22"><span class='ocrx_word' id='word_1_539' title='bbox 2238 872 2505 929; x_wconf 88' lang='lat' dir='ltr'><strong>Christus</strong></span> <span class='ocrx_word' id='word_1_540' title='bbox 2535 877 2749 931; x_wconf 88' lang='lat' dir='ltr'><strong>docens</strong></span> <span class='ocrx_word' id='word_1_541' title='bbox 2776 894 2881 933; x_wconf 88' lang='lat' dir='ltr'><strong>nos</strong></span> <span class='ocrx_word' id='word_1_542' title='bbox 2903 877 3224 934; x_wconf 90' lang='lat' dir='ltr'><strong>illuminat.</strong></span> <span class='ocrx_word' id='word_1_543' title='bbox 3264 877 3431 933; x_wconf 90' lang='lat' dir='ltr'><strong>Pater</strong></span> <span class='ocrx_word' id='word_1_544' title='bbox 3461 876 3765 932; x_wconf 86' lang='lat' dir='ltr'><strong>illuminat</strong></span> <span class='ocrx_word' id='word_1_545' title='bbox 3794 878 3895 950; x_wconf 89' lang='lat' dir='ltr'><strong>qui</strong></span> 
     </span>
    </p>
   </div>
   <div class='ocr_carea' id='block_1_70' title="bbox 2236 964 3890 1038">
    <p class='ocr_par' dir='ltr' id='par_1_70' title="bbox 2236 964 3890 1038">
     <span class='ocr_line' id='line_1_70' title="bbox 2236 964 3890 1038; baseline 0.003 -22"><span class='ocrx_word' id='word_1_546' title='bbox 2236 978 2370 1018; x_wconf 89' lang='lat' dir='ltr'><strong>eum</strong></span> <span class='ocrx_word' id='word_1_547' title='bbox 2402 964 2740 1033; x_wconf 88' lang='lat' dir='ltr'><strong>destinavit;</strong></span> <span class='ocrx_word' id='word_1_548' title='bbox 2808 966 2927 1022; x_wconf 89' lang='lat' dir='ltr'><strong>sive</strong></span> <span class='ocrx_word' id='word_1_549' title='bbox 2984 965 3236 1038; x_wconf 87' lang='lat' dir='ltr'><strong>Spiritus</strong></span> <span class='ocrx_word' id='word_1_550' title='bbox 3289 972 3527 1022; x_wconf 91' lang='lat' dir='ltr'><strong>sanctus</strong></span> <span class='ocrx_word' id='word_1_551' title='bbox 3571 966 3890 1038; x_wconf 85' lang='lat' dir='ltr'><strong>illuminat,</strong></span> 
     </span>
    </p>
   </div>
   <div class='ocr_carea' id='block_1_71' title="bbox 2235 1049 3895 1128">
    <p class='ocr_par' dir='ltr' id='par_1_71' title="bbox 2235 1049 3895 1128">
     <span class='ocr_line' id='line_1_71' title="bbox 2235 1049 3895 1128; baseline 0.005 -25"><span class='ocrx_word' id='word_1_552' title='bbox 2235 1049 2589 1109; x_wconf 89' lang='lat' dir='ltr'><strong>illuminatio</strong></span> <span class='ocrx_word' id='word_1_553' title='bbox 2616 1055 2685 1109; x_wconf 92' lang='lat' dir='ltr'><strong>ad</strong></span> <span class='ocrx_word' id='word_1_554' title='bbox 2720 1060 3014 1112; x_wconf 88' lang='lat' dir='ltr'><strong>auctorem</strong></span> <span class='ocrx_word' id='word_1_555' title='bbox 3048 1055 3313 1127; x_wconf 86' lang='lat' dir='ltr'><strong>recurrit,</strong></span> <span class='ocrx_word' id='word_1_556' title='bbox 3350 1055 3450 1128; x_wconf 92' lang='lat' dir='ltr'><strong>qui</strong></span> <span class='ocrx_word' id='word_1_557' title='bbox 3500 1061 3590 1111; x_wconf 89' lang='lat' dir='ltr'><strong>est</strong></span> <span class='ocrx_word' id='word_1_558' title='bbox 3631 1057 3763 1111; x_wconf 80' lang='lat' dir='ltr'><strong>fons</strong></span> <span class='ocrx_word' id='word_1_559' title='bbox 3793 1056 3895 1112; x_wconf 87' lang='lat' dir='ltr'><strong>bo-</strong></span> 
     </span>
    </p>
   </div>
   <div class='ocr_carea' id='block_1_72' title="bbox 2234 1140 3891 1218">
    <p class='ocr_par' dir='ltr' id='par_1_72' title="bbox 2234 1140 3891 1218">
     <span class='ocr_line' id='line_1_72' title="bbox 2234 1140 3891 1218; baseline 0.004 -24"><span class='ocrx_word' id='word_1_560' title='bbox 2234 1140 2437 1197; x_wconf 90' lang='lat' dir='ltr'><strong>nitatis</strong></span> <span class='ocrx_word' id='word_1_561' title='bbox 2464 1158 2474 1197; x_wconf 91' lang='lat'><strong>:</strong></span> <span class='ocrx_word' id='word_1_562' title='bbox 2500 1159 2534 1196; x_wconf 94' lang='lat' dir='ltr'><strong>a</strong></span> <span class='ocrx_word' id='word_1_563' title='bbox 2565 1160 2674 1213; x_wconf 88' lang='lat' dir='ltr'><strong>quo</strong></span> <span class='ocrx_word' id='word_1_564' title='bbox 2715 1150 3087 1211; x_wconf 88' lang='lat' dir='ltr'><strong>consecutus,</strong></span> <span class='ocrx_word' id='word_1_565' title='bbox 3120 1145 3239 1200; x_wconf 89' lang='lat' dir='ltr'><strong>sive</strong></span> <span class='ocrx_word' id='word_1_566' title='bbox 3286 1145 3497 1201; x_wconf 90' lang='lat' dir='ltr'><strong>beatus</strong></span> <span class='ocrx_word' id='word_1_567' title='bbox 3544 1145 3891 1218; x_wconf 85' lang='lat' dir='ltr'><strong>Apostolus,</strong></span> 
     </span>
    </p>
   </div>
   <div class='ocr_carea' id='block_1_73' title="bbox 2232 1228 3894 1306">
    <p class='ocr_par' dir='ltr' id='par_1_73' title="bbox 2232 1228 3894 1306">
     <span class='ocr_line' id='line_1_73' title="bbox 2232 1228 3894 1306; baseline 0.005 -22"><span class='ocrx_word' id='word_1_568' title='bbox 2232 1228 2353 1285; x_wconf 90' lang='lat' dir='ltr'><strong>sive</strong></span> <span class='ocrx_word' id='word_1_569' title='bbox 2382 1230 2558 1288; x_wconf 88' lang='lat' dir='ltr'><strong>etiam</strong></span> <span class='ocrx_word' id='word_1_570' title='bbox 2600 1250 2804 1290; x_wconf 89' lang='lat' dir='ltr'><strong>omnes</strong></span> <span class='ocrx_word' id='word_1_571' title='bbox 2834 1234 3043 1304; x_wconf 88' lang='lat' dir='ltr'><strong>sancti,</strong></span> <span class='ocrx_word' id='word_1_572' title='bbox 3095 1233 3431 1290; x_wconf 89' lang='lat' dir='ltr'><strong>illuminant</strong></span> <span class='ocrx_word' id='word_1_573' title='bbox 3474 1234 3717 1306; x_wconf 88' lang='lat' dir='ltr'><strong>quidem</strong></span> <span class='ocrx_word' id='word_1_574' title='bbox 3768 1251 3894 1293; x_wconf 81' lang='lat' dir='ltr'><strong>cre-</strong></span> 
     </span>
    </p>
   </div>
   <div class='ocr_carea' id='block_1_74' title="bbox 2230 1318 3893 1385">
    <p class='ocr_par' dir='ltr' id='par_1_74' title="bbox 2230 1318 3893 1385">
     <span class='ocr_line' id='line_1_74' title="bbox 2230 1318 3893 1385; baseline 0.004 -12"><span class='ocrx_word' id='word_1_575' title='bbox 2230 1318 2455 1385; x_wconf 88' lang='lat' dir='ltr'><strong>dentes,</strong></span> <span class='ocrx_word' id='word_1_576' title='bbox 2490 1322 2591 1377; x_wconf 91' lang='lat' dir='ltr'><strong>sed</strong></span> <span class='ocrx_word' id='word_1_577' title='bbox 2645 1323 2762 1378; x_wconf 63' lang='lat' dir='ltr'><strong>haec</strong></span> <span class='ocrx_word' id='word_1_578' title='bbox 2814 1323 3166 1379; x_wconf 87' lang='lat' dir='ltr'><strong>illuminatio</strong></span> <span class='ocrx_word' id='word_1_579' title='bbox 3215 1325 3286 1379; x_wconf 93' lang='lat' dir='ltr'><strong>ad</strong></span> <span class='ocrx_word' id='word_1_580' title='bbox 3337 1341 3519 1379; x_wconf 92' lang='lat' dir='ltr'><strong>unum</strong></span> <span class='ocrx_word' id='word_1_581' title='bbox 3582 1330 3893 1381; x_wconf 89' lang='lat' dir='ltr'><strong>auctorem</strong></span> 
     </span>
    </p>
   </div>
   <div class='ocr_carea' id='block_1_75' title="bbox 2230 1408 3896 1487">
    <p class='ocr_par' dir='ltr' id='par_1_75' title="bbox 2230 1408 3896 1487">
     <span class='ocr_line' id='line_1_75' title="bbox 2230 1408 3896 1487; baseline 0.005 -26"><span class='ocrx_word' id='word_1_582' title='bbox 2230 1408 2494 1464; x_wconf 89' lang='lat' dir='ltr'><strong>recurrit.</strong></span> <span class='ocrx_word' id='word_1_583' title='bbox 2524 1411 2591 1465; x_wconf 91' lang='lat' dir='ltr'><strong>Et</strong></span> <span class='ocrx_word' id='word_1_584' title='bbox 2620 1428 2687 1467; x_wconf 91' lang='lat' dir='ltr'><strong>ea</strong></span> <span class='ocrx_word' id='word_1_585' title='bbox 2718 1412 2787 1467; x_wconf 89' lang='lat' dir='ltr'><strong>de</strong></span> <span class='ocrx_word' id='word_1_586' title='bbox 2814 1430 2992 1468; x_wconf 90' lang='lat' dir='ltr'><strong>causa</strong></span> <span class='ocrx_word' id='word_1_587' title='bbox 3015 1412 3245 1468; x_wconf 89' lang='lat' dir='ltr'><strong>dicebat</strong></span> <span class='ocrx_word' id='word_1_588' title='bbox 3276 1413 3560 1487; x_wconf 86' lang='lat' dir='ltr'><strong>propheta</strong></span> <span class='ocrx_word' id='word_1_589' title='bbox 3585 1431 3599 1468; x_wconf 90' lang='lat'><strong>:</strong></span> <span class='ocrx_word' id='word_1_590' title='bbox 3622 1415 3896 1471; x_wconf 81' lang='lat' dir='ltr'><strong>Dominus</strong></span> 
     </span>
    </p>
   </div>
   <div class='ocr_carea' id='block_1_76' title="bbox 2227 1496 3892 1577">
    <p class='ocr_par' dir='ltr' id='par_1_76' title="bbox 2227 1496 3892 1577">
     <span class='ocr_line' id='line_1_76' title="bbox 2227 1496 3892 1577; baseline 0.007 -28"><span class='ocrx_word' id='word_1_591' title='bbox 2227 1496 2566 1555; x_wconf 83' lang='lat' dir='ltr'><strong>illuminatio</strong></span> <span class='ocrx_word' id='word_1_592' title='bbox 2596 1517 2737 1568; x_wconf 88' lang='lat' dir='ltr'><strong>mea,</strong></span> <span class='ocrx_word' id='word_1_593' title='bbox 2767 1511 2822 1557; x_wconf 88' lang='lat' dir='ltr'><strong>et</strong></span> <span class='ocrx_word' id='word_1_594' title='bbox 2860 1503 3014 1557; x_wconf 87' lang='lat' dir='ltr'><strong>salus</strong></span> <span class='ocrx_word' id='word_1_595' title='bbox 3046 1520 3175 1558; x_wconf 88' lang='lat' dir='ltr'><strong>mea</strong></span> <span class='ocrx_word' id='word_1_596' title='bbox 3192 1519 3215 1566; x_wconf 87' lang='grc'><strong><em>;</em></strong></span> <span class='ocrx_word' id='word_1_597' title='bbox 3262 1518 3423 1577; x_wconf 84' lang='lat' dir='ltr'><strong>quem</strong></span> <span class='ocrx_word' id='word_1_598' title='bbox 3478 1503 3674 1560; x_wconf 83' lang='lat' dir='ltr'><strong>timebo</strong></span> <span class='ocrx_word' id='word_1_599' title='bbox 3705 1503 3892 1575; x_wconf 84' lang='lat' dir='ltr'><strong>(Psal.</strong></span> 
     </span>
    </p>
   </div>
   <div class='ocr_carea' id='block_1_77' title="bbox 2225 1587 2505 1659">
    <p class='ocr_par' dir='ltr' id='par_1_77' title="bbox 2225 1587 2505 1659">
     <span class='ocr_line' id='line_1_77' title="bbox 2225 1587 2505 1659; baseline 0.011 -20"><span class='ocrx_word' id='word_1_600' title='bbox 2225 1601 2379 1652; x_wconf 73' lang='lat' dir='ltr'><strong>xxvr,</strong></span> <span class='ocrx_word' id='word_1_601' title='bbox 2415 1587 2505 1659; x_wconf 75' lang='lat'><strong>1)?</strong></span> 
     </span>
    </p>
   </div>
   <div class='ocr_carea' id='block_1_78' title="bbox 2295 1676 3889 1755">
    <p class='ocr_par' dir='ltr' id='par_1_78' title="bbox 2295 1676 3889 1755">
     <span class='ocr_line' id='line_1_78' title="bbox 2295 1676 3889 1755; baseline 0.006 -26"><span class='ocrx_word' id='word_1_602' title='bbox 2295 1676 2348 1730; x_wconf 91' lang='lat'><strong>6.</strong></span> <span class='ocrx_word' id='word_1_603' title='bbox 2377 1678 2522 1734; x_wconf 85' lang='lat' dir='ltr'><strong>AUG.</strong></span> <span class='ocrx_word' id='word_1_604' title='bbox 2556 1678 2734 1734; x_wconf 83' lang='lat' dir='ltr'><strong>dixit:</strong></span> <span class='ocrx_word' id='word_1_605' title='bbox 2761 1681 2876 1753; x_wconf 87' lang='lat' dir='ltr'><strong>Ego</strong></span> <span class='ocrx_word' id='word_1_606' title='bbox 2909 1698 3024 1737; x_wconf 89' lang='lat' dir='ltr'><strong>non</strong></span> <span class='ocrx_word' id='word_1_607' title='bbox 3059 1698 3205 1755; x_wconf 89' lang='lat' dir='ltr'><strong>nego</strong></span> <span class='ocrx_word' id='word_1_608' title='bbox 3238 1680 3573 1739; x_wconf 89' lang='lat' dir='ltr'><strong>illuminare</strong></span> <span class='ocrx_word' id='word_1_609' title='bbox 3595 1682 3889 1755; x_wconf 87' lang='lat' dir='ltr'><strong>Spiritum</strong></span> 
     </span>
    </p>
   </div>
   <div class='ocr_carea' id='block_1_79' title="bbox 2225 1768 3889 1845">
    <p class='ocr_par' dir='ltr' id='par_1_79' title="bbox 2225 1768 3889 1845">
     <span class='ocr_line' id='line_1_79' title="bbox 2225 1768 3889 1845; baseline 0.008 -28"><span class='ocrx_word' id='word_1_610' title='bbox 2225 1768 2495 1821; x_wconf 90' lang='lat' dir='ltr'><strong>sanctum</strong></span> <span class='ocrx_word' id='word_1_611' title='bbox 2534 1783 2545 1821; x_wconf 96' lang='lat'>:</span> <span class='ocrx_word' id='word_1_612' title='bbox 2600 1770 2698 1823; x_wconf 90' lang='lat' dir='ltr'><strong>sed</strong></span> <span class='ocrx_word' id='word_1_613' title='bbox 2733 1775 2927 1825; x_wconf 90' lang='lat' dir='ltr'><strong>utrum</strong></span> <span class='ocrx_word' id='word_1_614' title='bbox 2968 1776 3024 1825; x_wconf 91' lang='lat' dir='ltr'><strong>et</strong></span> <span class='ocrx_word' id='word_1_615' title='bbox 3061 1771 3329 1828; x_wconf 87' lang='lat' dir='ltr'><strong>Christus</strong></span> <span class='ocrx_word' id='word_1_616' title='bbox 3370 1771 3660 1829; x_wconf 76' lang='lat' dir='ltr'><strong>illuminat</strong></span> <span class='ocrx_word' id='word_1_617' title='bbox 3681 1789 3792 1845; x_wconf 87' lang='lat' dir='ltr'><strong>per</strong></span> <span class='ocrx_word' id='word_1_618' title='bbox 3823 1790 3889 1830; x_wconf 84' lang='lat' dir='ltr'><strong>se</strong></span> 
     </span>
    </p>
   </div>
   <div class='ocr_carea' id='block_1_80' title="bbox 2224 1850 3889 1934">
    <p class='ocr_par' dir='ltr' id='par_1_80' title="bbox 2224 1850 3889 1934">
     <span class='ocr_line' id='line_1_80' title="bbox 2224 1850 3889 1934; baseline 0.008 -29"><span class='ocrx_word' id='word_1_619' title='bbox 2224 1850 2439 1922; x_wconf 88' lang='lat' dir='ltr'><strong>ipsum,</strong></span> <span class='ocrx_word' id='word_1_620' title='bbox 2471 1860 2526 1910; x_wconf 89' lang='lat' dir='ltr'><strong>et</strong></span> <span class='ocrx_word' id='word_1_621' title='bbox 2557 1857 2724 1913; x_wconf 90' lang='lat' dir='ltr'><strong>Pater</strong></span> <span class='ocrx_word' id='word_1_622' title='bbox 2746 1858 3036 1914; x_wconf 88' lang='lat' dir='ltr'><strong>illuminet</strong></span> <span class='ocrx_word' id='word_1_623' title='bbox 3058 1876 3158 1932; x_wconf 89' lang='lat' dir='ltr'><strong>per</strong></span> <span class='ocrx_word' id='word_1_624' title='bbox 3186 1878 3249 1917; x_wconf 89' lang='lat' dir='ltr'><strong>se</strong></span> <span class='ocrx_word' id='word_1_625' title='bbox 3280 1860 3498 1934; x_wconf 86' lang='lat' dir='ltr'><strong>ipsum,</strong></span> <span class='ocrx_word' id='word_1_626' title='bbox 3542 1880 3616 1918; x_wconf 90' lang='lat' dir='ltr'><strong>an</strong></span> <span class='ocrx_word' id='word_1_627' title='bbox 3653 1880 3770 1919; x_wconf 85' lang='lat' dir='ltr'><strong>non</strong></span> <span class='ocrx_word' id='word_1_628' title='bbox 3820 1862 3889 1918; x_wconf 88' lang='lat' dir='ltr'><strong>il-</strong></span> 
     </span>
    </p>
   </div>
   <div class='ocr_carea' id='block_1_81' title="bbox 2221 1939 3879 2027">
    <p class='ocr_par' dir='ltr' id='par_1_81' title="bbox 2221 1939 3879 2027">
     <span class='ocr_line' id='line_1_81' title="bbox 2221 1939 3879 2027; baseline 0.009 -32"><span class='ocrx_word' id='word_1_629' title='bbox 2221 1939 2510 1999; x_wconf 87' lang='lat' dir='ltr'><strong>luminent</strong></span> <span class='ocrx_word' id='word_1_630' title='bbox 2540 1946 2633 2001; x_wconf 91' lang='lat' dir='ltr'><strong>isti</strong></span> <span class='ocrx_word' id='word_1_631' title='bbox 2664 1947 2774 2003; x_wconf 88' lang='lat' dir='ltr'><strong>nisi</strong></span> <span class='ocrx_word' id='word_1_632' title='bbox 2808 1965 2908 2019; x_wconf 90' lang='lat' dir='ltr'><strong>per</strong></span> <span class='ocrx_word' id='word_1_633' title='bbox 2955 1949 3241 2020; x_wconf 87' lang='lat' dir='ltr'><strong>Spiritum</strong></span> <span class='ocrx_word' id='word_1_634' title='bbox 3286 1957 3559 2027; x_wconf 88' lang='lat' dir='ltr'><strong>sanctum</strong></span> <span class='ocrx_word' id='word_1_635' title='bbox 3592 1968 3605 2009; x_wconf 90' lang='lat'>:</span> <span class='ocrx_word' id='word_1_636' title='bbox 3643 1953 3750 2009; x_wconf 88' lang='lat' dir='ltr'><strong>hoc</strong></span> <span class='ocrx_word' id='word_1_637' title='bbox 3784 1969 3879 2011; x_wconf 76' lang='lat' dir='ltr'><strong>re-</strong></span> 
     </span>
    </p>
   </div>
   <div class='ocr_carea' id='block_1_82' title="bbox 2221 2031 3156 2108">
    <p class='ocr_par' dir='ltr' id='par_1_82' title="bbox 2221 2031 3156 2108">
     <span class='ocr_line' id='line_1_82' title="bbox 2221 2031 3156 2108; baseline 0.013 -25"><span class='ocrx_word' id='word_1_638' title='bbox 2221 2031 2432 2101; x_wconf 84' lang='lat' dir='ltr'><strong>quisivi</strong></span> <span class='ocrx_word' id='word_1_639' title='bbox 2464 2034 2729 2101; x_wconf 89' lang='lat' dir='ltr'><strong>breviter,</strong></span> <span class='ocrx_word' id='word_1_640' title='bbox 2767 2037 2873 2093; x_wconf 92' lang='lat' dir='ltr'><strong>hoc</strong></span> <span class='ocrx_word' id='word_1_641' title='bbox 2906 2037 3156 2108; x_wconf 89' lang='lat' dir='ltr'><strong>requiro.</strong></span> 
     </span>
    </p>
   </div>
   <div class='ocr_carea' id='block_1_83' title="bbox 2290 2120 3881 2204">
    <p class='ocr_par' dir='ltr' id='par_1_83' title="bbox 2290 2120 3881 2204">
     <span class='ocr_line' id='line_1_83' title="bbox 2290 2120 3881 2204; baseline 0.009 -29"><span class='ocrx_word' id='word_1_642' title='bbox 2290 2120 2436 2177; x_wconf 67' lang='lat' dir='ltr'><strong>Max.</strong></span> <span class='ocrx_word' id='word_1_643' title='bbox 2488 2126 2833 2196; x_wconf 87' lang='lat' dir='ltr'><strong>respondit:</strong></span> <span class='ocrx_word' id='word_1_644' title='bbox 2869 2128 3049 2183; x_wconf 91' lang='lat' dir='ltr'><strong>Credo</strong></span> <span class='ocrx_word' id='word_1_645' title='bbox 3101 2145 3213 2184; x_wconf 87' lang='lat' dir='ltr'><strong>non</strong></span> <span class='ocrx_word' id='word_1_646' title='bbox 3274 2128 3451 2185; x_wconf 89' lang='lat' dir='ltr'><strong>latere</strong></span> <span class='ocrx_word' id='word_1_647' title='bbox 3509 2130 3881 2204; x_wconf 80' lang='lat' dir='ltr'><strong>Religionem</strong></span> 
     </span>
    </p>
   </div>
   <div class='ocr_carea' id='block_1_84' title="bbox 2214 2212 3881 2288">
    <p class='ocr_par' dir='ltr' id='par_1_84' title="bbox 2214 2212 3881 2288">
     <span class='ocr_line' id='line_1_84' title="bbox 2214 2212 3881 2288; baseline 0.01 -25"><span class='ocrx_word' id='word_1_648' title='bbox 2214 2212 2379 2266; x_wconf 86' lang='lat' dir='ltr'><strong>tuam</strong></span> <span class='ocrx_word' id='word_1_649' title='bbox 2413 2213 2641 2268; x_wconf 84' lang='lat' dir='ltr'><strong>beatum</strong></span> <span class='ocrx_word' id='word_1_650' title='bbox 2675 2215 2891 2273; x_wconf 82' lang='lat' dir='ltr'><strong>dixisse</strong></span> <span class='ocrx_word' id='word_1_651' title='bbox 2922 2217 3250 2288; x_wconf 91' lang='lat' dir='ltr'><strong>apostolum</strong></span> <span class='ocrx_word' id='word_1_652' title='bbox 3285 2218 3553 2284; x_wconf 85' lang='lat' dir='ltr'><strong>Paulum,</strong></span> <span class='ocrx_word' id='word_1_653' title='bbox 3604 2224 3745 2278; x_wconf 86' lang='lat' dir='ltr'><strong>Cum</strong></span> <span class='ocrx_word' id='word_1_654' title='bbox 3774 2239 3881 2280; x_wconf 78' lang='lat' dir='ltr'><strong>au-</strong></span> 
     </span>
    </p>
   </div>
   <div class='ocr_carea' id='block_1_85' title="bbox 2216 2300 3880 2379">
    <p class='ocr_par' dir='ltr' id='par_1_85' title="bbox 2216 2300 3880 2379">
     <span class='ocr_line' id='line_1_85' title="bbox 2216 2300 3880 2379; baseline 0.01 -27"><span class='ocrx_word' id='word_1_655' title='bbox 2216 2306 2322 2353; x_wconf 86' lang='lat' dir='ltr'><strong>tem</strong></span> <span class='ocrx_word' id='word_1_656' title='bbox 2354 2300 2659 2373; x_wconf 82' lang='lat' dir='ltr'><strong>benignitas</strong></span> <span class='ocrx_word' id='word_1_657' title='bbox 2688 2308 2740 2361; x_wconf 90' lang='lat' dir='ltr'><strong>et</strong></span> <span class='ocrx_word' id='word_1_658' title='bbox 2769 2305 3085 2361; x_wconf 85' lang='lat' dir='ltr'><strong>humanitas</strong></span> <span class='ocrx_word' id='word_1_659' title='bbox 3114 2310 3383 2379; x_wconf 83' lang='lat' dir='ltr'><strong>apparuit</strong></span> <span class='ocrx_word' id='word_1_660' title='bbox 3407 2309 3710 2366; x_wconf 82' lang='lat' dir='ltr'><strong>Saluatoris</strong></span> <span class='ocrx_word' id='word_1_661' title='bbox 3740 2329 3880 2368; x_wconf 83' lang='lat' dir='ltr'><strong>nos-</strong></span> 
     </span>
    </p>
   </div>
   <div class='ocr_carea' id='block_1_86' title="bbox 2214 2390 3881 2469">
    <p class='ocr_par' dir='ltr' id='par_1_86' title="bbox 2214 2390 3881 2469">
     <span class='ocr_line' id='line_1_86' title="bbox 2214 2390 3881 2469; baseline 0.01 -28"><span class='ocrx_word' id='word_1_662' title='bbox 2214 2390 2289 2442; x_wconf 88' lang='lat' dir='ltr'><strong>tri</strong></span> <span class='ocrx_word' id='word_1_663' title='bbox 2319 2390 2412 2444; x_wconf 89' lang='lat' dir='ltr'><strong>Dei</strong></span> <span class='ocrx_word' id='word_1_664' title='bbox 2441 2408 2547 2446; x_wconf 85' lang='lat' dir='ltr'><strong>non</strong></span> <span class='ocrx_word' id='word_1_665' title='bbox 2577 2409 2646 2448; x_wconf 69' lang='lat' dir='ltr'><strong>ex</strong></span> <span class='ocrx_word' id='word_1_666' title='bbox 2674 2397 2924 2465; x_wconf 88' lang='lat' dir='ltr'><strong>operibus</strong></span> <span class='ocrx_word' id='word_1_667' title='bbox 2943 2397 3184 2468; x_wconf 71' lang='lat' dir='ltr'><strong>justitia:</strong></span> <span class='ocrx_word' id='word_1_668' title='bbox 3207 2415 3330 2469; x_wconf 76' lang='lat' dir='ltr'><strong>quo:</strong></span> <span class='ocrx_word' id='word_1_669' title='bbox 3358 2402 3589 2469; x_wconf 54' lang='lat' dir='ltr'><strong>[erimus</strong></span> <span class='ocrx_word' id='word_1_670' title='bbox 3616 2417 3736 2467; x_wconf 87' lang='lat' dir='ltr'><strong>nos,</strong></span> <span class='ocrx_word' id='word_1_671' title='bbox 3776 2403 3881 2458; x_wconf 83' lang='lat' dir='ltr'><strong>sed</strong></span> 
     </span>
    </p>
   </div>
   <div class='ocr_carea' id='block_1_87' title="bbox 2212 2480 3880 2562">
    <p class='ocr_par' dir='ltr' id='par_1_87' title="bbox 2212 2480 3880 2562">
     <span class='ocr_line' id='line_1_87' title="bbox 2212 2480 3880 2562; baseline 0.011 -32"><span class='ocrx_word' id='word_1_672' title='bbox 2212 2480 2509 2535; x_wconf 88' lang='lat' dir='ltr'><strong>secundum</strong></span> <span class='ocrx_word' id='word_1_673' title='bbox 2530 2498 2689 2537; x_wconf 84' lang='lat' dir='ltr'><strong>suam</strong></span> <span class='ocrx_word' id='word_1_674' title='bbox 2716 2485 3149 2541; x_wconf 87' lang='lat' dir='ltr'><strong>misericordiam</strong></span> <span class='ocrx_word' id='word_1_675' title='bbox 3168 2489 3343 2543; x_wconf 88' lang='lat' dir='ltr'><strong>salvos</strong></span> <span class='ocrx_word' id='word_1_676' title='bbox 3378 2505 3475 2543; x_wconf 87' lang='lat' dir='ltr'><strong>nos</strong></span> <span class='ocrx_word' id='word_1_677' title='bbox 3495 2489 3648 2562; x_wconf 84' lang='lat' dir='ltr'><strong>fecit,</strong></span> <span class='ocrx_word' id='word_1_678' title='bbox 3669 2507 3772 2561; x_wconf 88' lang='lat' dir='ltr'><strong>per</strong></span> <span class='ocrx_word' id='word_1_679' title='bbox 3796 2493 3880 2547; x_wconf 87' lang='lat' dir='ltr'><strong>la-</strong></span> 
     </span>
    </p>
   </div>
   <div class='ocr_carea' id='block_1_88' title="bbox 2212 2574 3874 2649">
    <p class='ocr_par' dir='ltr' id='par_1_88' title="bbox 2212 2574 3874 2649">
     <span class='ocr_line' id='line_1_88' title="bbox 2212 2574 3874 2649; baseline 0.01 -28"><span class='ocrx_word' id='word_1_680' title='bbox 2212 2583 2435 2622; x_wconf 83' lang='lat' dir='ltr'><strong>vacrum</strong></span> <span class='ocrx_word' id='word_1_681' title='bbox 2460 2574 2897 2642; x_wconf 79' lang='lat' dir='ltr'><strong>regenerationis</strong></span> <span class='ocrx_word' id='word_1_682' title='bbox 2918 2584 2969 2629; x_wconf 89' lang='lat' dir='ltr'><strong>et</strong></span> <span class='ocrx_word' id='word_1_683' title='bbox 2990 2578 3371 2633; x_wconf 76' lang='lat' dir='ltr'><strong>renovationis</strong></span> <span class='ocrx_word' id='word_1_684' title='bbox 3394 2576 3634 2649; x_wconf 85' lang='lat' dir='ltr'><strong>Spiritus</strong></span> <span class='ocrx_word' id='word_1_685' title='bbox 3661 2583 3874 2647; x_wconf 80' lang='lat' dir='ltr'><strong>sancti,</strong></span> 
     </span>
    </p>
   </div>
   <div class='ocr_carea' id='block_1_89' title="bbox 2211 2659 3874 2736">
    <p class='ocr_par' dir='ltr' id='par_1_89' title="bbox 2211 2659 3874 2736">
     <span class='ocr_line' id='line_1_89' title="bbox 2211 2659 3874 2736; baseline 0.01 -26"><span class='ocrx_word' id='word_1_686' title='bbox 2211 2672 2371 2728; x_wconf 86' lang='lat' dir='ltr'><strong>quem</strong></span> <span class='ocrx_word' id='word_1_687' title='bbox 2400 2659 2588 2729; x_wconf 65' lang='lat' dir='ltr'><strong>effudit</strong></span> <span class='ocrx_word' id='word_1_688' title='bbox 2621 2663 2679 2716; x_wconf 85' lang='lat' dir='ltr'><strong>in</strong></span> <span class='ocrx_word' id='word_1_689' title='bbox 2708 2678 2804 2718; x_wconf 87' lang='lat' dir='ltr'><strong>nos</strong></span> <span class='ocrx_word' id='word_1_690' title='bbox 2829 2665 3064 2734; x_wconf 85' lang='lat' dir='ltr'><strong>abunde,</strong></span> <span class='ocrx_word' id='word_1_691' title='bbox 3096 2682 3194 2736; x_wconf 88' lang='lat' dir='ltr'><strong>per</strong></span> <span class='ocrx_word' id='word_1_692' title='bbox 3214 2667 3400 2722; x_wconf 76' lang='lat' dir='ltr'><strong>Iesum</strong></span> <span class='ocrx_word' id='word_1_693' title='bbox 3433 2668 3710 2724; x_wconf 85' lang='lat' dir='ltr'><strong>Christum</strong></span> <span class='ocrx_word' id='word_1_694' title='bbox 3740 2670 3874 2726; x_wconf 76' lang='lat' dir='ltr'><strong>Sal-</strong></span> 
     </span>
    </p>
   </div>
   <div class='ocr_carea' id='block_1_90' title="bbox 2209 2750 3873 2823">
    <p class='ocr_par' dir='ltr' id='par_1_90' title="bbox 2209 2750 3873 2823">
     <span class='ocr_line' id='line_1_90' title="bbox 2209 2750 3873 2823; baseline 0.01 -24"><span class='ocrx_word' id='word_1_695' title='bbox 2209 2750 2447 2801; x_wconf 87' lang='lat' dir='ltr'><strong>vatorem</strong></span> <span class='ocrx_word' id='word_1_696' title='bbox 2474 2752 2861 2823; x_wconf 83' lang='lat' dir='ltr'><strong>nostrum(Tit.</strong></span> <span class='ocrx_word' id='word_1_697' title='bbox 2897 2770 2979 2819; x_wconf 83' lang='grc' dir='ltr'>ιιι,</span> <span class='ocrx_word' id='word_1_698' title='bbox 3020 2756 3159 2823; x_wconf 81' lang='grc'><strong>4-6).</strong></span> <span class='ocrx_word' id='word_1_699' title='bbox 3210 2756 3545 2812; x_wconf 88' lang='lat' dir='ltr'><strong>Secundum</strong></span> <span class='ocrx_word' id='word_1_700' title='bbox 3585 2758 3744 2814; x_wconf 88' lang='lat' dir='ltr'><strong>hanc</strong></span> <span class='ocrx_word' id='word_1_701' title='bbox 3777 2776 3873 2816; x_wconf 83' lang='lat' dir='ltr'><strong>re-</strong></span> 
     </span>
    </p>
   </div>
   <div class='ocr_carea' id='block_1_91' title="bbox 2211 2833 3875 2918">
    <p class='ocr_par' dir='ltr' id='par_1_91' title="bbox 2211 2833 3875 2918">
     <span class='ocr_line' id='line_1_91' title="bbox 2211 2833 3875 2918; baseline 0.01 -30"><span class='ocrx_word' id='word_1_702' title='bbox 2211 2833 2408 2906; x_wconf 86' lang='lat' dir='ltr'><strong>gulam</strong></span> <span class='ocrx_word' id='word_1_703' title='bbox 2440 2837 2565 2893; x_wconf 91' lang='lat' dir='ltr'><strong>dico</strong></span> <span class='ocrx_word' id='word_1_704' title='bbox 2595 2840 2873 2910; x_wconf 85' lang='lat' dir='ltr'><strong>Spiritum</strong></span> <span class='ocrx_word' id='word_1_705' title='bbox 2916 2848 3183 2900; x_wconf 88' lang='lat' dir='ltr'><strong>sanctum</strong></span> <span class='ocrx_word' id='word_1_706' title='bbox 3214 2851 3272 2901; x_wconf 89' lang='lat' dir='ltr'><strong>et</strong></span> <span class='ocrx_word' id='word_1_707' title='bbox 3315 2847 3591 2918; x_wconf 83' lang='lat' dir='ltr'><strong>profiteor</strong></span> <span class='ocrx_word' id='word_1_708' title='bbox 3636 2847 3875 2904; x_wconf 88' lang='lat' dir='ltr'><strong>illumi-</strong></span> 
     </span>
    </p>
   </div>
   <div class='ocr_carea' id='block_1_92' title="bbox 2211 2929 3872 3008">
    <p class='ocr_par' dir='ltr' id='par_1_92' title="bbox 2211 2929 3872 3008">
     <span class='ocr_line' id='line_1_92' title="bbox 2211 2929 3872 3008; baseline 0.011 -31"><span class='ocrx_word' id='word_1_709' title='bbox 2211 2930 2471 2980; x_wconf 87' lang='lat' dir='ltr'><strong>natorem</strong></span> <span class='ocrx_word' id='word_1_710' title='bbox 2508 2944 2606 2997; x_wconf 90' lang='lat' dir='ltr'><strong>per</strong></span> <span class='ocrx_word' id='word_1_711' title='bbox 2637 2929 2846 2986; x_wconf 87' lang='lat' dir='ltr'><strong>Filium</strong></span> <span class='ocrx_word' id='word_1_712' title='bbox 2884 2948 2895 2986; x_wconf 95' lang='lat'>:</span> <span class='ocrx_word' id='word_1_713' title='bbox 2930 2937 2994 2987; x_wconf 92' lang='lat' dir='ltr'><strong>ut</strong></span> <span class='ocrx_word' id='word_1_714' title='bbox 3024 2939 3157 2989; x_wconf 89' lang='lat' dir='ltr'><strong>ante</strong></span> <span class='ocrx_word' id='word_1_715' title='bbox 3179 2934 3403 2991; x_wconf 91' lang='lat' dir='ltr'><strong>dictum</strong></span> <span class='ocrx_word' id='word_1_716' title='bbox 3434 2941 3542 3000; x_wconf 88' lang='lat' dir='ltr'><strong>est,</strong></span> <span class='ocrx_word' id='word_1_717' title='bbox 3579 2938 3751 3006; x_wconf 84' lang='lat' dir='ltr'><strong>Quem</strong></span> <span class='ocrx_word' id='word_1_718' title='bbox 3782 2941 3872 3008; x_wconf 81' lang='lat' dir='ltr'><strong>ef-</strong></span> 
     </span>
    </p>
   </div>
   <div class='ocr_carea' id='block_1_93' title="bbox 2207 3014 3875 3092">
    <p class='ocr_par' dir='ltr' id='par_1_93' title="bbox 2207 3014 3875 3092">
     <span class='ocr_line' id='line_1_93' title="bbox 2207 3014 3875 3092; baseline 0.01 -25"><span class='ocrx_word' id='word_1_719' title='bbox 2207 3014 2352 3084; x_wconf 81' lang='lat' dir='ltr'><strong>fudit</strong></span> <span class='ocrx_word' id='word_1_720' title='bbox 2382 3016 2441 3069; x_wconf 85' lang='lat' dir='ltr'><strong>in</strong></span> <span class='ocrx_word' id='word_1_721' title='bbox 2461 3032 2560 3072; x_wconf 88' lang='lat' dir='ltr'><strong>nos</strong></span> <span class='ocrx_word' id='word_1_722' title='bbox 2590 3018 2823 3087; x_wconf 88' lang='lat' dir='ltr'><strong>abunde,</strong></span> <span class='ocrx_word' id='word_1_723' title='bbox 2865 3036 2966 3092; x_wconf 90' lang='lat' dir='ltr'><strong>per</strong></span> <span class='ocrx_word' id='word_1_724' title='bbox 2992 3023 3174 3077; x_wconf 88' lang='lat' dir='ltr'><strong>Jesum</strong></span> <span class='ocrx_word' id='word_1_725' title='bbox 3218 3023 3492 3080; x_wconf 86' lang='lat' dir='ltr'><strong>Christum</strong></span> <span class='ocrx_word' id='word_1_726' title='bbox 3525 3025 3875 3084; x_wconf 86' lang='lat' dir='ltr'><strong>Satvatorem</strong></span> 
     </span>
    </p>
   </div>
   <div class='ocr_carea' id='block_1_94' title="bbox 2206 3107 3877 3185">
    <p class='ocr_par' dir='ltr' id='par_1_94' title="bbox 2206 3107 3877 3185">
     <span class='ocr_line' id='line_1_94' title="bbox 2206 3107 3877 3185; baseline 0.01 -29"><span class='ocrx_word' id='word_1_727' title='bbox 2206 3110 2472 3160; x_wconf 84' lang='lat' dir='ltr'><strong>nostrum.</strong></span> <span class='ocrx_word' id='word_1_728' title='bbox 2504 3109 2634 3161; x_wconf 90' lang='lat' dir='ltr'><strong>Jam</strong></span> <span class='ocrx_word' id='word_1_729' title='bbox 2666 3107 2797 3163; x_wconf 91' lang='lat' dir='ltr'><strong>dedi</strong></span> <span class='ocrx_word' id='word_1_730' title='bbox 2830 3126 3173 3181; x_wconf 87' lang='lat' dir='ltr'><strong>responsum</strong></span> <span class='ocrx_word' id='word_1_731' title='bbox 3206 3130 3219 3168; x_wconf 87' lang='lat'><strong>:</strong></span> <span class='ocrx_word' id='word_1_732' title='bbox 3256 3114 3534 3185; x_wconf 87' lang='lat' dir='ltr'><strong>quoniam</strong></span> <span class='ocrx_word' id='word_1_733' title='bbox 3568 3115 3691 3172; x_wconf 87' lang='lat' dir='ltr'><strong>sive</strong></span> <span class='ocrx_word' id='word_1_734' title='bbox 3721 3116 3877 3173; x_wconf 86' lang='lat' dir='ltr'><strong>Pau-</strong></span> 
     </span>
    </p>
   </div>
   <div class='ocr_carea' id='block_1_95' title="bbox 2208 3190 3868 3263">
    <p class='ocr_par' dir='ltr' id='par_1_95' title="bbox 2208 3190 3868 3263">
     <span class='ocr_line' id='line_1_95' title="bbox 2208 3190 3868 3263; baseline 0.011 -19"><span class='ocrx_word' id='word_1_735' title='bbox 2208 3190 2299 3245; x_wconf 90' lang='lat' dir='ltr'><strong>lus</strong></span> <span class='ocrx_word' id='word_1_736' title='bbox 2332 3191 2648 3262; x_wconf 89' lang='lat' dir='ltr'><strong>illuminat,</strong></span> <span class='ocrx_word' id='word_1_737' title='bbox 2683 3197 2751 3250; x_wconf 92' lang='lat' dir='ltr'><strong>ad</strong></span> <span class='ocrx_word' id='word_1_738' title='bbox 2788 3204 3083 3254; x_wconf 90' lang='lat' dir='ltr'><strong>auctorem</strong></span> <span class='ocrx_word' id='word_1_739' title='bbox 3117 3200 3300 3258; x_wconf 89' lang='lat' dir='ltr'><strong>Deum</strong></span> <span class='ocrx_word' id='word_1_740' title='bbox 3349 3202 3575 3259; x_wconf 89' lang='lat' dir='ltr'><strong>Patrem</strong></span> <span class='ocrx_word' id='word_1_741' title='bbox 3607 3211 3868 3263; x_wconf 87' lang='lat' dir='ltr'><strong>recurrit</strong></span> 
     </span>
    </p>
   </div>
   <div class='ocr_carea' id='block_1_96' title="bbox 2206 3278 3865 3364">
    <p class='ocr_par' dir='ltr' id='par_1_96' title="bbox 2206 3278 3865 3364">
     <span class='ocr_line' id='line_1_96' title="bbox 2206 3278 3865 3364; baseline 0.01 -30"><span class='ocrx_word' id='word_1_742' title='bbox 2206 3278 2328 3335; x_wconf 56' lang='lat' dir='ltr'><strong>haec</strong></span> <span class='ocrx_word' id='word_1_743' title='bbox 2374 3281 2756 3353; x_wconf 87' lang='lat' dir='ltr'><strong>illuminatio;</strong></span> <span class='ocrx_word' id='word_1_744' title='bbox 2794 3286 2912 3342; x_wconf 91' lang='lat' dir='ltr'><strong>sive</strong></span> <span class='ocrx_word' id='word_1_745' title='bbox 2953 3288 3207 3360; x_wconf 86' lang='lat' dir='ltr'><strong>Spiritus</strong></span> <span class='ocrx_word' id='word_1_746' title='bbox 3249 3296 3488 3347; x_wconf 88' lang='lat' dir='ltr'><strong>sanctus</strong></span> <span class='ocrx_word' id='word_1_747' title='bbox 3538 3293 3865 3364; x_wconf 84' lang='lat' dir='ltr'><strong>illuminat,</strong></span> 
     </span>
    </p>
   </div>
   <div class='ocr_carea' id='block_1_97' title="bbox 2205 3369 3871 3442">
    <p class='ocr_par' dir='ltr' id='par_1_97' title="bbox 2205 3369 3871 3442">
     <span class='ocr_line' id='line_1_97' title="bbox 2205 3369 3871 3442; baseline 0.011 -19"><span class='ocrx_word' id='word_1_748' title='bbox 2205 3369 2274 3423; x_wconf 90' lang='lat' dir='ltr'><strong>ad</strong></span> <span class='ocrx_word' id='word_1_749' title='bbox 2334 3377 2631 3427; x_wconf 90' lang='lat' dir='ltr'><strong>auctorem</strong></span> <span class='ocrx_word' id='word_1_750' title='bbox 2692 3377 2937 3432; x_wconf 83' lang='lat' dir='ltr'><strong>recurrit</strong></span> <span class='ocrx_word' id='word_1_751' title='bbox 2993 3376 3345 3436; x_wconf 89' lang='lat' dir='ltr'><strong>illuminatio</strong></span> <span class='ocrx_word' id='word_1_752' title='bbox 3381 3398 3393 3435; x_wconf 93' lang='lat'><strong>:</strong></span> <span class='ocrx_word' id='word_1_753' title='bbox 3429 3381 3547 3438; x_wconf 90' lang='lat' dir='ltr'><strong>sive</strong></span> <span class='ocrx_word' id='word_1_754' title='bbox 3590 3383 3871 3442; x_wconf 88' lang='lat' dir='ltr'><strong>Christus</strong></span> 
     </span>
    </p>
   </div>
   <div class='ocr_carea' id='block_1_98' title="bbox 2203 3455 3869 3530">
    <p class='ocr_par' dir='ltr' id='par_1_98' title="bbox 2203 3455 3869 3530">
     <span class='ocr_line' id='line_1_98' title="bbox 2203 3455 3869 3530; baseline 0.012 -21"><span class='ocrx_word' id='word_1_755' title='bbox 2203 3455 2517 3526; x_wconf 88' lang='lat' dir='ltr'><strong>illuminat,</strong></span> <span class='ocrx_word' id='word_1_756' title='bbox 2554 3462 2620 3515; x_wconf 89' lang='lat' dir='ltr'><strong>ad</strong></span> <span class='ocrx_word' id='word_1_757' title='bbox 2659 3469 2955 3519; x_wconf 88' lang='lat' dir='ltr'><strong>auctorem</strong></span> <span class='ocrx_word' id='word_1_758' title='bbox 2983 3468 3229 3522; x_wconf 89' lang='lat' dir='ltr'><strong>recurrit</strong></span> <span class='ocrx_word' id='word_1_759' title='bbox 3250 3467 3624 3526; x_wconf 88' lang='lat' dir='ltr'><strong>illuminatio.</strong></span> <span class='ocrx_word' id='word_1_760' title='bbox 3655 3473 3727 3527; x_wconf 88' lang='lat' dir='ltr'><strong>Et</strong></span> <span class='ocrx_word' id='word_1_761' title='bbox 3750 3473 3869 3530; x_wconf 88' lang='lat' dir='ltr'><strong>hoc</strong></span> 
     </span>
    </p>
   </div>
   <div class='ocr_carea' id='block_1_99' title="bbox 2200 3547 3869 3635">
    <p class='ocr_par' dir='ltr' id='par_1_99' title="bbox 2200 3547 3869 3635">
     <span class='ocr_line' id='line_1_99' title="bbox 2200 3547 3869 3635; baseline 0.013 -36"><span class='ocrx_word' id='word_1_762' title='bbox 2200 3547 2536 3635; x_wconf 80' lang='lat' dir='ltr'><strong>magisterio</strong></span> <span class='ocrx_word' id='word_1_763' title='bbox 2568 3550 2777 3606; x_wconf 90' lang='lat' dir='ltr'><strong>Christi</strong></span> <span class='ocrx_word' id='word_1_764' title='bbox 2809 3554 3069 3622; x_wconf 88' lang='lat' dir='ltr'><strong>edoctus,</strong></span> <span class='ocrx_word' id='word_1_765' title='bbox 3096 3574 3438 3629; x_wconf 87' lang='lat' dir='ltr'><strong>prosequor,</strong></span> <span class='ocrx_word' id='word_1_766' title='bbox 3462 3559 3869 3635; x_wconf 81' lang='lat' dir='ltr'><strong>sicutaitipse</strong></span> 
     </span>
    </p>
   </div>
   <div class='ocr_carea' id='block_1_100' title="bbox 2199 3633 3863 3720">
    <p class='ocr_par' dir='ltr' id='par_1_100' title="bbox 2199 3633 3863 3720">
     <span class='ocr_line' id='line_1_100' title="bbox 2199 3633 3863 3720; baseline 0.01 -31"><span class='ocrx_word' id='word_1_767' title='bbox 2199 3633 2641 3693; x_wconf 78' lang='lat' dir='ltr'><strong>Christusz0ves</strong></span> <span class='ocrx_word' id='word_1_768' title='bbox 2674 3656 2813 3697; x_wconf 68' lang='lat' dir='ltr'><strong>meae</strong></span> <span class='ocrx_word' id='word_1_769' title='bbox 2840 3658 3015 3698; x_wconf 86' lang='lat' dir='ltr'><strong>vocem</strong></span> <span class='ocrx_word' id='word_1_770' title='bbox 3034 3661 3212 3699; x_wconf 86' lang='lat' dir='ltr'><strong>meam</strong></span> <span class='ocrx_word' id='word_1_771' title='bbox 3242 3646 3496 3713; x_wconf 87' lang='lat' dir='ltr'><strong>audiunt,</strong></span> <span class='ocrx_word' id='word_1_772' title='bbox 3524 3652 3574 3703; x_wconf 86' lang='lat' dir='ltr'><strong>et</strong></span> <span class='ocrx_word' id='word_1_773' title='bbox 3602 3633 3863 3720; x_wconf 80' lang='lat' dir='ltr'><strong>sequun-</strong></span> 
     </span>
    </p>
   </div>
   <div class='ocr_carea' id='block_1_101' title="bbox 2197 3731 3861 3806">
    <p class='ocr_par' dir='ltr' id='par_1_101' title="bbox 2197 3731 3861 3806">
     <span class='ocr_line' id='line_1_101' title="bbox 2197 3731 3861 3806; baseline 0.01 -28"><span class='ocrx_word' id='word_1_774' title='bbox 2197 3731 2290 3778; x_wconf 88' lang='lat' dir='ltr'><strong>tur</strong></span> <span class='ocrx_word' id='word_1_775' title='bbox 2320 3741 2436 3793; x_wconf 86' lang='lat' dir='ltr'><strong>me;</strong></span> <span class='ocrx_word' id='word_1_776' title='bbox 2489 3737 2540 3782; x_wconf 87' lang='lat' dir='ltr'><strong>et</strong></span> <span class='ocrx_word' id='word_1_777' title='bbox 2565 3744 2658 3799; x_wconf 86' lang='lat' dir='ltr'><strong>ego</strong></span> <span class='ocrx_word' id='word_1_778' title='bbox 2680 3732 2852 3785; x_wconf 85' lang='lat' dir='ltr'><strong>vitam</strong></span> <span class='ocrx_word' id='word_1_779' title='bbox 2875 3740 3139 3788; x_wconf 79' lang='lat' dir='ltr'><strong>(eternam</strong></span> <span class='ocrx_word' id='word_1_780' title='bbox 3159 3732 3224 3789; x_wconf 88' lang='lat' dir='ltr'><strong>do</strong></span> <span class='ocrx_word' id='word_1_781' title='bbox 3246 3735 3341 3801; x_wconf 86' lang='lat' dir='ltr'><strong>eis,</strong></span> <span class='ocrx_word' id='word_1_782' title='bbox 3382 3744 3564 3792; x_wconf 83' lang='lat' dir='ltr'><strong>etnon</strong></span> <span class='ocrx_word' id='word_1_783' title='bbox 3586 3740 3861 3806; x_wconf 80' lang='lat' dir='ltr'><strong>peribunt</strong></span> 
     </span>
    </p>
   </div>
   <div class='ocr_carea' id='block_1_102' title="bbox 2196 3814 3859 3896">
    <p class='ocr_par' dir='ltr' id='par_1_102' title="bbox 2196 3814 3859 3896">
     <span class='ocr_line' id='line_1_102' title="bbox 2196 3814 3859 3896; baseline 0.011 -30"><span class='ocrx_word' id='word_1_784' title='bbox 2196 3814 2253 3867; x_wconf 84' lang='lat' dir='ltr'><strong>in</strong></span> <span class='ocrx_word' id='word_1_785' title='bbox 2283 3823 2567 3881; x_wconf 77' lang='lat' dir='ltr'><strong>ceternum,</strong></span> <span class='ocrx_word' id='word_1_786' title='bbox 2600 3822 2655 3871; x_wconf 88' lang='lat' dir='ltr'><strong>et</strong></span> <span class='ocrx_word' id='word_1_787' title='bbox 2702 3835 2811 3873; x_wconf 85' lang='lat' dir='ltr'><strong>non</strong></span> <span class='ocrx_word' id='word_1_788' title='bbox 2860 3822 3047 3891; x_wconf 86' lang='lat' dir='ltr'><strong>rapiet</strong></span> <span class='ocrx_word' id='word_1_789' title='bbox 3091 3838 3182 3878; x_wconf 89' lang='lat' dir='ltr'><strong>eas</strong></span> <span class='ocrx_word' id='word_1_790' title='bbox 3232 3825 3519 3896; x_wconf 85' lang='lat' dir='ltr'><strong>quisquam</strong></span> <span class='ocrx_word' id='word_1_791' title='bbox 3564 3825 3632 3882; x_wconf 85' lang='lat' dir='ltr'><strong>de</strong></span> <span class='ocrx_word' id='word_1_792' title='bbox 3673 3844 3859 3884; x_wconf 84' lang='lat' dir='ltr'><strong>manu</strong></span> 
     </span>
    </p>
   </div>
   <div class='ocr_carea' id='block_1_103' title="bbox 2191 3905 3853 3987">
    <p class='ocr_par' dir='ltr' id='par_1_103' title="bbox 2191 3905 3853 3987">
     <span class='ocr_line' id='line_1_103' title="bbox 2191 3905 3853 3987; baseline 0.011 -32"><span class='ocrx_word' id='word_1_793' title='bbox 2191 3917 2333 3968; x_wconf 87' lang='lat' dir='ltr'><strong>mea,</strong></span> <span class='ocrx_word' id='word_1_794' title='bbox 2358 3905 2523 3959; x_wconf 88' lang='lat' dir='ltr'><strong>Pater</strong></span> <span class='ocrx_word' id='word_1_795' title='bbox 2549 3923 2700 3961; x_wconf 88' lang='lat' dir='ltr'><strong>meus</strong></span> <span class='ocrx_word' id='word_1_796' title='bbox 2721 3908 2862 3979; x_wconf 74' lang='lat' dir='ltr'><strong>quod</strong></span> <span class='ocrx_word' id='word_1_797' title='bbox 2890 3909 3036 3965; x_wconf 86' lang='lat' dir='ltr'><strong>dedit</strong></span> <span class='ocrx_word' id='word_1_798' title='bbox 3064 3912 3229 3978; x_wconf 88' lang='lat' dir='ltr'><strong>mihi,</strong></span> <span class='ocrx_word' id='word_1_799' title='bbox 3261 3915 3441 3986; x_wconf 89' lang='lat' dir='ltr'><strong>majus</strong></span> <span class='ocrx_word' id='word_1_800' title='bbox 3469 3916 3723 3972; x_wconf 85' lang='lat' dir='ltr'><strong>omnibus</strong></span> <span class='ocrx_word' id='word_1_801' title='bbox 3745 3926 3853 3987; x_wconf 84' lang='lat' dir='ltr'><strong>est,</strong></span> 
     </span>
    </p>
   </div>
   <div class='ocr_carea' id='block_1_104' title="bbox 2191 3995 3857 4068">
    <p class='ocr_par' dir='ltr' id='par_1_104' title="bbox 2191 3995 3857 4068">
     <span class='ocr_line' id='line_1_104' title="bbox 2191 3995 3857 4068; baseline 0.01 -22"><span class='ocrx_word' id='word_1_802' title='bbox 2191 3995 2240 4046; x_wconf 87' lang='lat' dir='ltr'><strong>et</strong></span> <span class='ocrx_word' id='word_1_803' title='bbox 2270 4008 2433 4046; x_wconf 83' lang='lat' dir='ltr'><strong>nemo</strong></span> <span class='ocrx_word' id='word_1_804' title='bbox 2461 4000 2634 4064; x_wconf 83' lang='lat' dir='ltr'><strong>potest</strong></span> <span class='ocrx_word' id='word_1_805' title='bbox 2656 4013 2855 4068; x_wconf 85' lang='lat' dir='ltr'><strong>rapere</strong></span> <span class='ocrx_word' id='word_1_806' title='bbox 2883 3999 3027 4053; x_wconf 79' lang='lat' dir='ltr'><strong>illud</strong></span> <span class='ocrx_word' id='word_1_807' title='bbox 3064 3999 3130 4056; x_wconf 83' lang='lat' dir='ltr'><strong>de</strong></span> <span class='ocrx_word' id='word_1_808' title='bbox 3156 4018 3330 4057; x_wconf 88' lang='lat' dir='ltr'><strong>manu</strong></span> <span class='ocrx_word' id='word_1_809' title='bbox 3371 4005 3559 4059; x_wconf 86' lang='lat' dir='ltr'><strong>Patris</strong></span> <span class='ocrx_word' id='word_1_810' title='bbox 3610 4008 3747 4061; x_wconf 87' lang='lat' dir='ltr'><strong>mei.</strong></span> <span class='ocrx_word' id='word_1_811' title='bbox 3782 4006 3857 4062; x_wconf 87' lang='lat' dir='ltr'><strong>Et</strong></span> 
     </span>
    </p>
   </div>
   <div class='ocr_carea' id='block_1_105' title="bbox 2190 4079 3854 4161">
    <p class='ocr_par' dir='ltr' id='par_1_105' title="bbox 2190 4079 3854 4161">
     <span class='ocr_line' id='line_1_105' title="bbox 2190 4079 3854 4161; baseline 0.011 -29"><span class='ocrx_word' id='word_1_812' title='bbox 2190 4079 2403 4135; x_wconf 91' lang='lat' dir='ltr'><strong>iterum</strong></span> <span class='ocrx_word' id='word_1_813' title='bbox 2434 4081 2515 4137; x_wconf 78' lang='lat' dir='ltr'><strong>sic</strong></span> <span class='ocrx_word' id='word_1_814' title='bbox 2547 4082 2625 4138; x_wconf 91' lang='lat' dir='ltr'><strong>ait</strong></span> <span class='ocrx_word' id='word_1_815' title='bbox 2652 4102 2664 4139; x_wconf 90' lang='lat'><strong>:</strong></span> <span class='ocrx_word' id='word_1_816' title='bbox 2688 4086 2796 4156; x_wconf 88' lang='lat' dir='ltr'><strong>Ego</strong></span> <span class='ocrx_word' id='word_1_817' title='bbox 2827 4091 2880 4141; x_wconf 89' lang='lat' dir='ltr'><strong>et</strong></span> <span class='ocrx_word' id='word_1_818' title='bbox 2909 4089 3076 4143; x_wconf 85' lang='lat' dir='ltr'><strong>Pater</strong></span> <span class='ocrx_word' id='word_1_819' title='bbox 3126 4106 3301 4145; x_wconf 89' lang='lat' dir='ltr'><strong>unum</strong></span> <span class='ocrx_word' id='word_1_820' title='bbox 3329 4107 3519 4147; x_wconf 87' lang='lat' dir='ltr'><strong>sumus</strong></span> <span class='ocrx_word' id='word_1_821' title='bbox 3566 4094 3748 4161; x_wconf 77' lang='lat' dir='ltr'><strong>(Joun.</strong></span> <span class='ocrx_word' id='word_1_822' title='bbox 3792 4112 3854 4151; x_wconf 86' lang='lat' dir='ltr'><strong>x.</strong></span> 
     </span>
    </p>
   </div>
   <div class='ocr_carea' id='block_1_106' title="bbox 2188 4166 3854 4253">
    <p class='ocr_par' dir='ltr' id='par_1_106' title="bbox 2188 4166 3854 4253">
     <span class='ocr_line' id='line_1_106' title="bbox 2188 4166 3854 4253; baseline 0.013 -35"><span class='ocrx_word' id='word_1_823' title='bbox 2188 4166 2406 4236; x_wconf 82' lang='lat'><strong>27-30).</strong></span> <span class='ocrx_word' id='word_1_824' title='bbox 2441 4174 2585 4240; x_wconf 86' lang='lat' dir='ltr'><strong>Ergo</strong></span> <span class='ocrx_word' id='word_1_825' title='bbox 2616 4171 2687 4225; x_wconf 91' lang='lat' dir='ltr'><strong>ad</strong></span> <span class='ocrx_word' id='word_1_826' title='bbox 2706 4173 3099 4232; x_wconf 84' lang='lat' dir='ltr'><strong>defendendas</strong></span> <span class='ocrx_word' id='word_1_827' title='bbox 3113 4193 3269 4245; x_wconf 83' lang='lat' dir='ltr'><strong>oves,</strong></span> <span class='ocrx_word' id='word_1_828' title='bbox 3301 4179 3370 4233; x_wconf 90' lang='lat' dir='ltr'><strong>ad</strong></span> <span class='ocrx_word' id='word_1_829' title='bbox 3395 4178 3854 4253; x_wconf 85' lang='lat' dir='ltr'><strong>iiluminandas,</strong></span> 
     </span>
    </p>
   </div>
   <div class='ocr_carea' id='block_1_107' title="bbox 2189 4253 3844 4341">
    <p class='ocr_par' dir='ltr' id='par_1_107' title="bbox 2189 4253 3844 4341">
     <span class='ocr_line' id='line_1_107' title="bbox 2189 4253 3844 4341; baseline 0.011 -33"><span class='ocrx_word' id='word_1_830' title='bbox 2189 4253 2355 4311; x_wconf 90' lang='lat' dir='ltr'><strong>Pater</strong></span> <span class='ocrx_word' id='word_1_831' title='bbox 2383 4262 2439 4312; x_wconf 92' lang='lat' dir='ltr'><strong>et</strong></span> <span class='ocrx_word' id='word_1_832' title='bbox 2469 4257 2650 4314; x_wconf 88' lang='lat' dir='ltr'><strong>Filius</strong></span> <span class='ocrx_word' id='word_1_833' title='bbox 2681 4277 2866 4317; x_wconf 92' lang='lat' dir='ltr'><strong>unum</strong></span> <span class='ocrx_word' id='word_1_834' title='bbox 2899 4268 3041 4320; x_wconf 88' lang='lat' dir='ltr'><strong>sunt</strong></span> <span class='ocrx_word' id='word_1_835' title='bbox 3071 4268 3386 4322; x_wconf 90' lang='lat' dir='ltr'><strong>concordes</strong></span> <span class='ocrx_word' id='word_1_836' title='bbox 3416 4274 3592 4341; x_wconf 88' lang='lat' dir='ltr'><strong>atque</strong></span> <span class='ocrx_word' id='word_1_837' title='bbox 3624 4273 3844 4327; x_wconf 88' lang='lat' dir='ltr'><strong>unani-</strong></span> 
     </span>
    </p>
   </div>
   <div class='ocr_carea' id='block_1_108' title="bbox 2187 4348 3847 4428">
    <p class='ocr_par' dir='ltr' id='par_1_108' title="bbox 2187 4348 3847 4428">
     <span class='ocr_line' id='line_1_108' title="bbox 2187 4348 3847 4428; baseline 0.011 -30"><span class='ocrx_word' id='word_1_838' title='bbox 2187 4359 2310 4399; x_wconf 88' lang='lat' dir='ltr'><strong>mes</strong></span> <span class='ocrx_word' id='word_1_839' title='bbox 2341 4348 2663 4403; x_wconf 89' lang='lat' dir='ltr'><strong>secundum</strong></span> <span class='ocrx_word' id='word_1_840' title='bbox 2698 4349 2846 4405; x_wconf 89' lang='lat' dir='ltr'><strong>hanc</strong></span> <span class='ocrx_word' id='word_1_841' title='bbox 2876 4353 3159 4409; x_wconf 89' lang='lat' dir='ltr'><strong>rationem</strong></span> <span class='ocrx_word' id='word_1_842' title='bbox 3208 4373 3384 4428; x_wconf 90' lang='lat' dir='ltr'><strong>quam</strong></span> <span class='ocrx_word' id='word_1_843' title='bbox 3417 4358 3658 4428; x_wconf 87' lang='lat' dir='ltr'><strong>audisti,</strong></span> <span class='ocrx_word' id='word_1_844' title='bbox 3690 4363 3847 4427; x_wconf 85' lang='lat' dir='ltr'><strong>Quo-</strong></span> 
     </span>
    </p>
   </div>
   <div class='ocr_carea' id='block_1_109' title="bbox 2188 4432 3849 4520">
    <p class='ocr_par' dir='ltr' id='par_1_109' title="bbox 2188 4432 3849 4520">
     <span class='ocr_line' id='line_1_109' title="bbox 2188 4432 3849 4520; baseline 0.013 -35"><span class='ocrx_word' id='word_1_845' title='bbox 2188 4432 2343 4487; x_wconf 88' lang='lat' dir='ltr'><strong>niam</strong></span> <span class='ocrx_word' id='word_1_846' title='bbox 2397 4452 2565 4491; x_wconf 89' lang='lat' dir='ltr'><strong>nemo</strong></span> <span class='ocrx_word' id='word_1_847' title='bbox 2598 4444 2785 4508; x_wconf 91' lang='lat' dir='ltr'><strong>potest</strong></span> <span class='ocrx_word' id='word_1_848' title='bbox 2818 4457 3017 4512; x_wconf 90' lang='lat' dir='ltr'><strong>rapere</strong></span> <span class='ocrx_word' id='word_1_849' title='bbox 3063 4443 3133 4498; x_wconf 90' lang='lat' dir='ltr'><strong>de</strong></span> <span class='ocrx_word' id='word_1_850' title='bbox 3166 4462 3340 4500; x_wconf 88' lang='lat' dir='ltr'><strong>manu</strong></span> <span class='ocrx_word' id='word_1_851' title='bbox 3366 4463 3492 4502; x_wconf 90' lang='lat' dir='ltr'><strong>mea</strong></span> <span class='ocrx_word' id='word_1_852' title='bbox 3523 4464 3659 4504; x_wconf 87' lang='lat' dir='ltr'><strong>oves</strong></span> <span class='ocrx_word' id='word_1_853' title='bbox 3691 4465 3849 4520; x_wconf 86' lang='lat' dir='ltr'><strong>quas</strong></span> 
     </span>
    </p>
   </div>
   <div class='ocr_carea' id='block_1_110' title="bbox 2187 4521 3847 4596">
    <p class='ocr_par' dir='ltr' id='par_1_110' title="bbox 2187 4521 3847 4596">
     <span class='ocr_line' id='line_1_110' title="bbox 2187 4521 3847 4596; baseline 0.013 -22"><span class='ocrx_word' id='word_1_854' title='bbox 2187 4521 2331 4575; x_wconf 88' lang='lat' dir='ltr'><strong>mihi</strong></span> <span class='ocrx_word' id='word_1_855' title='bbox 2364 4523 2523 4578; x_wconf 90' lang='lat' dir='ltr'><strong>dedit</strong></span> <span class='ocrx_word' id='word_1_856' title='bbox 2557 4526 2720 4581; x_wconf 88' lang='lat' dir='ltr'><strong>Pater</strong></span> <span class='ocrx_word' id='word_1_857' title='bbox 2745 4544 2757 4583; x_wconf 90' lang='lat'><strong>:</strong></span> <span class='ocrx_word' id='word_1_858' title='bbox 2784 4530 2959 4584; x_wconf 88' lang='lat' dir='ltr'><strong>simili</strong></span> <span class='ocrx_word' id='word_1_859' title='bbox 2984 4532 3155 4588; x_wconf 92' lang='lat' dir='ltr'><strong>modo</strong></span> <span class='ocrx_word' id='word_1_860' title='bbox 3189 4551 3292 4590; x_wconf 90' lang='lat' dir='ltr'><strong>nec</strong></span> <span class='ocrx_word' id='word_1_861' title='bbox 3316 4536 3386 4590; x_wconf 92' lang='lat' dir='ltr'><strong>de</strong></span> <span class='ocrx_word' id='word_1_862' title='bbox 3413 4553 3586 4592; x_wconf 90' lang='lat' dir='ltr'><strong>manu</strong></span> <span class='ocrx_word' id='word_1_863' title='bbox 3624 4540 3847 4596; x_wconf 88' lang='lat' dir='ltr'><strong>Patris.</strong></span> 
     </span>
    </p>
   </div>
   <div class='ocr_carea' id='block_1_111' title="bbox 2254 4611 3843 4701">
    <p class='ocr_par' dir='ltr' id='par_1_111' title="bbox 2254 4611 3843 4701">
     <span class='ocr_line' id='line_1_111' title="bbox 2254 4611 3843 4701; baseline 0.014 -38"><span class='ocrx_word' id='word_1_864' title='bbox 2254 4611 2307 4667; x_wconf 91' lang='lat'><strong>7.</strong></span> <span class='ocrx_word' id='word_1_865' title='bbox 2345 4618 2489 4668; x_wconf 78' lang='lat' dir='ltr'><strong>Avo.</strong></span> <span class='ocrx_word' id='word_1_866' title='bbox 2526 4614 2702 4669; x_wconf 86' lang='lat' dir='ltr'><strong>dixit:</strong></span> <span class='ocrx_word' id='word_1_867' title='bbox 2742 4616 2854 4673; x_wconf 84' lang='lat' dir='ltr'><strong>Res</strong></span> <span class='ocrx_word' id='word_1_868' title='bbox 2886 4619 3138 4691; x_wconf 91' lang='lat' dir='ltr'><strong>loqueris</strong></span> <span class='ocrx_word' id='word_1_869' title='bbox 3180 4626 3539 4680; x_wconf 89' lang='lat' dir='ltr'><strong>necessarias</strong></span> <span class='ocrx_word' id='word_1_870' title='bbox 3570 4626 3843 4701; x_wconf 84' lang='lat' dir='ltr'><strong>quidem,</strong></span> 
     </span>
    </p>
   </div>
   <div class='ocr_carea' id='block_1_112' title="bbox 2183 4699 3844 4783">
    <p class='ocr_par' dir='ltr' id='par_1_112' title="bbox 2183 4699 3844 4783">
     <span class='ocr_line' id='line_1_112' title="bbox 2183 4699 3844 4783; baseline 0.013 -31"><span class='ocrx_word' id='word_1_871' title='bbox 2183 4699 2283 4753; x_wconf 86' lang='lat' dir='ltr'><strong>sed</strong></span> <span class='ocrx_word' id='word_1_872' title='bbox 2308 4717 2423 4754; x_wconf 90' lang='lat' dir='ltr'><strong>non</strong></span> <span class='ocrx_word' id='word_1_873' title='bbox 2448 4702 2515 4756; x_wconf 84' lang='lat' dir='ltr'><strong>ad</strong></span> <span class='ocrx_word' id='word_1_874' title='bbox 2552 4719 2813 4760; x_wconf 88' lang='lat' dir='ltr'><strong>causam.</strong></span> <span class='ocrx_word' id='word_1_875' title='bbox 2839 4708 2925 4761; x_wconf 82' lang='lat' dir='ltr'><strong>Ad</strong></span> <span class='ocrx_word' id='word_1_876' title='bbox 2950 4708 3466 4783; x_wconf 91' lang='lat' dir='ltr'><strong>interrogationem</strong></span> <span class='ocrx_word' id='word_1_877' title='bbox 3497 4732 3687 4771; x_wconf 88' lang='lat' dir='ltr'><strong>meam</strong></span> <span class='ocrx_word' id='word_1_878' title='bbox 3718 4699 3844 4774; x_wconf 84' lang='lat' dir='ltr'><strong>non</strong></span> 
     </span>
    </p>
   </div>
   <div class='ocr_carea' id='block_1_113' title="bbox 2183 4790 3845 4871">
    <p class='ocr_par' dir='ltr' id='par_1_113' title="bbox 2183 4790 3845 4871">
     <span class='ocr_line' id='line_1_113' title="bbox 2183 4790 3845 4871; baseline 0.013 -29"><span class='ocrx_word' id='word_1_879' title='bbox 2183 4790 2554 4859; x_wconf 88' lang='lat' dir='ltr'><strong>respondisti,</strong></span> <span class='ocrx_word' id='word_1_880' title='bbox 2588 4797 2643 4847; x_wconf 87' lang='lat' dir='ltr'><strong>et</strong></span> <span class='ocrx_word' id='word_1_881' title='bbox 2673 4799 2868 4850; x_wconf 88' lang='lat' dir='ltr'><strong>tamen</strong></span> <span class='ocrx_word' id='word_1_882' title='bbox 2928 4797 3113 4853; x_wconf 89' lang='lat' dir='ltr'><strong>multa</strong></span> <span class='ocrx_word' id='word_1_883' title='bbox 3142 4800 3357 4857; x_wconf 84' lang='lat' dir='ltr'><strong>dixisti.</strong></span> <span class='ocrx_word' id='word_1_884' title='bbox 3385 4803 3441 4859; x_wconf 90' lang='lat' dir='ltr'><strong>Si</strong></span> <span class='ocrx_word' id='word_1_885' title='bbox 3465 4804 3633 4871; x_wconf 89' lang='lat' dir='ltr'><strong>velis,</strong></span> <span class='ocrx_word' id='word_1_886' title='bbox 3665 4807 3845 4863; x_wconf 87' lang='lat' dir='ltr'><strong>relic-</strong></span> 
     </span>
    </p>
   </div>
   <div class='ocr_carea' id='block_1_114' title="bbox 2181 4879 3841 4958">
    <p class='ocr_par' dir='ltr' id='par_1_114' title="bbox 2181 4879 3841 4958">
     <span class='ocr_line' id='line_1_114' title="bbox 2181 4879 3841 4958; baseline 0.013 -28"><span class='ocrx_word' id='word_1_887' title='bbox 2181 4879 2240 4931; x_wconf 88' lang='lat' dir='ltr'><strong>ta</strong></span> <span class='ocrx_word' id='word_1_888' title='bbox 2270 4880 2593 4949; x_wconf 64' lang='lat' dir='ltr'><strong>quaestione</strong></span> <span class='ocrx_word' id='word_1_889' title='bbox 2620 4898 2745 4953; x_wconf 72' lang='lat' dir='ltr'><strong>qua:</strong></span> <span class='ocrx_word' id='word_1_890' title='bbox 2777 4883 2930 4939; x_wconf 89' lang='lat' dir='ltr'><strong>inter</strong></span> <span class='ocrx_word' id='word_1_891' title='bbox 2957 4902 3061 4941; x_wconf 91' lang='lat' dir='ltr'><strong>uos</strong></span> <span class='ocrx_word' id='word_1_892' title='bbox 3092 4888 3354 4958; x_wconf 89' lang='lat' dir='ltr'><strong>vertitur,</strong></span> <span class='ocrx_word' id='word_1_893' title='bbox 3374 4892 3616 4948; x_wconf 88' lang='lat' dir='ltr'><strong>reddere</strong></span> <span class='ocrx_word' id='word_1_894' title='bbox 3639 4897 3841 4954; x_wconf 88' lang='lat' dir='ltr'><strong>totum</strong></span> 
     </span>
    </p>
   </div>
   <div class='ocr_carea' id='block_1_115' title="bbox 2181 4966 3841 5058">
    <p class='ocr_par' dir='ltr' id='par_1_115' title="bbox 2181 4966 3841 5058">
     <span class='ocr_line' id='line_1_115' title="bbox 2181 4966 3841 5058; baseline 0.014 -39"><span class='ocrx_word' id='word_1_895' title='bbox 2181 4966 2580 5058; x_wconf 66' lang='lat' dir='ltr'><strong>Evangelium,</strong></span> <span class='ocrx_word' id='word_1_896' title='bbox 2614 4973 2715 5042; x_wconf 92' lang='lat' dir='ltr'><strong>qui</strong></span> <span class='ocrx_word' id='word_1_897' title='bbox 2747 4972 2869 5030; x_wconf 90' lang='lat' dir='ltr'><strong>dies</strong></span> <span class='ocrx_word' id='word_1_898' title='bbox 2918 4976 3240 5047; x_wconf 84' lang='lat' dir='ltr'><strong>sufﬁciunt,</strong></span> <span class='ocrx_word' id='word_1_899' title='bbox 3277 4985 3558 5049; x_wconf 90' lang='lat' dir='ltr'><strong>quantum</strong></span> <span class='ocrx_word' id='word_1_900' title='bbox 3608 4988 3841 5058; x_wconf 87' lang='lat' dir='ltr'><strong>tempo-</strong></span> 
     </span>
    </p>
   </div>
   <div class='ocr_carea' id='block_1_116' title="bbox 2180 5054 3837 5147">
    <p class='ocr_par' dir='ltr' id='par_1_116' title="bbox 2180 5054 3837 5147">
     <span class='ocr_line' id='line_1_116' title="bbox 2180 5054 3837 5147; baseline 0.013 -38"><span class='ocrx_word' id='word_1_901' title='bbox 2180 5054 2259 5110; x_wconf 91' lang='lat' dir='ltr'><strong>ris</strong></span> <span class='ocrx_word' id='word_1_902' title='bbox 2291 5058 2544 5127; x_wconf 90' lang='lat' dir='ltr'><strong>spatium</strong></span> <span class='ocrx_word' id='word_1_903' title='bbox 2597 5064 2989 5119; x_wconf 89' lang='lat' dir='ltr'><strong>necessarium</strong></span> <span class='ocrx_word' id='word_1_904' title='bbox 3039 5066 3168 5122; x_wconf 85' lang='lat' dir='ltr'><strong>est?</strong></span> <span class='ocrx_word' id='word_1_905' title='bbox 3217 5066 3469 5126; x_wconf 90' lang='lat' dir='ltr'><strong>Breviter</strong></span> <span class='ocrx_word' id='word_1_906' title='bbox 3515 5071 3661 5127; x_wconf 88' lang='lat' dir='ltr'><strong>mihi</strong></span> <span class='ocrx_word' id='word_1_907' title='bbox 3714 5054 3837 5147; x_wconf 77' lang='lat' dir='ltr'><strong>dic,</strong></span> 
     </span>
    </p>
   </div>
   <div class='ocr_carea' id='block_1_117' title="bbox 2178 5145 3839 5233">
    <p class='ocr_par' dir='ltr' id='par_1_117' title="bbox 2178 5145 3839 5233">
     <span class='ocr_line' id='line_1_117' title="bbox 2178 5145 3839 5233; baseline 0.014 -36"><span class='ocrx_word' id='word_1_908' title='bbox 2178 5145 2451 5214; x_wconf 91' lang='lat' dir='ltr'><strong>quoniam</strong></span> <span class='ocrx_word' id='word_1_909' title='bbox 2484 5147 2831 5221; x_wconf 90' lang='lat' dir='ltr'><strong>interrogavi</strong></span> <span class='ocrx_word' id='word_1_910' title='bbox 2890 5157 2968 5219; x_wconf 89' lang='lat' dir='ltr'><strong>te,</strong></span> <span class='ocrx_word' id='word_1_911' title='bbox 3026 5161 3223 5211; x_wconf 90' lang='lat' dir='ltr'><strong>utrum</strong></span> <span class='ocrx_word' id='word_1_912' title='bbox 3286 5158 3579 5216; x_wconf 77' lang='lat' dir='ltr'><strong>illuminat</strong></span> <span class='ocrx_word' id='word_1_913' title='bbox 3624 5179 3729 5233; x_wconf 83' lang='lat' dir='ltr'><strong>per</strong></span> <span class='ocrx_word' id='word_1_914' title='bbox 3772 5145 3839 5222; x_wconf 80' lang='lat' dir='ltr'><strong>se</strong></span> 
     </span>
    </p>
   </div>
   <div class='ocr_carea' id='block_1_118' title="bbox 2176 5232 3835 5322">
    <p class='ocr_par' dir='ltr' id='par_1_118' title="bbox 2176 5232 3835 5322">
     <span class='ocr_line' id='line_1_118' title="bbox 2176 5232 3835 5322; baseline 0.013 -36"><span class='ocrx_word' id='word_1_915' title='bbox 2176 5232 2369 5305; x_wconf 91' lang='lat' dir='ltr'><strong>ipsum</strong></span> <span class='ocrx_word' id='word_1_916' title='bbox 2394 5235 2686 5303; x_wconf 89' lang='lat' dir='ltr'><strong>Christus,</strong></span> <span class='ocrx_word' id='word_1_917' title='bbox 2721 5255 2793 5294; x_wconf 88' lang='lat' dir='ltr'><strong>an</strong></span> <span class='ocrx_word' id='word_1_918' title='bbox 2828 5258 2938 5296; x_wconf 91' lang='lat' dir='ltr'><strong>non</strong></span> <span class='ocrx_word' id='word_1_919' title='bbox 2973 5242 3389 5301; x_wconf 88' lang='lat' dir='ltr'><strong>illuminetnisi</strong></span> <span class='ocrx_word' id='word_1_920' title='bbox 3414 5264 3518 5320; x_wconf 88' lang='lat' dir='ltr'><strong>per</strong></span> <span class='ocrx_word' id='word_1_921' title='bbox 3540 5232 3835 5322; x_wconf 85' lang='lat' dir='ltr'><strong>Spiritum</strong></span> 
     </span>
    </p>
   </div>
   <div class='ocr_carea' id='block_1_119' title="bbox 2176 5326 3834 5413">
    <p class='ocr_par' dir='ltr' id='par_1_119' title="bbox 2176 5326 3834 5413">
     <span class='ocr_line' id='line_1_119' title="bbox 2176 5326 3834 5413; baseline 0.015 -37"><span class='ocrx_word' id='word_1_922' title='bbox 2176 5328 2465 5413; x_wconf 83' lang='lat' dir='ltr'><strong>sanctum.</strong></span> <span class='ocrx_word' id='word_1_923' title='bbox 2500 5326 2624 5381; x_wconf 93' lang='lat' dir='ltr'><strong>Non</strong></span> <span class='ocrx_word' id='word_1_924' title='bbox 2657 5328 2848 5385; x_wconf 91' lang='lat' dir='ltr'><strong>solum</strong></span> <span class='ocrx_word' id='word_1_925' title='bbox 2882 5332 2952 5386; x_wconf 90' lang='lat' dir='ltr'><strong>ad</strong></span> <span class='ocrx_word' id='word_1_926' title='bbox 2996 5332 3103 5388; x_wconf 91' lang='lat' dir='ltr'><strong>hoc</strong></span> <span class='ocrx_word' id='word_1_927' title='bbox 3154 5338 3506 5407; x_wconf 90' lang='lat' dir='ltr'><strong>respondere</strong></span> <span class='ocrx_word' id='word_1_928' title='bbox 3559 5340 3834 5413; x_wconf 83' lang='lat' dir='ltr'><strong>noluisti,</strong></span> 
     </span>
    </p>
   </div>
   <div class='ocr_carea' id='block_1_120' title="bbox 2174 5411 3832 5501">
    <p class='ocr_par' dir='ltr' id='par_1_120' title="bbox 2174 5411 3832 5501">
     <span class='ocr_line' id='line_1_120' title="bbox 2174 5411 3832 5501; baseline 0.014 -36"><span class='ocrx_word' id='word_1_929' title='bbox 2174 5412 2273 5465; x_wconf 90' lang='lat' dir='ltr'><strong>sed</strong></span> <span class='ocrx_word' id='word_1_930' title='bbox 2308 5411 2355 5467; x_wconf 90' lang='lat' dir='ltr'><strong>si</strong></span> <span class='ocrx_word' id='word_1_931' title='bbox 2388 5430 2481 5468; x_wconf 90' lang='lat' dir='ltr'><strong>me</strong></span> <span class='ocrx_word' id='word_1_932' title='bbox 2513 5433 2625 5470; x_wconf 89' lang='lat' dir='ltr'><strong>non</strong></span> <span class='ocrx_word' id='word_1_933' title='bbox 2661 5417 2811 5472; x_wconf 86' lang='lat' dir='ltr'><strong>fallit</strong></span> <span class='ocrx_word' id='word_1_934' title='bbox 2861 5421 3011 5489; x_wconf 84' lang='lat' dir='ltr'><strong>quod</strong></span> <span class='ocrx_word' id='word_1_935' title='bbox 3046 5422 3260 5492; x_wconf 89' lang='lat' dir='ltr'><strong>audivi,</strong></span> <span class='ocrx_word' id='word_1_936' title='bbox 3314 5426 3501 5497; x_wconf 84' lang='lat' dir='ltr'><strong>magis</strong></span> <span class='ocrx_word' id='word_1_937' title='bbox 3541 5411 3832 5501; x_wconf 86' lang='lat' dir='ltr'><strong>Spiritum</strong></span> 
     </span>
    </p>
   </div>
   <div class='ocr_carea' id='block_1_121' title="bbox 2172 5506 3515 5574">
    <p class='ocr_par' dir='ltr' id='par_1_121' title="bbox 2172 5506 3515 5574">
     <span class='ocr_line' id='line_1_121' title="bbox 2172 5506 3515 5574; baseline 0.013 -20"><span class='ocrx_word' id='word_1_938' title='bbox 2172 5507 2440 5557; x_wconf 89' lang='lat' dir='ltr'><strong>sanctum</strong></span> <span class='ocrx_word' id='word_1_939' title='bbox 2476 5520 2575 5574; x_wconf 89' lang='lat' dir='ltr'><strong>per</strong></span> <span class='ocrx_word' id='word_1_940' title='bbox 2603 5506 2897 5562; x_wconf 83' lang='lat' dir='ltr'><strong>Christum</strong></span> <span class='ocrx_word' id='word_1_941' title='bbox 2932 5509 3268 5568; x_wconf 85' lang='lat' dir='ltr'><strong>illuminare</strong></span> <span class='ocrx_word' id='word_1_942' title='bbox 3298 5514 3515 5572; x_wconf 86' lang='lat' dir='ltr'><strong>dixisti.</strong></span> 
     </span>
    </p>
   </div>
   <div class='ocr_carea' id='block_1_122' title="bbox 2243 5590 3831 5679">
    <p class='ocr_par' dir='ltr' id='par_1_122' title="bbox 2243 5590 3831 5679">
     <span class='ocr_line' id='line_1_122' title="bbox 2243 5590 3831 5679; baseline 0.016 -35"><span class='ocrx_word' id='word_1_943' title='bbox 2243 5590 2390 5646; x_wconf 62' lang='lat' dir='ltr'><strong>Max.</strong></span> <span class='ocrx_word' id='word_1_944' title='bbox 2424 5595 2721 5666; x_wconf 85' lang='lat' dir='ltr'><strong>respondit</strong></span> <span class='ocrx_word' id='word_1_945' title='bbox 2748 5612 2761 5650; x_wconf 90' lang='lat'>:</span> <span class='ocrx_word' id='word_1_946' title='bbox 2787 5597 2911 5651; x_wconf 90' lang='lat' dir='ltr'><strong>Non</strong></span> <span class='ocrx_word' id='word_1_947' title='bbox 2951 5599 3113 5655; x_wconf 89' lang='lat' dir='ltr'><strong>decet</strong></span> <span class='ocrx_word' id='word_1_948' title='bbox 3137 5603 3193 5656; x_wconf 91' lang='lat' dir='ltr'><strong>in</strong></span> <span class='ocrx_word' id='word_1_949' title='bbox 3218 5602 3512 5674; x_wconf 83' lang='lat' dir='ltr'><strong>religione,</strong></span> <span class='ocrx_word' id='word_1_950' title='bbox 3544 5616 3831 5679; x_wconf 61' lang='lat' dir='ltr'><strong>presteres</strong></span> 
     </span>
    </p>
   </div>
   <div class='ocr_carea' id='block_1_123' title="bbox 2169 5681 3829 5771">
    <p class='ocr_par' dir='ltr' id='par_1_123' title="bbox 2169 5681 3829 5771">
     <span class='ocr_line' id='line_1_123' title="bbox 2169 5681 3829 5771; baseline 0.014 -38"><span class='ocrx_word' id='word_1_951' title='bbox 2169 5695 2296 5734; x_wconf 89' lang='lat' dir='ltr'><strong>cum</strong></span> <span class='ocrx_word' id='word_1_952' title='bbox 2318 5681 2386 5737; x_wconf 90' lang='lat' dir='ltr'><strong>de</strong></span> <span class='ocrx_word' id='word_1_953' title='bbox 2410 5681 2523 5738; x_wconf 93' lang='lat' dir='ltr'><strong>Deo</strong></span> <span class='ocrx_word' id='word_1_954' title='bbox 2554 5683 2882 5756; x_wconf 78' lang='lat' dir='ltr'><strong>loquamur,</strong></span> <span class='ocrx_word' id='word_1_955' title='bbox 2900 5689 3256 5746; x_wconf 88' lang='lat' dir='ltr'><strong>calumniam</strong></span> <span class='ocrx_word' id='word_1_956' title='bbox 3278 5691 3512 5750; x_wconf 85' lang='lat' dir='ltr'><strong>inferre.</strong></span> <span class='ocrx_word' id='word_1_957' title='bbox 3533 5696 3652 5771; x_wconf 88' lang='lat' dir='ltr'><strong>Ego</strong></span> <span class='ocrx_word' id='word_1_958' title='bbox 3667 5704 3723 5755; x_wconf 89' lang='lat' dir='ltr'><strong>et</strong></span> <span class='ocrx_word' id='word_1_959' title='bbox 3743 5718 3829 5758; x_wconf 85' lang='lat' dir='ltr'><strong>re-</strong></span> 
     </span>
    </p>
   </div>
   <div class='ocr_carea' id='block_1_124' title="bbox 2167 5772 3824 5856">
    <p class='ocr_par' dir='ltr' id='par_1_124' title="bbox 2167 5772 3824 5856">
     <span class='ocr_line' id='line_1_124' title="bbox 2167 5772 3824 5856; baseline 0.014 -32"><span class='ocrx_word' id='word_1_960' title='bbox 2167 5786 2449 5841; x_wconf 89' lang='lat' dir='ltr'><strong>sponsum</strong></span> <span class='ocrx_word' id='word_1_961' title='bbox 2468 5772 2681 5843; x_wconf 85' lang='lat' dir='ltr'><strong>dedi,et</strong></span> <span class='ocrx_word' id='word_1_962' title='bbox 2704 5775 2751 5829; x_wconf 89' lang='lat' dir='ltr'><strong>si</strong></span> <span class='ocrx_word' id='word_1_963' title='bbox 2770 5792 2884 5832; x_wconf 91' lang='lat' dir='ltr'><strong>non</strong></span> <span class='ocrx_word' id='word_1_964' title='bbox 2909 5778 3210 5835; x_wconf 78' lang='lat' dir='ltr'><strong>sufﬁciunt</strong></span> <span class='ocrx_word' id='word_1_965' title='bbox 3226 5798 3354 5853; x_wconf 71' lang='lat' dir='ltr'><strong>quae</strong></span> <span class='ocrx_word' id='word_1_966' title='bbox 3371 5784 3824 5856; x_wconf 84' lang='lat' dir='ltr'><strong>diximus,addi-</strong></span> 
     </span>
    </p>
   </div>
   <div class='ocr_carea' id='block_1_125' title="bbox 2165 5860 3823 5951">
    <p class='ocr_par' dir='ltr' id='par_1_125' title="bbox 2165 5860 3823 5951">
     <span class='ocr_line' id='line_1_125' title="bbox 2165 5860 3823 5951; baseline 0.014 -37"><span class='ocrx_word' id='word_1_967' title='bbox 2165 5875 2297 5916; x_wconf 90' lang='lat' dir='ltr'><strong>mus</strong></span> <span class='ocrx_word' id='word_1_968' title='bbox 2319 5860 2675 5934; x_wconf 88' lang='lat' dir='ltr'><strong>testimonia,</strong></span> <span class='ocrx_word' id='word_1_969' title='bbox 2707 5865 2846 5937; x_wconf 89' lang='lat' dir='ltr'><strong>quia</strong></span> <span class='ocrx_word' id='word_1_970' title='bbox 2865 5883 2969 5941; x_wconf 86' lang='lat' dir='ltr'><strong>per</strong></span> <span class='ocrx_word' id='word_1_971' title='bbox 2995 5868 3201 5927; x_wconf 85' lang='lat' dir='ltr'><strong>Jesum</strong></span> <span class='ocrx_word' id='word_1_972' title='bbox 3229 5871 3528 5933; x_wconf 86' lang='lat' dir='ltr'><strong>Christum</strong></span> <span class='ocrx_word' id='word_1_973' title='bbox 3560 5876 3823 5951; x_wconf 86' lang='lat' dir='ltr'><strong>Spiritus</strong></span> 
     </span>
    </p>
   </div>
  </div>
