4040 6462
85 450 197 509 717

86 581 376 654 gignendo
400 597 533 636 eum
550 582 917 653 vitam,dedit
933 583 982 639 ei
1000 583 1618 656 vitamJEqualitatem
1636 602 1732 640 au-

84 676 197 727 tem
210 672 469 727 ostendit
488 672 733 728 dicendo
755 691 767 729 :
786 674 935 729 Sicut
955 674 1117 730 habet
1130 678 1473 731 Patervitam
1486 678 1549 731 in
1563 691 1729 731 seme-

83 762 327 829 tipso,sic
341 761 700 817 deditetb‘itio
719 765 889 817 vitam
901 763 1103 819 habere
1128 766 1189 819 in
1231 768 1514 837 semetipso
1552 766 1727 836 (Joan.

81 866 133 917 v,
188 851 299 921 26).
336 850 525 905 Vitam
558 851 616 905 in
646 852 959 922 semetipso
1009 853 1183 909 habet
1215 854 1413 921 Pater;
1446 854 1731 927 aequalem

82 940 208 993 vita:
231 939 416 995 Patris
447 938 623 995 vitam
657 941 714 995 in
748 957 809 996 se
839 940 1016 997 habet
1042 942 1255 998 Filius:
1289 944 1390 998 sed
1410 949 1603 999 tamen
1638 944 1728 997 Fi-

81 1027 196 1084 lius
228 1047 262 1083 a
292 1046 353 1084 se
382 1028 509 1100 ipso
539 1028 717 1084 vitam
746 1047 857 1085 non
891 1031 1135 1102 accepit.
1166 1031 1434 1102 quianon
1467 1050 1499 1086 a
1524 1049 1585 1087 se
1607 1033 1732 1103 ipso

84 1124 287 1173 natum
321 1124 430 1183 est,
462 1136 495 1173 a
527 1122 695 1172 Patre
726 1125 898 1173 natus
932 1125 1041 1175 est.
1076 1120 1376 1191 Gignendo
1404 1121 1582 1185 dedit,
1616 1138 1730 1177 non

84 1207 357 1278 quiajam
381 1213 505 1263 erat
530 1207 710 1263 Filius
728 1210 853 1263 sine
874 1208 1010 1273 vita,
1031 1214 1088 1264 et
1106 1210 1265 1264 dedit
1281 1211 1330 1265 ei
1350 1210 1527 1265 vitam
1543 1255 1556 1278 ,
1590 1228 1731 1282 quo-

86 1297 257 1352 modo
280 1314 384 1353 nos
407 1303 736 1368 peccatores
764 1299 894 1353 facti
916 1315 1123 1353 sumus
1145 1301 1270 1355 sine
1292 1299 1429 1369 vita,
1450 1303 1505 1356 et
1522 1317 1624 1372 per
1644 1300 1733 1356 in-

85 1386 445 1458 dulgentiam
476 1392 533 1442 et
560 1387 808 1459 gratiam
842 1389 1174 1459 accepimus
1205 1389 1379 1445 vitam
1403 1406 1416 1444 ε
1437 1388 1532 1445 ille
1557 1390 1732 1447 vitam

86 1476 305 1547 accepit
326 1493 360 1531 a
382 1475 569 1547 Patre,
603 1475 743 1547 quia
772 1476 887 1532 vita
918 1482 1091 1532 natus
1118 1483 1208 1533 est
1239 1496 1273 1533 a
1302 1479 1488 1535 Patre.
1523 1481 1602 1534 Ac
1634 1496 1736 1551 per

86 1564 191 1620 hoc
214 1570 276 1619 tu
306 1581 420 1619 non
454 1565 694 1636 potuisti
726 1566 915 1621 dicere
939 1567 1273 1638 subjectum
1295 1584 1423 1623 esse
1450 1567 1588 1623 Filio
1612 1569 1735 1641 Spi-

87 1655 260 1709 ritum
295 1660 587 1723 sanctum,
619 1656 727 1710 nisi
762 1656 900 1727 quia
931 1656 1246 1727 gemitibus
1278 1656 1608 1729 interpellat
1634 1675 1735 1729 pro

89 1744 275 1799 nobis.
299 1744 541 1799 Videtur
560 1744 715 1800 enim
750 1745 855 1799 tibi
879 1745 977 1799 illa
1009 1746 1282 1816 perfectio
1317 1747 1643 1803 sanctitatis
1674 1747 1734 1802 in

89 1833 402 1905 gemitibus
420 1850 652 1906 semper
668 1849 815 1903 esse,
857 1850 960 1888 nec
1002 1835 1289 1905 respirare
1309 1854 1341 1891 a
1362 1837 1662 1906 gemendo.
1691 1836 1734 1892 Ο

91 1929 300 1978 aeterna
315 1922 552 1977 miseria
567 1922 847 1993 lIntellige
862 1922 1297 1989 locutionem,et
1311 1924 1736 1996 blasphemiam

91 2012 490 2067 devitabis.Sic
518 2011 674 2067 enim
697 2011 918 2066 dictum
938 2018 1042 2079 est,
1066 2012 1360 2068 Gemz’tibus
1385 2015 1695 2084 interpellat
1720 2039 1734 2081 ;

98 2106 158 2155 ut
188 2099 668 2173 intelligeremus,
702 2101 1027 2157 Gemitibus
1059 2102 1426 2174 interpellare
1450 2119 1552 2158 nos
1578 2103 1733 2158 facit.

90 2190 268 2244 Adest
298 2189 453 2244 enim
487 2190 677 2257 nobis,
710 2195 768 2244 et
799 2190 1162 2246 infundendo
1181 2192 1524 2248 cbaritatem
1547 2193 1734 2263 nobis,

91 2280 223 2333 facit
254 2296 360 2334 nos
391 2278 759 2350 interpellare
787 2280 1127 2352 gemitibus.
1160 2282 1415 2353 Denique
1461 2281 1571 2337 alio
1616 2283 1738 2337 loco

90 2384 219 2425 cum
239 2368 381 2423 dicit
398 2368 728 2439 Apostolus,
751 2368 1118 2436 Clamanlem,
1144 2370 1310 2438 Abba,
1332 2372 1496 2425 Pater
1527 2372 1732 2440 (Galat.

89 2476 163 2525 ιν,
191 2460 280 2525 6);
312 2456 425 2512 alio
459 2458 581 2513 loco
614 2458 777 2525 dicit,
808 2460 867 2514 In
892 2475 997 2529 quo
1026 2460 1353 2528 clamamus,
1405 2461 1572 2527 Abba,
1625 2463 1735 2516 Pa-

91 2556 168 2603 ter
195 2548 367 2619 (Rom.
400 2563 521 2612 VIII,
558 2548 676 2618 15):
718 2549 987 2619 exposuit
1020 2550 1159 2621 quid
1213 2550 1309 2616 sit,
1371 2551 1733 2619 Clamantem,

93 2638 255 2706 Abba,
280 2642 472 2697 Pater;
495 2636 761 2701 dicendo,
785 2641 849 2692 In
881 2654 984 2707 quo
1014 2638 1334 2693 clamamus.
1385 2640 1463 2694 Ac
1496 2656 1597 2709 per
1626 2639 1735 2695 hoc

94 2727 227 2799 quid
262 2730 369 2794 est,
405 2726 768 2792 Clamantem,
801 2726 937 2790 nisi,
970 2726 1221 2783 clamare
1253 2729 1561 2784 facientem
1586 2729 1613 2782 ?
1658 2735 1736 2785 Do

94 2816 423 2888 exemplum
448 2815 757 2871 locutionis
780 2814 1184 2886 hujus.Nonne
1202 2821 1348 2872 Deus
1371 2818 1736 2874 estomnium

98 2906 373 2978 praescius
397 2905 724 2959 futurorum
746 2906 773 2958 ‘?
790 2906 927 2969 Quis
953 2905 1061 2961 hoc
1080 2907 1315 2976 negabit
1332 2907 1605 2962 insanus?
1628 2908 1736 2963 Ta-

98 3011 224 3051 men
256 2993 338 3049 ait
390 2993 721 3065 Apostolus,
754 2994 910 3049 Nunc
936 3003 1119 3049 autem
1146 3004 1514 3066 cognoscentes
1547 2998 1736 3069 Deum,

98 3085 420 3153 imocognzti
445 3085 597 3138 aDeo
620 3082 834 3151 (Galat.
864 3101 939 3154 1v,
963 3084 1038 3155 9).
1069 3084 1125 3139 Si
1161 3102 1313 3141 nunc
1345 3103 1441 3141 eos
1473 3087 1739 3157 cognovit

96 3179 262 3242 Deus,
298 3190 414 3228 non
447 3190 544 3229 eos
576 3178 829 3243 noverat,
866 3190 977 3228 non
1010 3173 1279 3245 elegerat,
1302 3192 1416 3229 non
1436 3177 1736 3247 pradesti-

94 3268 331 3319 neverat
360 3267 491 3318 ante
523 3263 725 3317 mundi
757 3261 1249 3318 constitutionem.
1286 3265 1393 3319 Sed
1429 3266 1513 3320 sic
1572 3265 1736 3335 dixit,

91 3356 239 3409 Nunc
258 3357 444 3407 autem
464 3362 836 3423 cognoscentes
861 3356 1055 3419 Deum,
1084 3354 1198 3407 imo
1220 3356 1425 3422 cogniti
1445 3372 1483 3410 α
1505 3356 1610 3410 Deo
1637 3382 1650 3423 ;
1674 3360 1740 3412 ut

90 3442 477 3513 intelligerent
511 3440 694 3495 Deum
725 3440 1003 3495 fecissein
1024 3440 1104 3495 cis
1123 3443 1511 3512 cognitionem
1546 3462 1736 3511 suam,

92 3534 479 3601 Cognoscentes
512 3531 700 3584 Deum.
752 3530 898 3595 Quid
945 3534 1050 3599 est,
1101 3531 1483 3601 Cognoscentes
1523 3536 1738 3591 Deum?

91 3622 271 3677 Nolite
303 3620 472 3676 vobis
503 3636 793 3690 arrogare,
814 3618 991 3673 nolite
1010 3621 1311 3690 superbire
1336 3638 1347 3676 ε
1376 3622 1593 3691 Cognili
1611 3627 1739 3680 estis

92 3729 124 3765 a
154 3712 275 3767 Deo.
312 3709 461 3776 Quid
486 3713 593 3778 est,
625 3710 833 3777 cogniti
861 3711 996 3764 estis
1024 3710 1182 3765 aDeo
1203 3713 1228 3763 .9
1249 3712 1581 3783 Cognitores
1600 3731 1740 3771 suos

96 3800 362 3855 Deusvos
388 3798 553 3853 fecit:
581 3797 732 3853 Deus
756 3796 915 3851 vobis
929 3798 1089 3853 dedit
1110 3802 1173 3852 ut
1190 3801 1574 3870 cognoscatis.
1594 3802 1743 3866 Quo-

98 3891 265 3944 modo
286 3893 379 3945 est
402 3887 546 3942 illud
573 3886 830 3942 Domini:
856 3888 1007 3941 Nunc
1055 3890 1297 3958 cognovi,
1330 3889 1471 3944 dicit
1500 3890 1742 3946 Abrahae

100 3976 400 4044 Dominus,
435 3978 589 4031 Nunc
631 3978 856 4044 cognovi
911 3976 1169 4046 quoniam
1216 3978 1410 4033 timeas
1448 3979 1743 4035 Dominum

99 4066 249 4139 (Gen.
282 4082 424 4130 xxn,
464 4066 565 4136 12).
603 4065 843 4130 Quando
875 4064 1274 4120 attulitﬁlium
1293 4083 1467 4121 suum
1486 4069 1555 4122 ad
1576 4068 1746 4125 holo-

98 4162 367 4211 caustum
385 4152 701 4219 Abraham,
721 4153 860 4209 dicit
882 4154 930 4209 ei
958 4160 1129 4222 Deus,
1150 4155 1305 4209 Nunc
1327 4160 1593 4227 cognovi?
1614 4159 1746 4230 Ipsa

98 4250 185 4300 est
207 4250 328 4301 tota
348 4244 444 4300 Dei
470 4243 1011 4315 praescicntia‘hunc
1030 4244 1564 4316 cognovit,quando
1580 4247 1743 4316 dixit,

96 4336 247 4390 Nunc
276 4331 556 4403 cognovi?
588 4333 696 4387 Sed
730 4332 873 4404 quid
905 4337 1012 4401 est,
1044 4334 1199 4388 Nunc
1225 4337 1493 4402 cognovi?
1545 4336 1604 4391 Id
1635 4342 1744 4405 est,

96 4424 257 4479 Nunc
288 4438 639 4495 cognoscere
662 4428 713 4477 te
739 4422 861 4477 l'eci.
887 4422 943 4476 Si
967 4438 1101 4493 ergo
1126 4421 1231 4477 has
1248 4421 1568 4479 locutiones
1596 4426 1749 4481 sicut

99 4514 284 4569 Libris
316 4511 532 4567 divinis
563 4510 827 4566 eruditus
859 4527 1226 4583 agnosceres,
1246 4512 1317 4566 de
1334 4512 1651 4583 gemitibus
1674 4514 1749 4569 il-

97 4601 169 4658 lis
200 4603 420 4675 quibus
454 4601 675 4656 dictum
706 4607 796 4656 est
825 4600 1141 4672 gemitibus
1171 4600 1539 4673 interpellare
1568 4604 1749 4675 Spiri-

100 4698 392 4761 sanctum,
420 4707 536 4747 non
554 4707 687 4747 eum
721 4691 940 4746 faceres
972 4691 1271 4757 miserum,
1296 4690 1443 4754 Quid
1476 4692 1631 4747 enim
1662 4698 1752 4749 est

103 4781 413 4851 aliud,sem
424 4797 526 4853 per
540 4796 984 4852 gemens,quam
1004 4796 1234 4851 semper
1250 4779 1428 4836 miser
1444 4781 1470 4835 ?
1495 4782 1626 4838 Ideo
1644 4801 1751 4840 nos

105 4872 395 4944 geminus,
440 4873 579 4942 quia
625 4870 823 4925 miseri
868 4886 1096 4925 sumus.
1145 4869 1211 4925 Et
1249 4870 1468 4942 gratias
1512 4872 1754 4945 Spiritui

106 4960 474 5033 sancto,quia
493 4960 773 5015 charitate
790 4960 987 5014 aeterni
1008 4958 1202 5014 saeculi
1222 4959 1358 5015 facit
1376 4977 1480 5016 nos
1500 4977 1751 5033 gemere,

108 5058 343 5123 propter
372 5049 532 5121 quod
564 5049 753 5104 dictus
783 5054 871 5104 est
899 5065 1159 5120 gemens.
1192 5049 1349 5104 Facit
1382 5067 1488 5106 nos
1505 5050 1757 5109 clamare

106 5146 342 5212 propter
374 5139 532 5211 quod
566 5137 756 5194 dictus
786 5145 875 5194 est
905 5138 1186 5194 clamans.
1212 5138 1369 5193 Facit
1392 5156 1497 5195 nos
1519 5157 1757 5213 cognos-

106 5242 230 5282 cere
265 5228 471 5291 l)eum,
506 5231 739 5298 pr0pter
768 5227 919 5298 quod
954 5226 1177 5280 dictum
1209 5232 1318 5291 est,
1354 5229 1461 5283 Imo
1490 5232 1697 5300 cogniti
1725 5247 1759 5286 a

104 5315 227 5381 Deo,
266 5316 424 5372 Facit
454 5314 747 5370 Abraham
785 5318 933 5370 Deus
994 5321 1467 5388 cognoscentem,
1526 5326 1761 5391 propter

109 5404 259 5477 quod
292 5411 351 5461 et
381 5403 550 5472 dixit,
584 5405 740 5461 Nunc
768 5407 1020 5478 cognovi.

108 5600 109 5603 η
172 5532 320 5586 Max.
357 5531 693 5602 respondit:
727 5530 789 5585 In
823 5529 1039 5602 quibus
1088 5546 1195 5586 nos
1254 5531 1654 5603 reprehendis,
1701 5534 1761 5591 in

109 5617 398 5692 lpsisipse
419 5619 723 5691 detegeris.
758 5623 991 5675 Certum
1024 5623 1114 5674 est
1138 5618 1316 5685 enim,
1343 5624 1399 5675 et
1431 5620 1629 5677 divina
1659 5640 1765 5679 nos

112 5714 310 5765 monet
331 5708 654 5779 Scriptura,
689 5708 843 5781 quod
873 5724 941 5763 ex
970 5706 1345 5779 multiloquio
1380 5726 1493 5764 non
1524 5711 1765 5784 effugies

117 5802 452 5871 peccatum;
478 5814 721 5871 parcens
737 5801 935 5855 autem
951 5794 1144 5866 labiis,
1181 5797 1416 5870 sapiens
1448 5799 1562 5857 eris
1582 5800 1764 5873 (Prov.

790 451 1174 513 COLLATIO
1219 452 1375 515 CUM
1424 452 1815 514 MAXIMINO
1860 454 2332 519 ARIANORUM
2380 459 2779 523 EPISCOPO.

3370 465 3489 527 718

1834 603 1889 651 x,
1923 588 2030 658 19).
2053 590 2327 654 Quamvis
2358 591 2531 647 etiam
2564 592 2670 649 etsi
2704 610 2802 663 per
2828 596 3016 651 totum
3038 595 3192 652 diem
3228 597 3487 669 quisque

1834 675 1906 731 de
1929 676 2139 733 divinis
2158 678 2474 750 Scripturis
2493 683 3111 753 proferattestimonia,
3129 703 3245 741 non
3270 686 3327 741 in
3354 704 3488 742 ver-

1836 764 2180 821 bositateilli
2199 769 2586 840 imputabitur
2602 774 2858 827 revera‘:
2889 775 3043 844 quod
3064 774 3111 829 si
3130 780 3231 830 aut
3261 775 3483 831 littera-

1836 854 2057 911 riaarte
2079 872 2244 928 usus,
2266 864 2365 912 aut
2399 860 2803 931 expressione’
2824 862 3066 933 spiritus
3105 864 3193 919 sui
3227 865 3479 937 quisque

1837 945 2147 1000 concinnet
2165 948 2338 1002 verba
2356 963 2481 1019 quae
2499 965 2611 1004 non
2632 949 2929 1005 continent
2942 952 3481 1024 sancthcripturaz;

1836 1037 1892 1087 et
1910 1034 2095 1089 otiosa
2118 1040 2257 1090 sunt
2278 1038 2899 1108 etsuperflua.Sufﬁcit
2918 1040 3081 1111 mihi,
3102 1042 3201 1112 qui
3220 1042 3288 1096 ad
3311 1042 3484 1097 istam

1836 1123 2094 1190 regulam
2126 1129 2181 1179 te
2202 1125 2437 1195 adduxi,
2470 1131 2534 1180 ut
2566 1126 2890 1199 profitearis
2921 1130 3074 1200 quod
3107 1130 3270 1185 Pater
3314 1130 3483 1187 Pater

1836 1215 1944 1274 est,
1969 1214 2105 1283 quia
2126 1214 2365 1269 innatus
2386 1216 2636 1286 est,quia
2657 1234 2689 1270 a
2710 1217 2939 1274 nemine
2962 1218 3183 1291 accepit
3199 1220 3374 1274 vitam
3400 1238 3413 1289 ;
3433 1223 3491 1276 et

1837 1300 1975 1370 quia
2008 1301 2183 1357 Filius
2216 1320 2247 1359 a
2281 1303 2445 1359 Patre
2475 1311 2822 1362 consecutus
2872 1312 2962 1363 est
2990 1308 3203 1375 vitam;
3240 1313 3297 1363 et
3344 1308 3484 1380 quia

1835 1389 2088 1459 Spiritus
2102 1396 2337 1447 sanctus
2360 1393 2869 1464 Spiritussanctus
2881 1400 2988 1452 est.
3014 1396 3269 1453 Dicendo
3288 1402 3487 1454 autem

1839 1495 2021 1534 unum
2052 1485 2254 1547 Deum,
2290 1482 2435 1537 bene
2466 1483 2704 1554 quidem
2755 1484 2993 1555 faceres,
3054 1486 3101 1541 si
3159 1487 3487 1543 conﬁtendo

1838 1584 2022 1622 unum
2054 1568 2259 1636 Deum,
2294 1587 2407 1625 non
2425 1571 2649 1627 Patrem
2669 1577 2726 1627 et
2749 1573 2960 1629 Filium
2979 1579 3036 1629 et
3054 1573 3336 1646 Spiritum
3358 1593 3487 1631 san-

1839 1663 1998 1712 ctum
2032 1674 2215 1713 unum
2250 1659 2469 1715 diceres
2502 1664 2702 1717 Deum:
2739 1668 2938 1718 contra
2960 1672 3118 1718 tuam
3135 1664 3485 1721 sententiam

1840 1746 2099 1801 veniens.
2132 1748 2177 1801 A
2208 1748 2374 1803 nobis
2404 1766 2558 1804 unus
2590 1750 2799 1805 colitur
2829 1756 2998 1822 Deus,
3032 1753 3291 1821 innatus,
3336 1754 3484 1811 infe-

1841 1839 1990 1904 ctus,
2024 1836 2359 1905 invisibilis,
2396 1838 2491 1909 qui
2527 1840 2596 1893 ad
2629 1838 2889 1894 humana
2917 1842 3186 1913 contagia
3206 1848 3261 1897 et
3286 1843 3356 1897 ad
3376 1843 3487 1898 hu-

1842 1941 2077 1980 manam
2110 1942 2343 1981 carnem
2378 1944 2489 1981 non
2524 1928 2843 1983 descendit.
2889 1928 2990 1983 Est
3052 1935 3244 1986 autem
3302 1936 3359 1986 et
3405 1932 3490 1987 Fi-

1842 2012 1956 2068 lius
1980 2016 2302 2069 secundum
2320 2016 2806 2087 Apostolum,non
2828 2017 3098 2088 pusillus,
3118 2020 3217 2074 sed
3240 2036 3490 2092 magnus

1841 2102 2022 2158 Deus:
2054 2104 2205 2158 sicut
2226 2106 2306 2159 ait
2338 2106 2541 2160 beatus
2574 2105 2810 2171 Paulus,
2845 2108 3233 2178 Exspectantes
3280 2109 3489 2164 beatam

1840 2209 1988 2263 spem
2018 2201 2068 2247 et
2092 2193 2385 2248 adventum
2413 2195 2603 2261 gloriae
2632 2198 2823 2265 magni
2849 2197 2949 2250 Dei
2976 2201 3023 2251 et
3056 2196 3361 2253 Salva/oris
3390 2205 3487 2254 n0-

1840 2284 1945 2335 stri
1971 2284 2097 2337 Jesu
2129 2283 2336 2337 Christi
2365 2284 2485 2354 (Tit.
2522 2302 2582 2349 ιι,
2620 2285 2725 2355 13).
2757 2287 2867 2339 lste
2891 2286 3045 2340 enim
3073 2304 3319 2359 magnus
3341 2293 3489 2344 Deus

1840 2371 2107 2427 Christus
2138 2372 2296 2438 dicit,
2333 2373 2483 2443 quod
2516 2374 2748 2429 ascendo
2769 2375 2843 2428 ad
2866 2378 3081 2429 Patrem
3102 2392 3282 2431 meum
3301 2381 3353 2431 et
3379 2378 3487 2433 Pa-

1841 2468 1976 2515 trem
2012 2470 2271 2530 vestrum,
2304 2463 2470 2516 Deum
2501 2478 2684 2517 meum
2716 2466 2765 2517 et
2806 2464 2976 2518 Deum
3023 2468 3257 2520 vestrum
3306 2466 3485 2537 (Joan.

1841 2550 2072 2617 xx,17).
2107 2550 2186 2604 De
2243 2568 2351 2605 sua
2402 2550 2557 2605 enim
2616 2552 2979 2621 subjectione
3037 2571 3219 2609 unum
3281 2556 3487 2611 statuit

1843 2639 2044 2695 Deum.
2075 2640 2187 2694 Iste
2218 2643 2306 2693 est
2334 2655 2471 2711 ergo
2504 2657 2656 2694 unus
2690 2645 2862 2705 Deus,
2923 2646 2988 2696 ut
3038 2643 3160 2712 jam
3221 2643 3485 2699 recitavi-

1844 2746 1976 2783 mus
2006 2727 2378 2797 testimoniis,
2412 2746 2585 2800 quem
2617 2729 2883 2785 Christus
2902 2735 2956 2785 et
2974 2731 3227 2802 Spiritus
3250 2738 3486 2789 sanctus

1844 2817 2108 2883 adorant,
2142 2820 2197 2871 et
2227 2816 2416 2871 omnis
2446 2821 2712 2871 creatura
2741 2824 3055 2872 veneratur
3084 2824 3139 2873 et
3168 2819 3305 2874 colit
3330 2837 3341 2875 :
3378 2819 3487 2877 hac

1845 2905 2065 2961 ratione
2096 2921 2277 2959 unum
2312 2904 2670 2976 proﬁtemur.
2704 2905 2828 2960 Non
2865 2912 3061 2961 tamen
3096 2908 3249 2979 quod
3310 2925 3485 2981 copu-

1843 2994 1979 3049 latio
2010 2993 2096 3049 vel
2128 2994 2430 3065 permistio
2463 2994 2589 3048 Filii
2621 3011 2755 3049 cum
2789 2996 2973 3063 Patre,
3021 3002 3122 3051 aut
3186 2997 3274 3053 vel
3335 3002 3489 3054 certe

1844 3084 2095 3155 Spiritus
2121 3082 2304 3137 sancti
2340 3100 2472 3137 cum
2524 3082 2665 3138 Filio
2695 3083 2781 3139 vel
2840 3101 2971 3139 cum
3029 3085 3213 3151 Patre,
3274 3086 3489 3143 faciant

1844 3189 2028 3227 unum
2060 3177 2253 3226 Deum.
2288 3171 2399 3226 Sed
2432 3172 2569 3243 quia
2600 3172 2695 3227 ille
2726 3171 2886 3228 solus
2910 3190 3064 3228 unus
3087 3175 3377 3245 perfectus
3399 3181 3490 3232 est

1843 3262 2017 3325 Deus,
2039 3261 2158 3333 qui,
2181 3266 2244 3315 ut
2261 3261 2383 3331 ipse
2402 3267 2744 3332 prosecutus
2762 3279 2844 3327 es,
2867 3263 3043 3317 vitam
3068 3280 3099 3318 a
3121 3265 3351 3320 nemine
3387 3283 3488 3321 ac-

1843 3353 2013 3424 cepit,
2048 3351 2146 3422 qui
2181 3349 2322 3404 Filio
2354 3350 2514 3405 dedit
2544 3368 2651 3406 suo
2676 3351 2938 3423 exemplo
2974 3353 3182 3408 habere
3213 3355 3386 3408 vitam
3422 3355 3478 3409 in

1844 3442 2187 3511 semetipso;
2211 3437 2514 3509 copulatos
2537 3439 2769 3510 quidem
2786 3439 3105 3495 dicimusin
3125 3442 3405 3497 charitate
3429 3448 3487 3498 et

1841 3531 1899 3585 in
1926 3528 2386 3585 concordia..lam
2414 3533 2478 3583 ut
2498 3528 2769 3599 superius
2790 3529 3151 3585 reddidimus
3172 3531 3482 3599 rationem,

1846 3618 2091 3674 alterum
2118 3634 2245 3672 esse
2278 3621 2524 3687 Patrem,
2544 3622 2599 3671 et
2616 3634 2729 3671 non
2749 3618 2943 3688 ipsum
2972 3618 3202 3683 Filium,
3225 3618 3349 3691 ipse
3372 3636 3486 3675 non

1846 3707 2086 3762 instruit
2106 3705 2386 3774 Salvator,
2412 3705 2685 3761 dicendo:
2711 3705 2880 3774 Siego
2895 3709 3268 3762 testimonium
3284 3709 3403 3764 dico
3422 3708 3491 3765 de

1846 3814 1951 3861 me,
1973 3797 2345 3852 testimonium
2362 3812 2545 3850 meum
2564 3811 2674 3850 non
2692 3799 2771 3851 est
2788 3812 2973 3851 verum
2987 3812 3008 3857 ;
3028 3798 3174 3851 alius
3197 3807 3273 3853 est
3296 3801 3391 3870 qui
3410 3803 3494 3855 te—

1847 3888 2113 3957 stiﬁcatur
2132 3886 2196 3939 de
2215 3900 2319 3939 me.
2344 3884 2411 3938 Et
2432 3900 2504 3937 ne
2540 3887 2986 3956 praesumptorio
3015 3885 3224 3958 spiritu
3247 3888 3489 3958 quidam

1850 3973 2303 4048 putarent,quod
2319 3978 2420 4027 aut
2442 3973 2514 4028 de
2533 3972 2758 4029 Joanne
2782 3973 3041 4046 Baptista
3061 3975 3489 4045 dixeritalium,

1853 4070 1955 4120 aut
1986 4066 2127 4119 forte
2149 4064 2218 4118 de
2242 4063 2405 4117 Petro
2430 4062 2691 4133 apostolo
2712 4062 2799 4117 vel
2824 4062 3028 4132 Paulo;
3054 4065 3177 4136 ipse
3214 4083 3493 4137 prosecu-

1851 4159 1947 4209 tus
1978 4158 2099 4208 est:
2130 4152 2230 4208 Vos
2258 4153 2493 4205 misistis
2548 4151 2616 4205 ad
2667 4152 2949 4216 Joannem,
3008 4158 3059 4208 et
3114 4157 3494 4210 testimonium

1852 4243 2090 4299 reddidit
2114 4242 2351 4297 veritati.
2364 4243 2465 4312 Ego
2486 4249 2669 4295 autem
2682 4243 3057 4297 testimonium
3068 4244 3141 4298 ab
3156 4242 3376 4299 homine
3388 4259 3499 4300 non

1852 4334 2097 4404 accipio:
2120 4331 2208 4385 sed
2239 4330 2356 4386 hac
2382 4332 2523 4394 dico,
2556 4333 2615 4384 ut
2642 4347 2731 4385 vos
2758 4332 3072 4386 salvemini.
3122 4333 3237 4397 Ille,
3286 4332 3499 4405 inquit,

1857 4426 2084 4479 lucerna
2103 4423 2210 4491 fuit
2230 4420 2427 4475 ardens
2456 4427 2505 4474 et
2535 4421 2756 4484 lucens;
2784 4437 2871 4475 vos
2901 4429 3084 4475 autem
3134 4422 3382 4477 voluistis
3429 4423 3507 4479 ad

1855 4514 2045 4568 horam
2068 4510 2349 4566 exsultare
2369 4511 2427 4563 in
2454 4510 2664 4564 lumine
2683 4512 2941 4581 ejus.Ego
2961 4514 3142 4565 autem
3165 4511 3332 4567 habeo
3349 4514 3505 4568 testi-

1856 4604 2102 4659 monium
2124 4600 2301 4670 majus
2322 4601 2550 4655 Joanne.
2577 4599 2755 4670 Opera
2776 4616 2895 4671 qua:
2913 4600 3069 4655 dedit
3088 4600 3229 4655 mihi
3249 4602 3414 4658 Pater
3443 4612 3505 4657 ut

1855 4692 2143 4765 perﬁciam
2163 4706 2247 4755 ea,
2270 4691 2387 4760 ipsa
2409 4704 2573 4759 opera
2595 4704 2715 4759 quae
2737 4704 2832 4758 ego
2851 4691 3022 4759 lucio,
3049 4692 3416 4761 testiﬁcantur
3442 4690 3508 4745 de

1860 4799 1969 4849 me,
1991 4781 2123 4852 quia
2144 4780 2309 4833 Pater
2328 4794 2414 4833 me
2429 4778 2601 4832 misit.
2622 4780 2684 4831 Et
2700 4780 2797 4849 qui
2819 4780 3066 4834 misitme
3091 4785 3271 4848 Pater,
3295 4780 3413 4851 ipse
3432 4788 3511 4835 te-

1860 4872 2136 4943 stiﬁcatur
2155 4869 2219 4923 de
2240 4884 2324 4923 me
2351 4867 2447 4935 (Id.
2472 4861 2623 4935 v,'31
2660 4868 2771 4940 37).
2803 4868 2944 4932 Quis
2990 4873 3110 4925 tam
3144 4868 3361 4925 stultus
3403 4872 3492 4925 est

1864 4965 1929 5017 ut
1959 4977 2072 5015 non
2105 4957 2392 5029 intelligat
2432 4956 2709 5027 quoniam
2730 4957 2880 5013 alius
2899 4958 2967 5013 de
2982 4957 3513 5014 aliotestimonium

1867 5046 2186 5124 perhibuit,
2215 5047 2381 5101 Pater
2409 5045 2480 5100 de
2504 5044 2669 5116 Filio,
2689 5046 2784 5117 qui
2805 5047 3004 5118 utique
3031 5052 3087 5102 et
3112 5048 3373 5103 dicebat:
3409 5050 3519 5102 Hic

1867 5144 1945 5196 est
1966 5140 2047 5193 Fit
2056 5140 2139 5193 ins
2160 5152 2311 5191 meus
2333 5135 2583 5201 dilectus,
2608 5137 2667 5190 in
2687 5152 2796 5207 quo
2815 5137 2946 5192 bene
2967 5136 3271 5208 complacui
3298 5153 3318 5197 ,'
3338 5138 3518 5209 ipsum

1868 5228 2061 5285 audite
2082 5225 2303 5297 (Matth.
2327 5242 2489 5295 xvm,
2508 5224 2610 5296 5)?
2632 5224 2916 5280 Dilectum
2944 5224 3153 5297 lego,et
3170 5225 3341 5279 credo
3364 5224 3519 5295 quod

1869 5320 2040 5374 Pater
2058 5321 2147 5372 est
2169 5314 2268 5388 qui
2292 5314 2503 5386 diligit,
2538 5319 2595 5369 et
2612 5312 2792 5369 Filius
2816 5312 2915 5384 qui
2935 5312 3220 5385 diligitur.
3246 5312 3521 5384 Unigeni-

1870 5414 1995 5464 tum
2030 5405 2203 5461 audio
2235 5403 2553 5469 Christum,
2586 5406 2642 5457 et
2674 5420 2787 5458 non
2823 5402 3026 5457 dubito
3058 5401 3198 5473 quia
3238 5418 3391 5458 unus
3451 5402 3524 5458 ab

1872 5514 1989 5554 uno
2021 5499 2110 5551 est
2140 5494 2391 5565 genitus.
2428 5491 2886 5558 Primogenitum
2924 5490 3134 5547 Paulus
3163 5490 3399 5559 clamat,
3434 5491 3525 5547 di-

1875 5602 2044 5643 cens:
2076 5583 2218 5652 Quid
2248 5590 2327 5639 est
2340 5584 2522 5653 imago
2539 5584 2631 5637 Dei
2642 5581 3374 5652 invisibilis,primogenitus
3387 5582 3523 5638 uni-

1943 5749 1958 5781 ι
1993 5743 2243 5795 Nonnulli
2275 5744 2420 5797 Μεθ..
2453 5756 2533 5791 res
2559 5755 2697 5792 vera.

1942 5810 1963 5847 ³
1989 5809 2136 5869 Lov.,
2166 5804 2499 5871 expositione.
