4040 6508
592 478 709 536 719

591 622 768 664 versae
795 610 1090 665 creaturae.
1123 607 1190 662 Et
1218 607 1492 679 proﬁteor
1522 608 1849 662 secundum
1882 608 2236 663 sententiam

593 698 918 755 divinarum
952 699 1412 771 Scripturarum,
1449 698 1604 770 quod
1653 702 1741 754 est
1788 697 1967 753 Filius
2025 698 2240 771 primo-

588 788 843 860 genitus,
878 792 934 844 et
963 807 1077 845 non
1108 787 1438 862 ingenitus:
1482 792 1538 843 et
1595 788 1735 860 quia
1792 789 1852 842 in
1908 788 2004 843 illo
2055 791 2238 844 creata

588 884 715 935 sunt
744 883 931 936 omnia
959 882 1240 953 quasunt
1267 881 1329 935 in
1356 880 1524 946 ctelis,
1554 883 1608 935 et
1640 896 1757 952 qui:
1790 883 1918 934 sunt
1956 881 2017 933 in
2055 888 2235 961 terra,

590 970 836 1027 visibilia
863 978 915 1027 et
943 970 1273 1038 invisibilia,
1306 971 1420 1026 sive
1437 970 1653 1037 Throni,
1672 970 1785 1025 sive
1805 969 2232 1038 Dominationes,

589 1062 702 1116 sive
732 1061 1105 1132 Principatus,
1136 1062 1248 1116 sive
1273 1061 1609 1121 Potestates;
1663 1058 1851 1114 omnia
1902 1073 2005 1129 per
2052 1059 2235 1131 ipsum

587 1151 736 1220 facta
763 1158 907 1221 sunt,
941 1153 992 1205 et
1022 1152 1082 1205 in
1111 1152 1225 1222 ipso
1253 1157 1443 1205 creata
1479 1150 1637 1211 sunt;
1694 1152 1747 1204 et
1799 1148 1914 1219 ipse
1968 1152 2051 1204 est
2107 1152 2235 1206 ante

589 1242 877 1308 omnes,'ct
906 1242 1091 1295 omnia
1121 1242 1181 1295 in
1207 1242 1323 1310 ipso
1347 1241 1595 1295 constant
1642 1235 1863 1309 (Coloss.
1914 1252 1953 1306 1,
2001 1237 2230 1306 15-17):

589 1332 645 1384 et
675 1328 784 1384 iste
813 1328 995 1384 Filius
1028 1328 1150 1394 Dei,
1184 1328 1338 1384 Deus
1365 1327 1725 1401 unigenitus,
1773 1343 1905 1383 cum
1964 1328 2041 1383 sit
2098 1330 2233 1383 ante

589 1433 811 1473 omnes.
848 1417 973 1487 Ipse
1002 1415 1157 1472 enim
1202 1416 1373 1472 dicit:
1436 1416 1583 1485 Quod
1638 1416 1753 1471 vidi
1808 1416 1955 1488 apud
2011 1418 2232 1472 Patrem

584 1521 788 1573 meum,
814 1506 1001 1577 loquor
1017 1506 1193 1577 (Joan.
1218 1506 1474 1575 v111,38).
1505 1510 1616 1561 Isle
1641 1505 1818 1561 Filius
1847 1505 2046 1573 etiam,
2074 1504 2229 1577 quod

582 1611 685 1650 vos
712 1595 870 1650 carni
904 1594 1215 1663 ascribitis,
1250 1594 1310 1649 in
1333 1598 1534 1651 sancto
1566 1595 1647 1650 ait
1676 1593 2017 1667 Evangelio:
2050 1596 2113 1650 Si
2139 1596 2228 1650 di-

582 1684 817 1756 ligeretis
845 1702 951 1756 me,
985 1684 1302 1755 gauderetis
1330 1686 1540 1755 utique,
1575 1686 1834 1755 quoniam
1858 1682 1993 1739 vado
2022 1682 2093 1739 ad
2124 1684 2231 1739 Pa-

581 1782 721 1830 trem
740 1792 761 1837 ;
792 1776 1054 1846 quoniam
1082 1775 1249 1830 Pater
1278 1775 1453 1841 maior
1479 1789 1569 1829 me
1594 1782 1673 1829 est
1709 1775 1887 1843 (Joan.
1934 1790 2050 1841 xw,
2112 1773 2224 1845 28).

580 1865 699 1919 Ista
710 1863 1136 1936 enimlegentes
1153 1864 1535 1931 credimus,et
1547 1863 2226 1935 proﬁtemursecundum

577 1953 941 2024 Apostolum,
975 1953 1130 2025 quod
1161 1953 1214 2008 ei
1244 1952 1443 2008 omnia
1472 1952 1737 2024 subjecta
1767 1952 1887 2007 sint
1918 1956 1983 2007 ut
2014 1968 2225 2024 magno

579 2041 695 2097 Deo
726 2042 768 2114 (Ι
801 2041 922 2099 Cor.
970 2058 1063 2109 xv,
1093 2042 1205 2110 25).
1237 2042 1349 2097 Iste
1379 2041 1529 2096 enim
1565 2057 1814 2114 magnus
1845 2044 2015 2111 Deus,
2049 2058 2223 2113 quem

576 2130 754 2187 talem
783 2131 985 2203 genuit
1012 2131 1200 2199 Pater,
1235 2134 1299 2185 ut
1327 2129 1451 2202 ipse
1489 2135 1832 2203 prosecutus
1881 2146 1963 2197 es,
2022 2129 2225 2202 utique

579 2221 694 2291 maj
704 2221 1096 2275 oremPatrem
1111 2219 1413 2275 confessus
1430 2222 1612 2285 est,ut
1626 2218 2025 2274 statuatillum
2041 2234 2223 2274 unum

577 2307 783 2380 Deum,
808 2309 864 2363 in
885 2310 1051 2378 cujus
1072 2313 1128 2364 et
1144 2308 1275 2364 sinu
1295 2307 1647 2363 describitur
1663 2308 1931 2364 aJoanne
1976 2323 2221 2381 evange-

574 2396 727 2453 lista.
747 2399 897 2454 Audi
917 2399 1148 2469 utique1
1179 2398 1373 2470 ipsum
1393 2396 1743 2452 clamantem
1764 2401 1821 2453 et
1838 2396 2127 2451 dicentem
2149 2396 2221 2451 de

574 2486 977 2543 invisibilitate
1008 2486 1426 2558 omnipotentis
1448 2486 1570 2556 Dei,
1592 2486 1744 2557 quod
1770 2491 1945 2541 Deum
1957 2501 2115 2540 nemo
2134 2488 2221 2540 vi-

577 2578 661 2633 dit
686 2594 958 2648 unquam;
990 2577 1310 2647 unigenitus
1343 2577 1517 2630 Filius
1546 2576 1641 2646 qui
1669 2582 1745 2630 est
1774 2576 1834 2629 in
1863 2576 1991 2630 sinu
2039 2575 2222 2629 Patris

576 2668 693 2739 ipse
724 2668 973 2721 narravit
1005 2668 1182 2735 (Joan.
1217 2684 1254 2733 1,
1292 2667 1399 2736 18).
1434 2665 1580 2718 Hinc
1628 2665 1955 2719 instructus
2006 2662 2220 2718 Paulus

576 2755 808 2827 clamat,
830 2760 886 2810 et
905 2755 1083 2812 dicit:
1112 2756 1311 2809 Beatus
1328 2759 1380 2810 et
1396 2754 1547 2808 solus
1566 2757 1774 2823 potens,
1799 2753 1911 2807 Rex
1953 2768 2143 2823 regum
2170 2755 2222 2807 et

572 2844 833 2900 Dominus
842 2844 1373 2917 dominantium;qui
1382 2843 1531 2897 solus
1547 2842 1709 2897 habet
1723 2843 1744 2896 i
1750 2843 2195 2897 mmortalitatem
2205 2882 2218 2909 ,

575 2938 627 2990 et
656 2935 833 2989 lucem
863 2934 1079 2989 habitat
1110 2932 1579 2997 inaccessibilem;
1603 2948 1763 3003 quem
1784 2932 1920 2986 vidit
1937 2932 2219 2985 hominum

579 3038 759 3091 nemo,
778 3040 950 3095 neque
974 3023 1160 3079 videre
1177 3026 1385 3093 potest;
1402 3023 1493 3077 cui
1507 3022 1683 3076 honor
1696 3024 1750 3075 et
1766 3024 2000 3091 potestas
2024 3021 2082 3073 in
2112 3034 2218 3075 sae-

579 3113 725 3167 cula.
761 3114 924 3168 Amen
958 3114 1171 3184 (IgTim.
1206 3129 1280 3179 v1,
1315 3111 1405 3178 45,
1438 3112 1546 3178 16).
1572 3110 1651 3165 De
1674 3109 1779 3165 hoc
1799 3108 2009 3163 iterum
2034 3109 2215 3164 dicit:

579 3202 693 3256 Soli
721 3204 958 3273 sapienti
984 3205 1113 3267 Deo,
1143 3218 1241 3273 per
1270 3205 1458 3257 Jesum
1490 3200 1785 3267 Christum,
1819 3199 1910 3253 cui
1935 3199 2116 3270 gloria
2159 3200 2218 3254 in

572 3295 797 3349 saecula.
830 3295 999 3349 Amen
1029 3295 1204 3365 (Rom.
1238 3310 1354 3363 xw,
1389 3292 1502 3351 27).
1542 3291 1609 3345 Et
1638 3290 1766 3346 ideo
1799 3307 1954 3346 unus
1999 3290 2154 3346 Deus
2184 3307 2218 3346 a

573 3384 743 3439 nobis
761 3382 1192 3456 pronuntiatur,
1217 3381 1355 3454 quia
1372 3396 1525 3436 unus
1537 3384 1625 3436 est
1645 3395 1823 3451 super
1842 3379 2039 3435 omnia
2063 3384 2214 3436 Deus

566 3470 829 3541 innatus,
854 3474 1123 3541 infectus,
1150 3476 1214 3527 ut
1235 3469 1529 3544 prosecuti
1547 3486 1774 3525 sumus.
1795 3468 1999 3524 Filium
2015 3473 2210 3525 autem

566 3567 770 3617 natum
802 3562 851 3618 si
885 3562 1062 3619 Paulo
1096 3579 1209 3617 non
1240 3561 1429 3616 credis
1460 3558 1696 3631 dicenti,
1755 3558 2209 3632 primogenitum

565 3652 846 3708 universe
878 3656 1187 3709 creaturas:
1219 3650 1306 3707 vel
1336 3650 1451 3723 ipsi
1484 3649 1622 3705 Filio
1654 3649 1824 3704 credo
1855 3648 2072 3704 dicenti
2133 3648 2205 3703 ad

562 3739 837 3809 Pilatum,
871 3759 1003 3797 cum
1035 3742 1086 3797 ei
1118 3741 1356 3811 diceret,
1389 3743 1529 3810 Ergo
1558 3747 1617 3794 tu
1647 3755 1753 3793 rea:
1780 3738 1871 3793 es?
1917 3737 2011 3792 Ait
2041 3736 2203 3793 Chri-

561 3834 708 3898 stus,
734 3833 839 3901 Ego
872 3833 931 3886 in
962 3831 1058 3886 hoc
1084 3833 1247 3887 natus
1273 3845 1399 3883 sum
1431 3828 1608 3899 (Joan.
1640 3843 1796 3892 xvm,
1829 3827 1940 3898 37).
1986 3827 2201 3883 Natum

558 3917 685 3989 lego
718 3919 990 3991 proﬁteor
1019 3920 1174 3992 quod
1204 3918 1362 3990 lego:
1398 3916 1851 3989 primogenitum
1884 3915 2031 3988 lego,
2084 3933 2199 3973 non

556 4007 893 4065 discredo2:
931 4009 1295 4081 unigenitum
1330 4007 1477 4077 lego,
1511 4005 1743 4061 etiamsi
1776 4005 1845 4060 ad
1881 4005 2195 4077 equuleum

553 4100 897 4170 suspendar,
922 4099 1090 4155 aliter
1105 4114 1220 4153 non
1235 4114 1367 4152 sum
1387 4096 1679 4150 dicturus:
1697 4094 1847 4166 quod
1869 4096 2195 4153 docentnos

550 4194 765 4243 sanctae
782 4188 1113 4260 Scriptura,
1140 4187 1431 4258 proﬁteor.
1462 4185 1546 4239 Tu
1567 4183 1719 4239 enim
1738 4183 1836 4256 qui
1858 4184 2004 4240 dicis
2037 4186 2191 4257 quod

547 4291 702 4331 unus
724 4276 802 4330 sit
822 4280 991 4330 Pater
1006 4280 1062 4329 et
1082 4274 1281 4342 Filius,
1306 4273 1397 4328 dic
1420 4272 1647 4327 Patrem
1680 4272 2068 4343 unigenitum,
2099 4273 2191 4330 dic

542 4363 1001 4437 primogenitum
1027 4380 1039 4418 :
1075 4363 1165 4419 dic
1195 4379 1322 4434 qua:
1355 4365 1492 4416 sunt
1512 4361 1699 4416 Patris
1722 4360 1779 4415 in
1806 4360 1968 4427 Filio,
1989 4362 2079 4417 dic
2100 4362 2190 4417 Fi-

540 4450 687 4507 lium
722 4452 1107 4525 unigenitum,
1136 4452 1228 4508 dic
1257 4451 1548 4517 innatum,
1582 4450 1673 4505 dic
1699 4450 1837 4521 quia
1858 4466 2028 4505 nemo
2050 4468 2183 4507 eum

537 4540 683 4596 vidit
713 4558 993 4613 unquam,
1029 4557 1216 4612 neque
1244 4540 1437 4595 videre
1469 4542 1672 4610 potest.
1707 4542 2063 4611 Prosequere
2112 4541 2184 4597 de

538 4628 756 4700 Spiritu
781 4635 983 4686 sancto
1005 4628 1431 4701 taliaqualiade
1449 4628 1614 4683 Patre
1632 4626 2179 4700 legimus,utaequa-

535 4717 649 4775 lem
669 4721 942 4776 ostendas
958 4719 1237 4792 Spiritum
1260 4723 1527 4774 sanctum
1551 4717 2177 4788 Patri.Dic,rogo,habe

534 4824 627 4864 me
650 4809 1026 4881 discipulum.
1048 4809 1401 4879 Prosequere
1432 4808 1502 4861 de
1521 4805 1681 4871 Filio,
1704 4808 1857 4877 quod
1889 4805 2067 4862 Filius
2099 4808 2176 4863 sit

529 4903 790 4967 innatus,
824 4900 977 4970 quod
1011 4898 1085 4953 sit
1102 4898 1227 4953 sine
1240 4896 1481 4968 origine.
1500 4896 1561 4950 Si
1581 4895 1844 4965 aeqnalis,
1865 4896 2063 4966 utique
2084 4904 2169 4952 ta-

524 4985 637 5054 lis;
672 4987 720 5043 si
753 4986 907 5055 talis,
942 4988 1141 5058 utique
1174 4987 1450 5041 innatus:
1487 4984 1535 5039 si
1562 4984 1819 5050 innatus,
1846 4983 2045 5055 utique
2065 5002 2168 5042 nec

519 5075 667 5131 vidit
696 5093 828 5133 eum
860 5077 1167 5148 quisquam
1199 5074 1526 5130 hominum.
1584 5077 1667 5127 Da
1720 5072 2077 5147 testimonia,
2110 5080 2168 5132 et

515 5165 760 5233 instrue,
792 5172 849 5222 et
875 5167 1035 5235 doce,
1068 5172 1124 5221 et
1144 5163 1385 5219 habebis
1417 5178 1509 5217 me
1538 5160 1910 5231 discipulum.

588 5258 674 5312 14.
705 5262 849 5313 AUG.
885 5258 1058 5314 dixit:
1090 5260 1136 5312 A
1162 5256 1324 5312 vobis
1351 5271 1536 5309 unum
1568 5258 1751 5308 Deum
1784 5253 1892 5308 coli
1940 5254 2157 5325 dixisti,

513 5345 666 5401 sicut
691 5352 745 5402 te
775 5347 1048 5419 loquente
1081 5341 1959 5416 adverterepotui:consequens
1985 5349 2072 5400 est
2093 5349 2159 5401 ut

510 5439 610 5489 aut
628 5453 743 5492 non
762 5436 962 5493 colatis
988 5436 1307 5500 Christum,
1332 5438 1434 5489 aut
1456 5449 1570 5488 non
1594 5447 1775 5486 unum
1802 5433 1976 5488 Deum
2002 5434 2154 5490 cola-

506 5522 603 5588 tis,
636 5527 736 5580 sed
770 5528 935 5581 duos.
971 5525 1176 5581 Dixisti
1212 5524 1386 5579 etiam
1419 5523 1489 5577 de
1521 5522 1707 5588 Patre,
1743 5522 1897 5593 quod
1928 5523 1999 5577 ad
2041 5523 2149 5579 bu-

506 5628 680 5666 mana
710 5616 980 5688 contagia
1011 5620 1067 5672 et
1097 5616 1165 5670 ad
1184 5614 1503 5669 humanam
1520 5628 1752 5667 carnem
1771 5628 1887 5667 non
1909 5612 2149 5670 descen-

564 5776 580 5840 t
614 5773 673 5840 in
702 5774 1083 5840 MssaAAudivi
1111 5776 1300 5840 utique.

558 5836 580 5871 ²
610 5835 695 5886 Sic
724 5838 840 5889 Am.
868 5838 955 5891 Er.
985 5843 1037 5889 et
1064 5834 1285 5891 MssCAt
1311 5838 1437 5889 Lov.
1462 5834 1645 5897 habet,
1673 5834 1922 5901 discrepo.

1830 476 1896 536 S.
1944 475 2367 539 AUGUSTINI
2412 475 2763 538 EPISCOPI

3875 485 3970 544 720

2341 607 2510 664 derit.
2529 608 2585 665 Si
2608 612 2754 665 torte
2775 608 2988 665 nescis.
3013 608 3283 681 contagia
3309 610 3408 667 ubi
3431 611 3971 687 dicuntur,aliquam

2341 697 2893 754 contaminationem
2907 698 3264 771 signiﬁcant:
3284 700 3522 759 voluisti
3546 719 3687 776 ergo
3706 703 3969 761 Christum

2341 784 2585 859 intelligi
2615 786 2841 844 venisse
2870 789 2941 844 ad
2960 787 3225 845 humana
3242 791 3513 865 contagia
3533 808 3545 847 :
3566 809 3708 866 ergo
3735 793 3969 851 humana

2339 890 2512 931 carne
2530 876 2906 949 inquinatum
2926 878 3228 950 professus
3244 896 3305 935 es
3322 880 3649 937 Christum.
3670 883 3783 956 Ego
3799 889 3967 940 autem

2338 963 2489 1033 dico,
2510 965 2627 1022 imo
2644 966 2930 1023 catholica
2947 967 3117 1036 ﬁdes,
3140 985 3316 1040 quam
3334 986 3471 1026 cum
3492 970 3755 1028 Ecclesia
3778 972 3967 1029 Christi

2338 1058 2526 1128 teneo,
2539 1057 2847 1114 Dominum
2866 1060 3171 1116 nostrumJ
3178 1077 3277 1116 esu
3288 1061 3654 1119 mChristum
3674 1063 3759 1119 sic
3774 1064 3969 1121 factum

4004 930 4011 972 l

2336 1160 2464 1202 esse
2488 1146 2741 1203 Verbum
2774 1164 3030 1216 carnem,
3064 1152 3129 1205 ut
3145 1148 3308 1205 nulla
3322 1150 3393 1207 de
3416 1150 3677 1208 humano
3703 1168 3902 1226 genere
3924 1158 3972 1209 et

2335 1234 2406 1291 de
2436 1234 2696 1293 humana
2726 1253 2900 1293 carne
2930 1238 3199 1311 contagia
3254 1243 3568 1311 pateretur.
3616 1244 3793 1299 Venit
3831 1242 3969 1299 enim

2318 1325 2639 1393 mundare,
2680 1343 2793 1383 non
2824 1327 3212 1400 coinquinari.
3248 1328 3520 1402 Suscepit
3553 1347 3693 1404 ergo
3729 1332 3971 1389 animam

2334 1412 2676 1484 humanam,
2696 1421 2752 1471 et
2769 1432 3002 1473 carnem
3020 1417 3341 1474 humanam
3360 1418 3487 1475 sine
3514 1418 3637 1475 ulla
3664 1427 3825 1492 peste
3840 1438 3971 1479 con-

2333 1503 2503 1576 tagii:
2541 1509 2596 1561 et
2628 1511 2961 1578 utrumque,
2997 1506 3053 1561 id
3082 1513 3172 1563 est
3200 1512 3256 1563 et
3286 1508 3543 1565 animam
3573 1512 3892 1567 humanam
3925 1517 3977 1569 et
4009 1549 4011 1553 ς

2333 1610 2566 1651 carnem
2584 1594 2992 1664 humanam,in
3012 1613 3074 1653 se
3090 1596 3217 1669 ipso
3231 1597 3456 1654 salvare
3467 1598 3746 1671 dignatus
3759 1600 3969 1657 estSed

2332 1683 2471 1755 quia
2492 1685 2563 1739 de
2594 1685 2723 1757 ejus
2753 1684 3159 1742 invisibilitate
3188 1687 3435 1757 veritati,
3469 1692 3763 1760 quantum
3796 1690 3969 1763 video,

2331 1798 2445 1838 non
2477 1783 2561 1839 vis
2592 1784 2978 1856 acquiescere,
3012 1801 3151 1857 rogo
3184 1789 3248 1840 ut
3276 1784 3497 1858 cogites
3511 1787 3837 1843 secundum
3857 1806 3973 1845 car-

2332 1889 2463 1928 nem
2476 1878 2533 1928 et
2546 1874 2869 1929 secundum
2884 1873 3180 1930 hominem
3197 1874 3377 1931 fuisse
3388 1874 3969 1934 visibilemChristum

2328 1961 2475 2017 Nam
2502 1962 2826 2018 secundum
2860 1962 2916 2017 id
2953 1963 3109 2034 quod
3166 1962 3423 2019 Verbum
3477 1969 3568 2020 est
3628 1967 3778 2022 Deus
3824 1968 3973 2039 apud
4010 1994 4011 2003 ι

2330 2051 3079 2124 l)eum,etipseinvisibilis
3095 2056 3202 2109 est.
3222 2052 3515 2124 Sapientia
3544 2054 3647 2111 Dei
3681 2060 3773 2112 est
3816 2054 3975 2112 Chri-

2328 2145 2458 2196 stus
2474 2156 2487 2196 :
2511 2140 2587 2195 bu
2599 2158 2771 2197 mana
2787 2140 3073 2213 sapientia
3088 2142 3402 2199 invisibilis
3419 2147 3509 2199 est
3524 2169 3539 2212 ;
3558 2148 3616 2200 et
3638 2145 3732 2201 Dei
3751 2146 3977 2218 sapien-
4000 2145 4011 2157 “

2327 2228 2408 2285 tia
2424 2229 2674 2287 visibilis
2690 2230 2834 2287 erit?
2850 2232 3143 2295 Quantum
3161 2248 3296 2305 ergo
3314 2232 3523 2289 attinet
3537 2234 3608 2289 ad
3626 2233 3789 2290 illam
3808 2242 3974 2292 natu-

2328 2335 2452 2374 ram
2470 2318 2529 2374 in
2548 2336 2665 2391 qua
2679 2318 2920 2391 aequalis
2937 2325 3025 2376 est
3040 2320 3219 2393 Patri,
3252 2321 3470 2393 pariter
3492 2327 3582 2379 est
3615 2325 3791 2393 Deus,
3825 2326 3977 2398 pari-

2326 2409 2817 2480 teromnipotens,
2837 2408 3393 2480 pariterinvisibilis,
3424 2411 3640 2482 pariter
3670 2412 3977 2472 immorta-

2324 2495 2629 2552 lis.Dixisti
2644 2497 2839 2569 etiam,
2874 2506 3160 2570 quantum
3184 2498 3427 2567 adverti,
3459 2500 3542 2555 sic
3568 2502 3976 2575 accipiendum

2326 2601 2452 2640 esse
2470 2586 2622 2656 quod
2639 2585 3065 2658 aitApostolus,
3085 2586 3192 2655 Qui
3214 2588 3363 2643 solus
3389 2587 3549 2644 habet
3569 2591 3978 2648 immortalita-

2326 2678 2431 2764 tem
2444 2676 2488 2746 (Ι
2505 2675 2934 2747 (Tim.vr,16);ut
2950 2675 3007 2730 in
3022 2675 3133 2764 hac
3144 2677 3432 2733 sententia
3444 2677 3780 2735 solusPater
3792 2682 3978 2755 accipi
4002 2738 4012 2764 1

2326 2762 2550 2819 debeat.
2578 2764 2721 2835 Ergo
2754 2766 3007 2819 Verbum
3038 2763 3141 2820 Dei
3175 2765 3419 2821 mortale
3434 2765 3519 2823 vis
3540 2768 3708 2823 esse?
3729 2769 3977 2841 Sapien-

2325 2850 2406 2907 tia
2434 2851 2529 2907 Dei
2553 2869 2666 2907 non
2688 2858 2777 2908 est
2795 2853 3143 2908 immortalis
3164 2855 3487 2910 secundum
3508 2859 3582 2912 te.
3607 2856 3733 2913 Non
3758 2858 3975 2915 intelli-

2325 2940 2414 3011 gis
2442 2940 2579 3012 quia
2610 2958 2724 2997 non
2756 2942 3042 3014 potuisset
3073 2942 3189 2998 ullo
3221 2944 3392 2999 modo
3424 2946 3571 3000 mori
3603 2946 3814 3019 Filius,
3863 2950 3977 3006 nisi

2325 3056 2557 3094 carnem
2583 3040 2887 3095 mortalem
2911 3040 3308 3113 sussepisseta
3332 3042 3540 3099 nobis?
3560 3045 3823 3117 Denique
3846 3064 3981 3105 caro

2323 3127 2383 3183 in
2406 3128 2504 3184 illo
2526 3134 2755 3185 mortua
2785 3135 2894 3195 est,
2914 3147 3029 3185 non
3047 3130 3171 3203 ipse
3197 3136 3463 3188 mortuus
3485 3138 3574 3188 est
3591 3141 3889 3205 quantum
3909 3140 3977 3193 ad

2322 3217 2528 3283 Deum,
2554 3218 2821 3290 pertinet,
2846 3223 3133 3290 quantum
3150 3219 3221 3274 ad
3245 3218 3608 3277 divinitatem
3621 3224 3984 3298 attinet;qua

2322 3306 2561 3379 aequalis
2591 3312 2681 3364 est
2709 3309 2878 3364 Patri.
2919 3308 3011 3364 Sic
3053 3308 3209 3364 enim
3254 3308 3596 3367 hominibus
3644 3313 3748 3382 ait,
3799 3316 4011 3372 Nolite

2320 3399 2511 3453 timere
2539 3413 2630 3454 eos
2659 3398 2757 3469 qui
2783 3412 2974 3469 corpus
3001 3396 3275 3463 occidunt,
3306 3404 3361 3454 et
3374 3403 3564 3471 postea
3610 3417 3725 3457 non
3779 3402 3985 3461 habent

2318 3486 2449 3558 quid
2479 3489 2692 3559 faciant
2723 3487 2875 3561 (Luc.
2898 3503 3001 3553 xu,
3031 3486 3118 3559 4);
3154 3486 3289 3558 quia
3319 3487 3516 3543 anima
3544 3490 3699 3545 mori
3732 3509 3855 3548 non
3879 3511 3980 3566 po-

2316 3580 2461 3645 test;
2494 3576 2750 3632 Verbum
2786 3576 2882 3633 Dei
2914 3576 3060 3632 mori
3091 3575 3322 3648 potest?
3350 3577 3649 3650 Sapientia
3686 3580 3790 3636 Dei
3828 3564 3978 3639 mori
4010 3564 4011 3579 χ

2314 3665 2538 3738 potest?
2560 3665 2905 3738 Unigenitus
2925 3665 3022 3721 ille
3046 3682 3158 3721 non
3172 3672 3481 3739 assumpta
3506 3683 3686 3725 carne
3712 3672 3872 3727 mori
3887 3690 3983 3742 po-

2312 3755 2463 3810 tuit?
2493 3758 2810 3828 Assumpta
2838 3759 3033 3810 autem
3063 3770 3235 3810 carne
3266 3770 3381 3826 qua
3411 3754 3602 3812 factus
3633 3763 3730 3813 est
3770 3758 3977 3826 homo,

2308 3844 2461 3899 sicut
2489 3844 2773 3916 aequalem
2804 3859 2866 3899 se
2898 3842 3057 3899 novit
3085 3845 3315 3915 quando
3346 3842 3505 3910 dicit,
3546 3846 3658 3917 Ego
3707 3856 3771 3903 et
3812 3850 3987 3905 Pater

2305 3949 2482 3988 unum
2509 3950 2699 3989 sumus
2730 3934 2908 4005 (Joan.
2932 3952 2984 4001 ι,
3020 3933 3145 4004 30);
3178 3932 3262 3989 sic
3306 3948 3368 3988 se
3426 3932 3588 3988 novit
3643 3934 3978 4004 minorem,
4010 3982 4011 4019 ι

2306 4023 2444 4094 quia
2480 4023 2705 4079 Verbum
2724 4038 2853 4079 caro
2867 4025 3089 4079 Factum
3115 4030 3213 4088 est,
3244 4030 3295 4078 et
3310 4021 3582 4077 habitavit
3607 4024 3671 4078 in
3696 4028 3974 4097 nobis(ld.

2303 4128 2341 4177 ι,
2377 4112 2484 4183 14).
2517 4113 2634 4168 Νοη
2686 4113 2944 4183 rapinam
2974 4110 3283 4167 arbitratus
3308 4114 3389 4167 est
3418 4126 3533 4167 esse
3561 4115 3810 4183 aequalis
3841 4117 3969 4172 Dec.
4006 4102 4012 4115 ’

2301 4209 2521 4265 Natura
2550 4208 2705 4265 enim
2738 4214 2881 4280 erat,
2913 4226 3028 4265 non
3061 4208 3297 4281 rapina:
3329 4225 3445 4265 non
3466 4208 3625 4265 enim
3650 4216 3981 4286 usurpavit

2300 4296 2535 4369 hoc,sed
2551 4302 2725 4354 natus
2736 4302 2826 4354 est
2843 4298 3126 4355 hoc.Veru
3136 4303 3392 4353 mtamen
3412 4301 3793 4371 semetipsum
3804 4306 3977 4359 exin-
4010 4334 4011 4355 ι

2296 4385 3487 4459 anivit,formamserviaccipiensmgnovisti
3505 4388 3972 4462 aequalemjam

2296 4412 2469 4442 unwu
2482 4412 2516 4459 ,Ι
2525 4412 2736 4442 armum
2745 4412 2887 4443 361⁷οῖ
2899 4412 3438 4459 ιιεσιμῑεηδωιςυυνιδ
3446 4412 3487 4442 ιι
3505 4412 3812 4459 aequalem
3824 4412 3972 4462 ,λειω

2292 4476 2484 4548 incipe
2504 4491 2818 4549 agnoscere
2838 4476 3145 4532 minorem:
3158 4479 3399 4547 formam
3415 4478 3563 4532 servi
3580 4481 3975 4551 acmpiensﬁn
4006 4412 4012 4527 Α

2290 4565 2717 4621 similitudinem
2746 4565 3032 4621 hominum
3060 4568 3259 4637 factus,
3280 4574 3332 4621 et
3360 4565 3558 4621 habitu
3588 4568 3877 4626 inventus
3907 4580 3972 4625 ut
4006 4578 4012 4661 ι

2288 4654 2727 4727 homo(Philipp,
2751 4672 2811 4725 ιι,
2845 4656 2900 4726 6,
2929 4656 3005 4727 7).
3040 4656 3182 4711 Ecce
3221 4670 3339 4727 qua
3384 4654 3573 4711 forma
3619 4660 3832 4729 major
3874 4664 3971 4715 est
4009 4654 4011 4693 ἶ

2283 4748 2483 4798 Pater:
2521 4743 2784 4799 discerne
2813 4744 3312 4816 dispensationem
3342 4743 3599 4815 suscepti
3618 4744 3908 4804 hominis
3932 4765 3968 4803 a
4009 4766 4011 4805 γ

2285 4836 2557 4887 manente
2590 4832 3000 4887 immortaliter
3031 4832 3354 4899 divinitate,
3387 4839 3444 4887 et
3471 4848 3590 4889 non
3651 4851 3837 4893 erras
3902 4837 3965 4892 in

2280 4921 2493 4987 verbis,
2510 4934 2637 4991 quae
2660 4920 2909 4976 multum
2940 4938 3104 4976 amas
3126 4920 3337 4987 dicere,
3356 4924 3411 4977 et
3425 4936 3491 4976 ea
3514 4938 3633 4977 non
3667 4923 3963 4996 dignaris

2278 5026 2501 5080 sapere.
2518 5009 2794 5065 Proﬁteor
2805 5014 3021 5075 autem,
3048 5010 3200 5065 sicut
3222 5008 3368 5065 dicis
3382 5009 3609 5065 Patrem
3630 5010 3961 5080 innatum,

2276 5099 2487 5155 Filium
2507 5104 2729 5155 natum.
2754 5100 2862 5156 Sed
2884 5116 2996 5155 non
3018 5100 3144 5155 ideo
3162 5103 3301 5154 sunt
3320 5086 3562 5154 diverse
3583 5105 3827 5158 natura:
3858 5110 3959 5159 at-

2273 5205 2387 5270 que
2404 5187 2765 5256 substantiae,
2790 5188 2925 5261 quia
2942 5188 3037 5245 ille
3051 5205 3164 5244 non
3184 5194 3357 5244 natus
3369 5192 3477 5255 est,
3495 5186 3597 5244 ille
3614 5198 3807 5246 natus
3826 5196 3950 5249 est.

2271 5287 2496 5342 Etenim
2531 5287 2579 5341 si
2614 5291 2787 5341 natus
2808 5291 2915 5355 est,
2940 5286 3122 5342 Filius
3151 5290 3267 5342 est:
3294 5285 3343 5341 si
3390 5284 3571 5341 Filius
3600 5292 3722 5353 est,
3754 5305 3949 5345 verus
4007 5304 4012 5323 ι

2268 5376 2449 5432 Filius
2465 5376 2719 5447 est,quia
2736 5376 3345 5448 unigenitusest.Nam
3359 5380 3533 5431 etnos
3546 5375 3696 5432 dicti
3723 5394 3951 5435 sumus

2266 5464 2399 5519 ﬁlii:
2424 5464 2525 5521 sed
2542 5463 2825 5536 numquid
2844 5464 3349 5537 unigenitisumus
3363 5461 3604 5519 totﬁlii?
3626 5462 3950 5523 Aliterille
4010 5480 4011 5539 1

2266 5554 2441 5610 Filius
2465 5553 2830 5626 unigenitus:
2856 5552 2957 5610 illo
2990 5559 3198 5609 natura
3220 5551 3423 5619 Filius,
3441 5568 3549 5607 nos
3571 5553 3773 5625 gratia
3788 5554 3945 5613 ﬁlii:
4010 5574 4011 5615 ξ

2258 5642 2355 5699 ille
2384 5643 2753 5716 unigenitum
2786 5643 2858 5699 de
2888 5648 3056 5699 Patre
3088 5647 3282 5711 natus,
3315 5641 3425 5697 hoc
3441 5645 3533 5697 est
3556 5643 3722 5715 quod
3753 5643 3947 5702 Pater

2257 5734 2581 5791 secundum
2597 5733 3221 5801 naturam,secundum
3241 5728 3661 5788 substantiam.
3678 5730 3799 5796 Qui
3820 5750 3941 5790 an-
4010 5782 4011 5791 χ

2252 5829 2373 5883 tam
2390 5822 2674 5880 diciteum
2691 5828 2999 5897 propterea
3011 5823 3150 5897 quia
3161 5826 3336 5882 natus
3361 5823 3472 5893 est,
3504 5819 3637 5880 ideo
3660 5820 3938 5885 alterius
