4040 6466
137 395 240 457 ’721

142 542 259 583 esse
297 527 536 590 naturas,
570 529 745 596 negat
782 540 982 579 verum
1016 524 1224 580 ﬁlium.
1260 525 1553 580 Habemus
1580 529 1775 580 autem

139 615 495 686 Scripuram:
523 614 584 669 Ut
614 615 788 668 simus
825 614 881 669 in
903 631 1028 670 vero
1057 616 1198 670 Filio
1227 617 1342 687 ejus
1369 617 1494 671 Jesu
1529 615 1736 669 Christo
1760 633 1772 682 ;

135 708 241 777 ipse
259 712 332 759 est
351 703 492 758 Deus
514 720 672 759 verus
703 708 752 759 et
773 706 883 758 vita
912 708 1122 760 mterna
1145 705 1187 772 (Ι
1211 707 1370 761 Joan.
1389 722 1442 771 v,
1463 705 1572 776 20).
1591 707 1776 770 Quare

132 810 282 850 verus
301 793 472 848 Deus?
495 793 639 858 Quia
657 809 826 848 verus
841 793 936 848 Dei
957 793 1224 848 Filius.Si
1246 794 1401 848 enim
1427 793 1778 849 animalibus

70 908 86 920 τ
133 883 284 939 dedit
305 887 367 936 ut
393 898 507 936 non
531 887 812 954 generant
830 882 940 937 nisi
959 883 1110 954 quod
1127 888 1284 948 sunt;
1304 883 1474 938 homo
1499 883 1774 937 hominen

131 976 380 1044 generat,
402 959 564 1026 canis
588 977 886 1037 canem,et
911 977 1064 1026 Deus
1086 971 1266 1026 Deum
1290 988 1403 1025 non
1431 976 1694 1042 generat?
1716 971 1774 1025 Si

131 1077 258 1132 ergo
289 1059 552 1130 ejusdem
581 1060 923 1115 substantiis
944 1065 1051 1128 est,
1077 1078 1255 1130 quare
1278 1061 1424 1114 dicis
1447 1061 1776 1115 minorem?

129 1152 209 1205 An
248 1149 409 1214 forte,
437 1147 576 1220 quia
598 1148 773 1204 homo
806 1153 973 1220 pater
1005 1150 1242 1221 quando
1292 1154 1530 1220 generat
1562 1148 1772 1216 tilium,

130 1237 230 1294 etsi
261 1236 434 1292 homo
457 1236 755 1292 hominem
780 1242 1040 1308 generat,
1065 1243 1260 1292 tamen
1285 1239 1467 1308 major
1488 1237 1774 1293 minorem

128 1325 814 1400 generatPExspectemus
839 1343 975 1398 ergo
1001 1331 1062 1381 ut
1086 1331 1308 1382 crescat
1332 1326 1614 1394 Christus,
1639 1341 1777 1398 qu0'

129 1416 289 1471 modo
312 1418 582 1469 crescunt
607 1414 876 1470 homines
919 1431 1064 1486 quos
1096 1419 1377 1486 generant
1397 1414 1687 1470 homines.
1716 1415 1774 1471 Si

61 1513 74 1523 ‘
126 1509 309 1560 autem
333 1503 603 1559 Christus
626 1519 692 1559 ex
719 1521 833 1576 quo
849 1509 1021 1559 natus
1037 1505 1307 1576 est,quod
1331 1521 1443 1559 non
1467 1509 1554 1560 est
1574 1522 1606 1560 a
1626 1509 1773 1560 tem-

125 1609 275 1665 pore,
310 1593 411 1647 sed
436 1593 508 1647 ab
539 1593 880 1660 aeternitate,
919 1594 1073 1664 quod
1106 1598 1195 1648 est
1223 1593 1330 1648 hoc
1363 1598 1469 1664 est,
1489 1598 1546 1649 et
1577 1599 1773 1650 tamen

126 1681 307 1736 minor
326 1685 417 1735 est
439 1699 454 1749 ;
484 1680 691 1736 melior
719 1686 809 1736 est
832 1681 1093 1736 humana
1115 1682 1370 1737 conditio
1402 1699 1414 1736 :
1442 1683 1579 1754 quia
1600 1683 1773 1740 homo

123 1769 204 1825 vel
257 1786 518 1826 crescere
550 1775 758 1841 potest,
812 1775 869 1826 et
919 1771 1234 1840 aliquando
1274 1771 1468 1827 venire
1500 1772 1673 1827 habet
1702 1773 1800 1842 ad.

124 1863 335 1914 (etatem
364 1859 551 1930 patris
595 1858 707 1930 sui,
737 1859 808 1914 ad
851 1860 1028 1915 robur
1069 1860 1255 1931 patris
1303 1860 1427 1927 sui;
1479 1860 1596 1930 ille,
1630 1878 1774 1915 nun-

125 1965 289 2020 quam
324 1950 620 2020 quomodo
652 1965 825 2004 verus
858 1948 1015 2003 ﬁlius
1041 1949 1117 2020 (α)
1139 1948 1379 2021 ?Usque
1411 1950 1551 2006 adeo
1577 1955 1771 2005 autem

60 2103 78 2115 κ
128 2037 320 2093 Filium
357 2037 738 2110 agnoscimus
775 2043 962 2093 Deum
996 2055 1300 2109 magnum,
1335 2043 1398 2094 ut
1427 2039 1581 2094 Patri
1615 2040 1770 2094 dica-

129 2143 251 2181 mus
283 2126 588 2198 aequalem.
626 2127 829 2198 Itaque
849 2127 974 2182 sine
1005 2143 1181 2182 causa
1209 2127 1397 2188 nobis.
1422 2129 1576 2199 quod
1607 2128 1772 2185 valde

135 2217 485 2289 profitemur,
517 2217 871 2273 testimoniis
903 2222 959 2273 et
989 2217 1362 2290 multiloquio
1395 2220 1637 2291 probare
1669 2237 1770 2276 vo-

127 2306 297 2362 luisti.
347 2306 501 2362 Dicit
545 2313 764 2373 autem,
810 2309 981 2362 Deum
1030 2324 1210 2364 meum
1243 2317 1291 2362 et
1319 2310 1490 2364 Deum
1537 2318 1772 2365 vestrum

126 2398 296 2467 (Joan.
327 2413 421 2463 xx,
467 2397 579 2468 17);
622 2397 931 2452 attendens
976 2397 1223 2452 formam
1275 2397 1509 2453 honinis
1563 2399 1619 2453 in
1655 2416 1772 2470 qua

125 2490 256 2540 erat.
289 2485 567 2540 Ceterum
599 2489 883 2556 quantum
917 2485 1122 2541 attinet
1172 2487 1242 2541 ad
1272 2486 1412 2543 illud
1439 2489 1592 2559 quod
1627 2489 1772 2544 dixit

121 2575 386 2645 Joannes,
419 2575 480 2629 In
523 2576 801 2646 principio
839 2579 961 2631 erat
1011 2576 1263 2644 Verbum,
1299 2585 1348 2632 et
1385 2579 1607 2632 Verbum
1654 2582 1771 2634 erat

61 2707 74 2722 π
120 2665 258 2736 apud
285 2666 480 2730 Deum,
515 2669 565 2720 et
623 2667 761 2722 Deus
791 2671 907 2722 erat
940 2667 1190 2723 Verbum
1219 2668 1318 2736 (Ii.
1354 2686 1392 2736 1,
1429 2669 1499 2737 1);
1534 2686 1647 2725 non
1681 2673 1770 2725 est

123 2754 279 2809 Pater
307 2755 410 2810 Dei
449 2756 620 2822 Deus,
656 2756 756 2810 sed
786 2755 940 2812 Deus
969 2760 1057 2812 est
1085 2757 1319 2824 Christi,
1349 2758 1485 2830 quia
1501 2759 1768 2814 Christus

121 2843 300 2899 factus
331 2848 421 2900 est
454 2843 650 2899 homo.
686 2843 850 2900 Unde
875 2851 932 2900 et
963 2844 1087 2916 ipse
1119 2845 1258 2900 dicit
1285 2845 1344 2900 in
1377 2845 1770 2911 Psalmis,cur

119 2931 195 2986 illi
253 2934 329 2988 sit
370 2937 542 2989 Pater
598 2934 785 2988 Deus:
839 2935 913 2988 De
964 2942 1148 2989 ventre
1195 2935 1390 2990 matris
1447 2950 1586 2992 mea:
1633 2936 1769 2990 Deus

120 3040 264 3079 meus
289 3039 344 3078 es
375 3029 436 3079 tu
459 3025 628 3097 (Psal.
663 3041 778 3095 xxx,
811 3025 921 3092 11).
967 3025 1208 3089 Quando
1265 3027 1407 3081 dicit
1453 3027 1524 3081 de
1571 3031 1769 3082 ventre

119 3113 313 3168 matris
344 3113 457 3168 sibi
490 3112 655 3168 illum
684 3128 812 3169 esse
857 3113 1042 3168 Deum
1093 3115 1350 3170 ostendit
1380 3121 1613 3186 propter
1661 3114 1768 3170 hoc

118 3217 238 3258 esse
293 3207 474 3258 Deum
535 3202 763 3258 Patrem
827 3203 968 3269 tilio,
998 3203 1135 3274 quia
1196 3203 1368 3259 homo
1429 3209 1518 3260 est
1564 3203 1767 3270 Filius,

69 3293 430 3348 secundum
509 3293 662 3364 quod
739 3293 910 3347 Pater
970 3294 1155 3363 major
1220 3297 1308 3347 est
1367 3292 1546 3348 Filio.
1606 3291 1768 3349 Unde

119 3379 270 3435 dicit.
323 3381 490 3436 Deum
534 3396 719 3436 meum
761 3384 812 3436 et
858 3381 1027 3436 Deum
1081 3389 1337 3436 vestrum.
1395 3381 1534 3437 Inde
1578 3387 1665 3436 est
1712 3385 1769 3438 et

116 3468 210 3525 illa
264 3470 551 3542 subjectio
627 3486 805 3541 quam
881 3487 996 3525 non
1067 3471 1350 3526 debemus
1419 3471 1619 3525 mirari
1677 3488 1766 3526 se-

116 3557 365 3613 cundum
426 3557 726 3615 hominem
772 3559 1056 3614 redditam
1116 3559 1310 3625 Patri,
1371 3561 1626 3630 quando,
1688 3559 1763 3615 si-

117 3651 209 3700 cut
249 3647 534 3720 scriptum
568 3653 675 3712 est,
736 3647 911 3704 etiam
948 3648 1286 3720 parentibus
1326 3649 1598 3704 sudditus
1643 3655 1766 3705 erat

115 3734 254 3805 (Luc.
290 3753 350 3803 ιι,
381 3737 477 3805 51)
509 3753 521 3791 :
554 3741 610 3792 et
641 3737 710 3792 de
742 3735 839 3791 illo
873 3736 1155 3808 scriptum
1188 3741 1294 3805 est,
1329 3739 1623 3793 Minorasti
1641 3755 1765 3794 eum

112 3826 270 3896 paulo
298 3827 484 3882 minus
515 3827 583 3881 ab
604 3826 830 3895 Angelis
855 3825 1032 3896 (Psat.
1066 3827 1276 3898 vm,6).
1311 3827 1530 3882 Vellem
1567 3832 1761 3883 autem

115 3914 218 3971 hoc
264 3917 435 3972 etiam
487 3916 786 3989 aliquibus
834 3917 1237 3988 Sripturarum
1285 3919 1636 3975 testimoniis
1667 3921 1765 3976 do-

115 4019 266 4060 ceres
309 4022 437 4073 nos,
500 4005 600 4061 ubi
647 4005 877 4078 legatur
911 4005 1139 4062 adorari
1176 4011 1406 4062 Patrem
1460 4025 1493 4063 a
1541 4009 1760 4080 Spiritu

113 4108 326 4149 sancto.
360 4097 407 4150 A
441 4093 587 4151 Filio
611 4098 807 4150 autem
843 4094 1080 4165 accipio,
1113 4096 1341 4151 etiamsi
1366 4113 1479 4152 non
1504 4099 1761 4168 proferas

113 4182 464 4250 testimonia,
499 4182 777 4255 quoniam
811 4183 985 4238 homo
1018 4185 1221 4239 adorat
1250 4185 1465 4240 Deum1
1505 4202 1518 4240 :
1552 4187 1760 4242 admit-

111 4269 249 4325 titur
275 4272 442 4328 facile
496 4274 821 4328 secundum
875 4272 1174 4328 hominem
1216 4274 1457 4340 dictum,
1492 4276 1759 4347 quamvis

113 4375 212 4414 nec
243 4360 350 4417 hoc
374 4360 556 4434 legas.
610 4362 828 4417 Tamen
876 4361 1205 4434 specialiter
1248 4363 1318 4418 de
1360 4367 1416 4418 te
1463 4364 1648 4435 exigo,
1693 4369 1758 4420 ut

112 4447 412 4505 adoratum
447 4449 677 4505 Patrem
706 4467 739 4504 a
771 4449 987 4521 Spiritu
1024 4455 1228 4505 sancto
1258 4450 1417 4522 legas
1439 4453 1630 4521 nobis,
1656 4457 1756 4509 aut

113 4553 531 4595 commemores
564 4539 967 4594 testimonium
1002 4539 1262 4595 divinum
1301 4558 1312 4595 :
1350 4545 1413 4594 ut
1444 4541 1491 4596 si
1522 4541 1754 4598 invene-

112 4625 208 4696 ris,
243 4631 630 4700 respondeam
671 4629 964 4699 quomodo
997 4628 1051 4682 id
1105 4628 1288 4700 accipi
1338 4629 1563 4694 debeat,
1603 4630 1756 4686 sicut

112 4715 178 4769 de
207 4717 523 4787 gemitibus
571 4718 998 4788 Scripturarum
1040 4715 1285 4772 solemni
1317 4717 1607 4773 locutione
1631 4736 1754 4774 res-

111 4805 300 4875 pondi.
337 4808 499 4873 Quod
532 4813 727 4862 autem
761 4806 929 4876 dicis,
964 4807 1114 4875 quod
1149 4823 1251 4878 per
1301 4806 1456 4862 illam
1518 4808 1752 4880 copula-

112 4894 321 4950 tionem
355 4895 711 4952 ineffabilem
743 4914 857 4952 non
904 4897 982 4952 sit
1013 4914 1167 4952 unus
1198 4897 1350 4952 Deus
1394 4898 1557 4953 Pater
1585 4903 1642 4954 et
1671 4899 1756 4953 Fi-

110 4980 220 5039 lius
249 4990 306 5040 ct
335 4985 590 5057 Spiritus
622 4990 896 5054 sanctus;
932 4985 1018 5041 vis
1049 5003 1219 5041 nosse
1240 4991 1546 5057 quamtum
1565 4989 1755 5044 valeat

114 5070 224 5128 ista
253 5074 544 5146 capulatio
565 5075 592 5128 ?
621 5075 746 5130 Non
778 5092 846 5130 ex
875 5075 1265 5130 locutionibus
1298 5077 1533 5141 nostris,
1565 5077 1666 5132 sed
1687 5095 1752 5133 cx

110 5159 315 5218 divinis
359 5163 611 5235 eloquiis
653 5167 806 5219 certe
855 5163 1230 5219 manifestum
1281 5168 1368 5219 est
1415 5164 1573 5219 aliud
1625 5183 1752 5222 csse

58 5267 62 5274 ·
111 5250 376 5321 spiritum
409 5251 691 5322 hominis,
725 5252 883 5309 aliud
933 5270 1059 5309 esse
1094 5253 1367 5325 spiritum
1399 5253 1746 5326 Dominum;

109 5340 256 5396 unde
286 5341 522 5409 dicitur,
553 5343 813 5398 Dominus
860 5345 1088 5414 spiritus
1119 5343 1229 5398 est’
1259 5343 1325 5415 (ll
1360 5342 1478 5399 Cor.
1528 5361 1611 5415 ιιι,
1638 5345 1746 5418 17),

108 5427 160 5484 id
193 5437 297 5503 est,
333 5433 474 5506 quia
504 5449 716 5505 corpus
745 5450 857 5489 non
889 5438 976 5489 est
1007 5450 1020 5491 :
1055 5438 1112 5491 et
1141 5439 1337 5490 tamen
1379 5434 1459 5490 ait
1500 5437 1748 5508 Aposto-

174 5572 189 5606 ²
223 5567 306 5632 Sic
336 5569 460 5632 Mss,
492 5568 559 5616 At
578 5567 999 5632 editirquoniam
1021 5569 1101 5617 hic
1127 5569 1314 5619 adorat
1351 5571 1528 5620 Deum.

167 5633 188 5668 ³
213 5631 347 5696 Editi
364 5631 617 5696 Spiritum
652 5630 744 5696 Dei
763 5630 782 5680 Ξ
799 5631 929 5679 unde
953 5632 1142 5680 dicitur
1171 5633 1306 5682 Deus
1325 5634 1552 5696 Spiritus
1572 5637 1660 5684 est.
1685 5635 1748 5685 At

108 5695 226 5745 Mss.
255 5692 508 5757 Spiritum
541 5694 810 5757 Dominum
832 5707 852 5756 ;
885 5708 944 5742 ac
973 5696 1214 5752 subinde,
1247 5692 1382 5746 unde
1412 5697 1601 5747 dicitur
1628 5698 1746 5757 (sci-

108 5757 230 5823 licet
251 5756 298 5823 li
329 5758 449 5807 Cor.
483 5770 598 5823 cap.
621 5756 970 5823 3.)_Dominus
999 5758 1220 5823 Spiritus
1250 5761 1340 5810 est.

165 5821 241 5887 (a)
269 5821 442 5875 Serm.
474 5822 579 5882 139.
610 5832 667 5873 n.
696 5821 743 5882 3,
775 5824 904 5873 tom.
936 5823 984 5873 5.

823 391 1208 455 COLLATIO
1254 392 1414 455 CUM
1463 392 1862 458 ΜΛῊΜῙΝΟ
1909 395 2383 461 ARIANORUM
2432 398 2832 461 EPISCOPO.

3412 404 3528 462 722

1882 527 1994 593 lus,
2031 527 2137 595 Qui
2163 527 2408 583 adhaeret
2430 531 2725 599 meretrici,
2759 547 2932 586 unum
2953 547 3146 604 corpus
3172 537 3247 587 est
3265 550 3284 595 ;
3315 533 3411 604 qui
3425 550 3526 588 au-

1879 621 1988 672 tem
2015 619 2237 675 adhaere
2268 621 2500 676 Domino
2522 639 2663 676 unus
2703 625 2931 694 spiritus-
2973 629 3050 679 est
3081 626 3120 693 (1
3177 624 3293 679 Cor.
3328 643 3403 690 v1,
3437 626 3522 690 16,

1883 707 1990 778 17).
2027 707 2084 762 Si
2135 725 2269 781 ergo
2323 710 2433 765 ista
2477 711 2732 765 adhaesio
2780 713 3139 767 diversarum
3182 719 3524 768 naturarum

1882 797 2121 868 spiritus
2171 798 2331 868 (quia
2380 799 2534 853 aliud
2586 805 2674 854 est
2718 800 2994 868 hominis,
3031 802 3188 856 aliud
3239 803 3361 873 Dei)
3394 804 3526 857 fecit

1882 902 2065 940 unum
2099 887 2402 957 spiritum;
2437 905 2549 943 non
2583 889 2669 943 vis
2702 894 2765 943 ut
2795 893 3020 943 tantum
3054 890 3345 944 adhaereat
3370 891 3523 946 Patri

1882 973 2083 1040 Filius,
2119 982 2182 1030 ut
2211 977 2287 1031 sit
2319 994 2470 1031 unus
2503 978 2691 1033 Deus?
2719 983 2838 1032 Hoc
2861 979 3052 1048 accipe
3082 980 3256 1033 etiam
3290 981 3358 1035 de
3395 982 3522 1051 Spi-

1881 1063 1993 1117 ritu
2025 1069 2247 1130 sancto,
2281 1067 2378 1137 qui
2421 1067 2573 1121 Deus
2606 1072 2711 1122 est.
2760 1067 3041 1121 Caeterum
3074 1068 3122 1121 si
3155 1069 3306 1123 Deus
3338 1070 3520 1139 Spiri-

1880 1156 1977 1206 tus
2000 1159 2236 1209 sanctus
2260 1171 2372 1209 non
2396 1160 2568 1226 esset,
2585 1156 2870 1226 templum
2897 1156 3094 1226 utique
3119 1173 3231 1211 non
3255 1157 3380 1227 ipso
3407 1176 3519 1213 non

1879 1241 2134 1296 haberet.
2158 1245 2452 1314 Scriptum
2500 1251 2590 1299 est
2637 1246 2852 1315 quippe
2882 1245 2941 1298 in
2973 1245 3267 1316 Apostolo,
3300 1248 3523 1301 Nescitis

1877 1333 2005 1402 quia
2034 1333 2293 1403 templum
2323 1335 2425 1387 Dei
2451 1335 2601 1399 estis,
2634 1337 2684 1388 et
2704 1333 2943 1404 Spiritus
2972 1334 3070 1388 Dei
3100 1334 3319 1389 habitat
3341 1337 3398 1388 in
3431 1351 3523 1392 v0-

1879 1419 1960 1474 bis
1990 1419 2031 1490 (I
2063 1419 2181 1475 Cor.
2230 1439 2313 1487 ιιι,
2347 1423 2471 1493 16)?
2492 1423 2560 1476 Et
2606 1423 2817 1477 iterum
2862 1425 3088 1477 Nescitis
3127 1425 3259 1494 quia
3299 1441 3525 1495 corpora

1877 1517 2049 1564 vestra
2077 1510 2337 1580 templum
2369 1513 2424 1565 in
2459 1511 2608 1566 vobis
2635 1521 2715 1566 est
2745 1511 2986 1582 Spiritus
3015 1515 3209 1579 sancti,
3240 1529 3397 1584 quem
3423 1515 3522 1568 ha-

1879 1599 2015 1652 betis
2047 1616 2080 1652 a
2110 1600 2215 1654 Deo
2245 1600 2352 1669 (1d.
2386 1600 2623 1670 v1,19)?
2655 1601 2856 1655 Nonne
2906 1602 2953 1655 si
3000 1599 3284 1671 templum
3343 1602 3517 1657 alicui

1876 1691 2077 1743 sancto
2108 1687 2311 1759 angelo
2342 1687 2824 1744 excellentissimo
2856 1690 2923 1744 de
2954 1689 3129 1760 lignis
3152 1689 3516 1761 etlapidibus

1874 1776 2218 1843 faceremus,
2249 1776 2759 1832 anathemaremur
2788 1794 2821 1832 a
2849 1777 3085 1832 veritate
3114 1778 3327 1832 Christi
3360 1784 3415 1834 et
3446 1781 3517 1835 ab

1876 1864 2131 1920 Ecclesia
2165 1866 2258 1920 Dei
2287 1883 2300 1933 ;
2337 1865 2610 1936 quoniam
2646 1870 2923 1921 creaturae
2953 1865 3357 1922 exhiberemus
3387 1885 3515 1924 eam

1876 1955 2235 2020 servitutem,
2255 1971 2385 2026 quas
2415 1953 2515 2009 uni
2547 1959 2775 2008 tantum
2809 1955 3055 2009 debetur
3081 1955 3243 2015 Deo?
3287 1957 3336 2010 si
3383 1973 3518 2029 ergo

1874 2042 2137 2114 sacrilegi
2193 2059 2456 2098 essemus
2508 2043 2766 2098 faciendo
2815 2043 3100 2114 templum
3169 2043 3522 2116 cuicumque

1875 2137 2170 2199 creaturas,
2226 2132 2517 2203 quomodo
2571 2148 2686 2186 non
2729 2137 2817 2186 est
2844 2131 2997 2186 Deus
3042 2148 3212 2187 verus
3261 2133 3351 2187 cui
3405 2151 3519 2190 non

1873 2219 2155 2291 templum
2207 2221 2474 2286 facimus,
2507 2221 2604 2276 sed
2633 2237 2739 2276 nos
2786 2221 2898 2292 ipsi
2947 2221 3231 2292 templum
3264 2239 3470 2278 sumus
3494 2223 3521 2277 ‘I

1875 2311 2173 2375 Quomodo
2205 2315 2400 2365 autem
2433 2311 2643 2366 dixerit
2672 2309 2957 2376 Christus,
2994 2310 3145 2365 Sicut
3178 2311 3335 2366 habet
3356 2313 3519 2368 Pater

1874 2400 2041 2454 vitam
2065 2400 2122 2452 in
2152 2401 2442 2470 semetipso
2462 2401 2544 2454 sic
2565 2399 2709 2454 dedit
2732 2400 2874 2453 Filio
2904 2399 3106 2454 habere
3136 2402 3309 2454 vitam
3342 2403 3399 2454 in
3432 2417 3517 2456 se-

1872 2491 2102 2558 metipso
2157 2489 2333 2558 (Joan.
2365 2505 2417 2557 v,
2457 2491 2569 2556 26),
2623 2489 2895 2560 superius
2932 2489 3223 2559 respondi.
3271 2491 3515 2544 Concor-

1875 2577 1971 2631 dia
2002 2582 2198 2632 autem
2226 2582 2281 2632 et
2310 2577 2610 2647 charitate,
2637 2578 2773 2646 quia
2795 2577 2969 2633 dicis‘
3004 2578 3218 2632 factum
3246 2579 3424 2634 fuisse
3451 2583 3514 2634 ut

1874 2683 2058 2721 unum
2085 2666 2202 2721 sint
2233 2670 2402 2721 Pater
2426 2670 2481 2721 et
2513 2666 2722 2734 Filius;
2757 2667 2990 2737 quando
3023 2666 3164 2720 mihi
3199 2667 3512 2737 protuleris

1873 2754 2093 2810 dictum
2127 2770 2255 2810 esse
2285 2755 2437 2826 quod
2457 2769 2639 2810 unum
2660 2754 2777 2810 sint
2799 2772 2923 2826 quae
2948 2755 3066 2809 sint
3086 2755 3322 2810 diversa
3343 2757 3515 2812 subs-

1872 2844 2087 2914 tantiis,
2108 2849 2247 2898 tunc
2265 2844 2524 2915 cogitabo
2541 2844 2680 2915 quid
2703 2844 2941 2899 debeam
2967 2845 3336 2916 respondere.
3355 2846 3515 2919 Legi-

1874 2949 2007 2988 mus
2025 2933 2202 2999 enim,
2230 2934 2334 3001 Qui
2346 2934 2560 3004 plantat
2573 2935 2733 3002 etqui
2745 2936 3071 3003 rigatunum
3082 2935 3209 2989 sint.
3232 2935 3276 3006 (Ι
3295 2938 3509 3007 Οον.ιιι,

1872 3025 1926 3091 8)
1945 3040 1956 3077 :
1975 3023 2073 3077 sed
2106 3023 2309 3077 ambos
2342 3023 2608 3077 homines
2621 3023 3050 3093 erantejusdem
3062 3024 3400 3078 substantias
3426 3025 3513 3080 fu-

1873 3116 2056 3177 erant,
2094 3128 2208 3166 non
2241 3111 2499 3167 diversae.
2536 3116 2680 3166 Item
2726 3110 2976 3183 legimus
3005 3112 3132 3183 ipso
3162 3111 3390 3167 Christo
3422 3113 3514 3167 di-

1871 3204 2056 3266 cente,
2095 3202 2154 3257 Ut
2185 3202 2294 3254 sint
2324 3218 2520 3264 unum,
2543 3202 2683 3256 sicut
2704 3209 2756 3256 et
2788 3217 2883 3256 nos
2914 3217 3083 3255 unum
3116 3218 3305 3256 sumus
3334 3202 3510 3273 (Joan.

1870 3289 2142 3358 xvn.11).
2177 3289 2298 3344 Νοιι
2330 3290 2491 3360 dixit,
2524 3289 2596 3344 Ut
2624 3289 2733 3361 ipsi
2767 3294 2824 3345 et
2853 3306 2957 3345 nos
2994 3290 3130 3345 :sed
3168 3292 3230 3347 Ut
3260 3291 3364 3361 ipsi
3403 3293 3517 3348 sint

1870 3398 2061 3447 unum,
2097 3381 2154 3434 in
2188 3387 2397 3436 natura
2435 3397 2542 3436 sua
2586 3386 2643 3436 et
2701 3382 3031 3437 substantia
3081 3399 3208 3449 sua,
3240 3384 3513 3437 concordi

1870 3470 2196 3541 aequalitate
2230 3471 2482 3541 quodam
2517 3471 2688 3525 modo
2719 3470 2866 3525 uniti
2897 3475 3073 3541 atque
3110 3471 3380 3537 conﬂati;
3429 3471 3511 3526 si-

1869 3563 1966 3614 cut
1997 3563 2166 3614 Pater
2195 3564 2250 3613 et
2280 3558 2455 3613 Filius
2486 3563 2543 3614 et
2572 3558 2820 3630 Spiritus
2851 3563 3090 3614 sanctus
3138 3576 3344 3627 unum,
3379 3577 3509 3630 pro-

1868 3652 1998 3720 pter
2026 3648 2386 3703 individuam
2437 3649 2817 3719 eamdemque
2865 3654 3157 3703 naturam.
3205 3648 3376 3703 Aliud
3426 3652 3512 3703 est

1867 3737 2043 3806 enim,
2079 3754 2261 3791 unum
2296 3738 2493 3803 sunt”;
2528 3736 2698 3804 alius,
2749 3754 2903 3792 unus
2934 3741 3040 3792 est.
3095 3737 3336 3800 Quando
3367 3737 3508 3792 dici-

1864 3831 1979 3890 tur,
2013 3826 2200 3880 Unum
2232 3831 2400 3892 sunt;
2437 3827 2542 3881 etsi
2576 3843 2690 3881 non
2722 3826 2953 3881 dicatur
2996 3825 3136 3897 quid
3180 3842 3383 3895 unum,
3421 3827 3507 3881 in-

1865 3915 2158 3986 telligetur
2187 3932 2303 3969 una
2327 3915 2674 3970 substantia.
2702 3915 2942 3981 Quando
2969 3915 3203 3976 dicitur,
3240 3915 3399 3970 Unus
3421 3920 3510 3971 est

1865 4004 1936 4059 de
1967 4004 2192 4058 duabus
2233 4004 2594 4074 diversisque
2621 4004 2991 4071 substantiis,
3036 4019 3271 4058 necesse
3315 4009 3403 4059 est
3446 4008 3509 4059 ut

1865 4097 2160 4164 queratur
2179 4091 2314 4164 quid
2331 4109 2503 4147 unus.
2527 4091 3167 4164 Verbi,gratia,diversa
3180 4093 3507 4149 substantia

1862 4186 1951 4237 est
2005 4181 2201 4236 anima
2241 4186 2298 4236 et
2346 4198 2579 4252 corpus,
2605 4185 2798 4236 tamen
2824 4197 2978 4236 unus
3027 4180 3240 4236 homo:
3276 4181 3506 4237 diversa

1863 4271 2193 4326 substantia
2242 4274 2330 4325 est
2378 4270 2620 4342 spiritus
2676 4270 2932 4324 hominis
2981 4274 3038 4324 et
3087 4270 3329 4340 spiritus
3377 4270 3499 4340 Dei,

1860 4364 2054 4414 tamen
2078 4377 2212 4416 cum
2247 4361 2477 4415 Domino
2500 4359 2764 4425 adhaeret,
2795 4375 2938 4414 unus
2966 4359 3196 4431 spiritus
3217 4364 3291 4414 est
3312 4359 3357 4431 (Ι
3374 4363 3498 4417 Cor.

1860 4466 1934 4516 v1,
1971 4451 2057 4520 17)
2093 4466 2105 4504 :
2140 4449 2380 4512 addidit,
2404 4450 2656 4517 spiritus;
2683 4465 2796 4503 non
2811 4448 2976 4519 dixit,
3000 4448 3192 4504 Unum
3217 4453 3372 4504 sunt.
3397 4450 3500 4507 Ubi

1861 4543 2052 4594 autem
2078 4537 2306 4606 dicitur,
2332 4536 2520 4592 Unum
2550 4541 2706 4607 sunt,
2727 4554 2844 4592 una
2860 4538 3192 4593 substantia
3216 4538 3503 4611 signiﬁca-

1860 4631 1974 4696 tur,
1997 4628 2149 4698 quod
2171 4644 2272 4682 vos
2311 4644 2426 4682 non
2463 4626 2660 4693 vultis,
2702 4632 2758 4682 et
2787 4627 3015 4682 audetis
3063 4627 3253 4683 dicere
3299 4645 3501 4683 verum

1859 4716 2155 4772 Christum
2189 4715 2287 4770 Dei
2314 4715 2515 4770 Filium
2542 4733 2642 4771 vos
2672 4717 2955 4771 conliteri.
2990 4715 3114 4771 Non
3146 4721 3340 4771 autem
3374 4717 3501 4772 ideo

1861 4808 2145 4876 majorest
2163 4805 2502 4876 Pater,quia
2525 4806 2923 4860 testimonium
2949 4806 3171 4860 dicitde
3186 4805 3499 4860 Filio.Nam

1861 4900 1915 4951 et
1938 4894 2232 4966 Propheta
2267 4895 2689 4965 perhibuerunt
2719 4895 2858 4950 Filio
2881 4895 3305 4951 testimonium.
3336 4894 3498 4948 Alius

1859 4988 1948 5038 est
1972 4983 2206 5054 quidem
2232 4983 2330 5054 qui
2361 4984 2627 5055 perhibet
2655 4984 3246 5054 testimonium,alius
3261 4983 3352 5038 cui
3376 4999 3504 5054 pcr-

1859 5071 2117 5127 hibetur:
2136 5073 2274 5143 quia
2295 5076 2461 5127 Pater
2489 5074 2656 5128 Pater
2685 5079 2793 5140 est,
2819 5073 2999 5128 Filius
3028 5072 3204 5128 Filius
3241 5076 3350 5127 est.
3373 5072 3498 5127 Non

1858 5163 2191 5233 quiaunum
2212 5179 2324 5216 non
2341 5167 2774 5232 sunt,autunus
2794 5165 2940 5218 Deus
2957 5179 3069 5217 non
3091 5165 3248 5230 sunt,
3265 5161 3497 5233 quando

1856 5250 2210 5306 cohaerentes
2224 5256 2397 5324 atque
2415 5253 2705 5324 conjuncti
2730 5257 2884 5321 sunt,
2907 5251 3058 5322 quod
3087 5266 3318 5321 semper
3338 5255 3495 5305 sunt.

1854 5339 1945 5394 Sic
1973 5344 2165 5394 autem
2188 5338 2330 5395 dicis
2355 5339 2491 5394 hinc
2522 5341 2669 5394 inter
2699 5344 2920 5410 patrem
2954 5343 3008 5392 et
3042 5336 3248 5391 Filium
3265 5353 3392 5392 esse
3410 5337 3496 5391 di-

1853 5429 2253 5501 versitatem,q
2265 5429 2356 5484 uia
2373 5429 2541 5485 Pater
2554 5429 2739 5499 diligit
2760 5433 2814 5482 et
2837 5427 3017 5483 Filius
3040 5425 3497 5498 diligitur;quasi

1855 5534 2068 5591 negare
2099 5520 2338 5592 possitis
2360 5519 2512 5590 quod
2537 5518 2717 5573 Filius
2739 5517 2942 5589 diligat
2965 5517 3212 5571 Patrem.
3245 5516 3300 5569 Si
3323 5517 3496 5573 ambo

1853 5625 1914 5663 se
1948 5608 2235 5663 invincem
2260 5608 2530 5679 diligunt;
2556 5624 2658 5661 cur
2679 5607 2899 5676 negatis
2931 5623 3028 5662 eos
3046 5606 3222 5661 unius
3243 5622 3370 5662 esse
3394 5624 3493 5663 na-

1851 5697 2035 5753 turae?
2064 5697 2223 5761 Quod
2244 5697 2360 5752 dixi
2383 5697 2452 5752 de
2478 5700 2646 5752 Patre
2669 5697 2820 5751 unde
2842 5696 3032 5752 dictus
3051 5696 3126 5753 sit
3147 5696 3497 5769 major,quia

1918 5827 1936 5889 ε
1969 5823 2259 5889 _S_ola_9dito
2290 5825 2436 5889 Lm
2467 5836 2570 5889 qua
2601 5822 2741 5889 dicit:

1918 5887 1940 5926 ⁸
1969 5887 2062 5938 Hic
2092 5886 2217 5937 Mss.
2250 5884 2550 5947 adduntfet
2583 5884 2733 5937 aliud
2757 5901 2914 5938 unum
2941 5901 3135 5938 sumus.
