4040 6438
479 388 600 449 723

494 523 730 592 prOpter
758 515 1003 573 formam
1035 516 1182 570 servi
1217 516 1439 571 dictum
1493 519 1611 584 est;
1652 515 1763 570 hoc
1812 515 1940 569 dico
1980 519 2035 569 et
2067 514 2140 567 de

499 604 1204 676 invisibilitate,quoniam
1230 604 1473 659 visibilis
1504 606 1684 659 Filius
1716 610 1949 676 propter
1977 620 2134 657 eam-

493 697 625 752 dem
657 695 904 750 formam
922 694 1068 749 servi
1087 694 1277 750 dictus
1300 699 1725 759 est.Caeterum,
1746 698 2031 764 quantum
2056 696 2134 745 at-

490 786 639 841 tinet
668 785 739 840 ad
763 785 951 854 ipsam
984 783 1240 838 divinam
1266 784 1678 849 substantiam,
1705 782 1792 836 vel
1816 781 2019 851 Patris,
2044 780 2133 834 vel

490 873 743 939 Filii,vel
766 873 1014 944 Spiritus
1037 872 1222 927 sancti
1246 872 1507 927 omnimo
1531 878 1620 927 est
1643 870 1969 925 invisibilis.
1988 870 2130 924 Nam

491 963 730 1034 quando
761 978 823 1016 se
845 962 1109 1031 patribus
1134 960 1407 1016 divinitas
1433 961 1792 1024 ostendebat,
1818 976 1919 1030 per
1939 959 2134 1028 subje-

491 1056 644 1106 ctam
668 1054 991 1105 creaturam
1027 1066 1088 1105 se
1118 1049 1467 1105 invisibilem
1501 1048 1957 1105 demonstrabat.
1989 1047 2135 1102 Nam

496 1156 603 1213 per
633 1140 823 1211 ipsam
855 1156 1018 1195 suam
1036 1144 1303 1194 naturam
1321 1155 1506 1210 usque
1527 1139 1670 1194 adeo
1692 1135 2004 1192 invisibilis
2026 1140 2139 1205 est,

503 1233 571 1285 ut
601 1228 726 1301 ipse
744 1228 971 1300 Moyses
992 1228 1042 1283 ei
1075 1243 1338 1298 cumquo
1372 1226 1514 1282 facie
1544 1227 1612 1281 ad
1640 1226 1846 1282 faciem
1867 1224 2141 1296 loqueba-

496 1322 613 1384 tur,
643 1316 894 1373 diceret:
927 1317 991 1372 Si
1021 1318 1214 1372 inveni
1239 1318 1479 1387 gratiam
1506 1320 1634 1371 ante
1662 1324 1731 1384 te,
1764 1314 1981 1370 ostende
2000 1314 2144 1369 mihi

499 1409 846 1478 temetipsum
874 1407 1162 1477 mani/este
1190 1405 1381 1476 (Exod.
1414 1422 1613 1473 xxxm,
1650 1406 1736 1471 11,
1762 1403 1868 1475 13).
1899 1402 2145 1458 Volebat

500 1496 655 1551 enim
683 1510 815 1550 eum
848 1494 1061 1561 videre,
1093 1494 1249 1549 sicut
1277 1494 1505 1549 videtur
1534 1494 1686 1548 Deus
1715 1492 1898 1549 oculis
1930 1492 2141 1547 cordis.

501 1584 660 1639 Beati
670 1583 759 1639 eni
770 1600 825 1637 m
841 1585 1043 1638 mundo
1055 1584 1366 1654 corde,quia
1380 1583 1487 1654 ipsi
1498 1584 1665 1637 Deum
1677 1582 2142 1649 videbunt(zilatlh.

497 1690 552 1741 v,
590 1674 665 1743 8).
699 1672 790 1727 Sic
836 1672 1065 1727 volebat
1093 1673 1286 1727 videre
1319 1676 1539 1745 Moyses
1570 1688 1705 1726 eum
1755 1672 1847 1726 cui
1894 1671 2144 1740 dicebat,

504 1764 729 1819 Ostende
746 1762 888 1817 mihi
917 1765 1260 1832 temetipsum
1292 1763 1578 1832 mani/este
1602 1778 1613 1816 :
1637 1764 1790 1816 sicut
1813 1766 1870 1816 et
1892 1760 2150 1814 invisibi-

506 1851 587 1906 lia
620 1851 736 1921 Dei,
772 1868 874 1922 per
922 1867 989 1905 ea
1026 1867 1147 1922 quae
1185 1851 1334 1905 facta
1372 1856 1530 1921 sunt,
1567 1850 2027 1922 conspiciuntur.
2060 1849 2151 1903 Sic

507 1941 663 1995 enim
696 1940 777 1993 ait
798 1939 1111 2011 Apostolus
1137 1955 1149 1994 :
1173 1940 1484 1995 lnvisibilia
1502 1941 1650 1995 enim
1671 1943 1806 2011 ejus,
1829 1956 1925 2010 per
1947 1955 2011 1993 ea
2032 1953 2154 2009 quae

509 2031 660 2099 facta
680 2035 826 2094 sunt,
850 2026 1132 2083 intellecta
1153 2031 1587 2100 conspiciuntur,
1602 2031 1932 2100 sempiterna
1949 2042 2156 2099 quoque

509 2120 683 2173 virtus
712 2118 827 2188 ejus
851 2133 914 2171 ac
942 2117 1203 2172 divinitas
1222 2118 1395 2188 (Rom.
1417 2135 1454 2185 1,
1473 2120 1583 2188 20).
1618 2118 1756 2172 Ecce
1780 2116 2154 2189 intelligendo

516 2206 955 2278 conspiciuntur
984 2205 1299 2261 invisibilia
1321 2206 1439 2273 Dei,
1455 2211 1716 2261 ettamen
1741 2206 2156 2261 invisibiliadi-

511 2300 745 2350 cuntur.
778 2296 847 2350 Et
876 2295 1072 2350 omnia
1110 2312 1212 2365 per
1241 2295 1433 2366 ipsum
1486 2297 1637 2350 facta
1679 2300 1817 2351 sunt
1863 2295 2156 2351 Christum

509 2385 687 2458 (Ioan.
712 2402 750 2452 1,
772 2385 846 2454 3),
880 2388 936 2439 et
965 2383 1217 2439 visibilis
1244 2388 1302 2440 et
1329 2383 1663 2452 invisibilia,
1689 2388 1745 2439 et
1773 2384 1899 2456 ipse
1929 2400 1962 2439 a
1992 2383 2159 2439 nobis

511 2474 665 2530 credi
700 2473 946 2529 visibilis
972 2473 1189 2545 potest?
1209 2474 1354 2528 Hinc
1374 2473 1546 2529 etiam
1569 2473 1717 2528 dicis
1741 2474 1810 2529 de
1840 2477 2007 2528 Patre
2029 2477 2161 2527 tan-

512 2568 639 2618 tum
660 2561 904 2634 intelligi
929 2563 1136 2617 debere
1157 2563 1307 2634 quod
1333 2563 1415 2617 ait
1435 2562 1767 2633 Apostolus,
1794 2562 1907 2618 Soli
1925 2564 2163 2633 sapienti

509 2654 620 2708 Deo
644 2652 817 2722 (Rom.
841 2669 935 2707 xv1
963 2652 1074 2718 27).
1092 2652 1238 2723 Ergo
1263 2650 1423 2706 solus
1444 2656 1532 2706 est
1554 2656 1722 2707 Pater
1734 2651 1886 2707 Deus
1910 2652 2160 2723 sapiens,

511 2744 570 2797 et
602 2758 715 2796 non
739 2746 828 2795 est
858 2741 1089 2811 sapiens
1120 2740 1248 2813 ipsa
1273 2740 1867 2812 DeiSapientia,quod
1886 2747 1973 2796 est
2002 2741 2164 2797 Chri-

514 2835 679 2895 stus;
713 2832 781 2885 de
812 2846 927 2901 quo
958 2830 1039 2885 ait
1070 2828 1387 2901 Apostolus
1421 2846 1434 2884 :
1471 2829 1747 2885 Christum
1776 2832 1875 2885 Dei
1908 2832 2167 2887 Virtutem

514 2924 566 2975 et
597 2920 692 2974 Dei
720 2918 1061 2989 Sapientiam
1090 2918 1135 2988 (I
1170 2917 1289 2973 Cor.
1316 2934 1355 2983 1,
1386 2919 1510 2988 24)!
1547 2918 1823 2990 Superest
1864 2927 1926 2973 ut
1958 2920 2165 2974 dicatis

517 3007 681 3079 (quid
706 3007 861 3062 enim
887 3023 1002 3061 non
1030 3006 1318 3078 audetis?)
1348 3006 1722 3079 insipientem
1758 3024 1885 3063 esse
1926 3008 2166 3079 Sapien-

521 3097 663 3149 tiam
684 3094 896 3149 Dei.Sic
920 3100 1114 3149 autem
1139 3095 1284 3150 dicis
1305 3095 1532 3150 Patrem
1570 3096 1870 3167 infectum,
1896 3097 2062 3169 quasi
2078 3097 2167 3151 Fi-

519 3183 634 3238 lius
676 3184 863 3239 factus
908 3183 1003 3250 sit,
1038 3200 1140 3255 per
1183 3200 1355 3254 quem
1392 3184 1541 3239 facta
1582 3189 1721 3238 sunt
1769 3186 1979 3240 omnia.
2016 3186 2169 3242 Scito

525 3274 742 3328 factum
778 3288 907 3329 esse
957 3271 1189 3338 Filium,
1239 3273 1339 3328 sed
1388 3273 1445 3327 in
1498 3274 1684 3329 forma
1734 3274 1901 3330 servi.
1934 3275 2079 3331 Nam
2113 3277 2170 3331 in

523 3364 711 3417 forma
740 3361 840 3417 Dei
874 3378 1063 3434 usque
1093 3362 1234 3417 adeo
1266 3379 1379 3416 non
1412 3366 1500 3417 est
1528 3363 1739 3431 factus,
1770 3368 1834 3418 ut
1875 3381 1976 3435 per
2007 3364 2172 3419 illum

519 3454 679 3507 facta
711 3452 834 3508 sint
858 3451 1077 3507 omnia.
1111 3452 1169 3507 Si
1210 3451 1365 3507 enim
1413 3452 1537 3524 ipse
1569 3453 1756 3507 factus
1787 3457 1893 3520 est,
1930 3470 2044 3508 non
2076 3471 2177 3525 per

525 3541 695 3597 illum
733 3541 853 3597 sint
886 3540 1083 3596 omnia
1114 3541 1284 3596 facta.
1319 3541 1419 3596 sed
1438 3546 1661 3597 caetera.
1684 3542 1809 3598 Non
1831 3542 2026 3615 itaque
2049 3544 2176 3599 dico

526 3631 737 3687 Filium
762 3631 1119 3703 ingenitum;
1164 3630 1265 3685 sed
1309 3630 1535 3686 Patrem
1576 3631 1921 3703 genitorem,
1968 3632 2179 3688 Filium

533 3724 816 3793 genitum.
832 3723 951 3775 Hoc
971 3723 1167 3775 tamen
1188 3719 1571 3793 genuitPater
1595 3721 1750 3791 quod
1773 3724 1862 3776 est
1886 3737 1898 3774 :
1923 3720 2179 3793 alioquin

534 3827 647 3865 non
679 3814 769 3865 est
786 3826 958 3864 verus
996 3808 1196 3876 Filius,
1228 3808 1275 3864 si
1308 3809 1463 3879 quod
1498 3813 1586 3864 est
1615 3813 1802 3877 Pater,
1832 3826 1946 3864 non
1981 3816 2069 3866 est
2094 3810 2181 3865 Fi-

535 3898 652 3953 lius
679 3916 691 3966 ;
726 3898 879 3954 sicut
908 3900 978 3953 de
1008 3898 1291 3970 partubus
1322 3896 1667 3953 animalium
1700 3914 1876 3970 supra
1900 3898 2181 3955 diximus:

538 3987 674 4060 quia
703 3987 820 4043 veri
846 3987 948 4041 lii
974 3986 1083 4043 hoc
1104 3991 1243 4042 sunt
1257 4003 1359 4058 per
1375 3985 1766 4041 substantiam
1791 3988 1943 4058 quod
1980 4005 2184 4059 paren-

540 4082 647 4132 tes.
683 4075 830 4141 Quid
862 4080 950 4131 est
980 4081 1175 4131 autem
1202 4075 1356 4147 quod
1390 4074 1601 4145 poscis,
1644 4079 1707 4129 ut
1746 4077 2047 4133 ostendam
2083 4078 2188 4133 tibi

538 4165 821 4238 aequalem
854 4164 1008 4220 Patri
1039 4164 1318 4236 Spiritum
1351 4167 1786 4237 sanctumesse,
1820 4166 1986 4237 quasi
2019 4170 2079 4222 tu
2103 4184 2192 4223 os-

536 4255 797 4312 tenderis
842 4258 1072 4309 Patrem
1115 4254 1396 4324 majorem
1430 4268 1558 4308 esse
1590 4254 1809 4325 Spiritu
1844 4260 2079 4325 sancto;
2112 4257 2189 4313 si-

541 4349 641 4403 cut
662 4343 904 4416 potuisti
927 4342 1230 4398 ostendere
1253 4342 1322 4397 de
1350 4341 1513 4412 Filio,
1542 4348 1779 4415 propter
1801 4344 2047 4401 formam
2071 4363 2192 4402 ser-

541 4434 635 4489 vi?
664 4433 896 4489 Scimus
927 4431 1080 4487 enim
1115 4431 1336 4487 dictum
1351 4448 1478 4487 esse
1496 4432 1722 4487 Patrem
1747 4433 1888 4490 Filio
1912 4436 2191 4506 majorem

545 4538 671 4578 esse
697 4522 835 4595 quia
863 4521 919 4576 in
956 4522 1141 4576 forma
1170 4522 1317 4576 servi
1349 4527 1471 4577 erat
1500 4526 1556 4577 et
1594 4522 1802 4591 Filius;
1826 4528 1883 4578 et
1913 4525 2104 4580 adhuc
2133 4524 2193 4581 in

548 4613 735 4669 forma
767 4615 857 4667 est
884 4610 1146 4665 humana
1174 4609 1376 4679 Filius,
1409 4628 1583 4682 quam
1606 4610 1813 4667 levavit
1842 4611 1899 4667 in
1932 4612 2144 4670 ccelum
2179 4631 2192 4669 :

550 4706 854 4775 propterea
884 4699 1106 4755 dictum
1138 4704 1227 4755 est
1255 4700 1327 4755 de
1354 4699 1452 4756 illo
1477 4700 1630 4772 quod
1671 4705 1728 4756 et
1766 4719 1921 4757 nunc
1946 4704 2197 4775 interpel-

551 4793 630 4847 lat
654 4808 758 4864 pro
788 4790 948 4845 nobis
977 4789 1151 4860 (Rom.
1183 4805 1304 4858 vm,
1350 4790 1462 4857 34).
1500 4790 1568 4844 Et
1589 4790 1947 4862 sempiterna
1980 4793 2090 4847 erit
2137 4792 2196 4849 in

550 4896 730 4952 regno
762 4878 887 4934 haec
918 4878 1121 4934 eadem
1156 4878 1342 4933 forma
1372 4878 1721 4934 immortalis
1747 4897 1760 4934 :
1785 4885 2023 4952 propter
2043 4883 2198 4954 quod

549 4970 770 5025 dictum
813 4972 924 5036 est,
969 4969 1109 5022 Tunc
1152 4972 1201 5023 et
1234 4969 1344 5038 ipse
1386 4968 1560 5022 Filius
1588 4969 1861 5033 subiectus
1889 4973 1997 5026 erit
2023 4974 2077 5027 ei
2104 4979 2203 5045 qui

551 5061 641 5117 illi
668 5060 898 5133 subjecit
946 5058 1129 5113 omnia
1172 5059 1218 5129 (
1246 5060 1367 5115 Cor.
1402 5074 1493 5125 xv,
1527 5057 1632 5120 28).
1673 5058 1818 5113 Nam
1869 5060 1936 5115 de
1982 5061 2201 5133 Spiritu

552 5153 753 5205 sancto
785 5148 882 5219 qui
914 5145 1139 5201 nullam
1171 5146 1431 5217 suscepit
1458 5150 1782 5203 creaturam
1814 5149 1885 5203 ad
1919 5150 2199 5207 unitatem

552 5254 809 5312 persona:
840 5253 981 5304 sum,
1015 5234 1282 5307 quamvis
1312 5250 1374 5290 se
1403 5251 1505 5307 per
1532 5236 1851 5307 subjeclam
1874 5244 2200 5296 creaturam

550 5326 860 5384 visibiliter
888 5329 944 5380 et
970 5324 1117 5395 ipse,
1151 5323 1269 5379 sive
1301 5340 1402 5395 per
1429 5324 1711 5381 columbae
1765 5328 2038 5400 speciem,
2082 5331 2201 5385 sive

551 5434 656 5489 per
688 5416 921 5485 linguas
952 5413 1152 5485 igneas
1186 5413 1259 5466 sit
1281 5414 1648 5469 demontrare
1666 5417 1943 5487 dignatus
1975 5417 2198 5485 (Matth.

555 5522 640 5575 111,
675 5505 759 5569 16,
791 5507 844 5557 et
881 5502 991 5557 Act.
1024 5517 1085 5569 11,
1119 5501 1198 5572 3),
1244 5518 1542 5573 nunquam
1560 5504 1771 5559 .dictus
1803 5509 1890 5559 est
1920 5522 1985 5561 eo
2017 5508 2204 5576 major

558 5595 755 5659 Pater;
789 5606 1091 5661 nunquam
1125 5589 1317 5646 dictus
1349 5598 1438 5646 est
1485 5593 1737 5663 Spiritus
1788 5599 2022 5650 sanctus
2064 5598 2200 5651 ado-

560 5696 721 5738 rasse
751 5680 980 5735 Patrem
1007 5696 1309 5750 nunquam
1333 5679 1525 5736 dictus
1558 5685 1649 5737 est
1674 5681 1865 5737 minor
1882 5682 2068 5740 Patre.
2088 5685 2199 5743 Sed

562 5771 707 5827 dicis
736 5769 807 5826 de
837 5766 997 5838 Filio,
1030 5768 1091 5824 Si
1116 5768 1344 5842 aequelis
1381 5771 1536 5837 esset,
1568 5770 1757 5842 utique
1794 5771 1921 5828 talis
1948 5790 1968 5829 :
2000 5773 2056 5829 id
2091 5779 2197 5846 est,

1719 387 1780 446 S.
1827 382 2256 447 AUGUSTINI
2300 382 2654 443 EPISCOPI

3780 381 3904 441 724

2252 516 2312 567 ut
2342 513 2479 584 quia
2503 530 2617 570 non
2658 518 2745 570 est
2775 515 3093 586 ingenitus,
3125 531 3239 569 non
3268 512 3535 569 videatur
3574 512 3735 569 talis.
3770 513 3907 570 Pos-

2244 619 2336 657 ses
2374 603 2561 659 dicere
2592 620 2705 658 non
2738 622 2866 659 esse
2898 604 3193 659 hominem
3233 620 3408 675 quem
3440 604 3647 676 genuit
3688 604 3902 673 Adam,

2247 692 2384 760 quia
2416 692 2539 762 ipse
2571 693 2751 747 Adam
2781 710 2892 747 non
2934 700 3022 747 est
3051 692 3304 763 genitus,
3338 693 3439 747 sed
3473 692 3664 747 factus
3696 710 3730 747 a
3761 692 3899 748 Deo.

2245 780 2302 833 Si
2334 786 2527 834 autem
2561 782 2753 852 potuit
2781 782 2963 836 Adam
2996 781 3177 849 esse,
3211 786 3266 837 et
3310 798 3424 836 non
3465 798 3594 837 esse
3645 782 3898 852 genitus,

2246 872 2302 923 et
2333 873 2526 924 tamen
2578 871 2686 924 hoc
2723 887 2999 942 generare
3028 870 3179 941 quod
3223 875 3347 925 erat
3375 871 3520 941 ipse,
3555 886 3671 925 non
3727 869 3813 924 vis
3837 874 3901 923 ut

2248 958 2503 1027 potuerit
2533 958 2684 1014 Deus
2716 960 2894 1014 Deum
2927 959 3206 1031 aequalem
3249 958 3404 1013 sibi?
3456 963 3606 1013 Puto
3660 975 3755 1014 me
3796 957 3906 1013 tibi

2249 1047 2318 1102 ad
2355 1048 2554 1103 omnia
2583 1049 2973 1119 respondisse.
2998 1048 3106 1103 Sed
3142 1049 3190 1103 si
3223 1065 3337 1103 non
3377 1048 3464 1104 vis
3485 1064 3617 1104 esse
3649 1047 3911 1120 discipu-

2253 1136 2363 1206 lus,
2398 1136 2517 1190 noli
2549 1153 2678 1193 esse
2707 1135 3111 1208 multiloquus.

2324 1226 2373 1280 1.
2411 1225 2561 1279 Max.
2589 1226 2735 1280 dixit
2762 1243 2776 1283 :
2811 1225 3090 1298 Loqueris
3121 1225 3287 1297 quasi
3317 1225 3535 1281 auxilio
3566 1226 3914 1298 principum

2253 1313 2538 1381 munitus,
2558 1313 2703 1369 nihil
2726 1315 3046 1370 secundum
3065 1314 3334 1370 timorem
3355 1315 3708 1388 Dei.Longas
3734 1315 3914 1370 horas

2253 1402 2552 1468 suistinui,
2593 1404 2913 1474 exposuisti
2960 1407 3026 1458 ut
3054 1403 3159 1458 tibi
3192 1403 3381 1458 visum
3423 1409 3533 1459 est.
3574 1404 3918 1477 Responde-

2256 1508 2390 1547 mus
2420 1492 2535 1547 Deo
2568 1492 2881 1547 auxiliante
2912 1493 2981 1547 ad
3009 1492 3225 1548 omnia.
3258 1492 3371 1548 Nec
3411 1493 3568 1549 enim
3604 1495 3769 1549 nudo
3803 1511 3920 1550 ser-

2258 1597 2450 1649 mone,
2475 1582 2573 1636 sed
2589 1581 2941 1636 testimoniis
2967 1580 3298 1637 divinarum
3320 1584 3761 1654 Scripturarum
3788 1601 3919 1638 mu-

2258 1670 2387 1724 niti.
2420 1671 2669 1725 Tantum
2703 1671 2855 1725 sicut
2882 1688 2988 1726 nos
3019 1671 3302 1742 patientes
3331 1672 3554 1727 fuimus
3588 1679 3922 1745 exponente

2258 1763 2361 1813 tua
2416 1758 2728 1830 Religione,
2762 1765 2819 1814 et
2846 1760 2971 1830 ipse
3000 1776 3131 1814 cum
3175 1761 3293 1815 tuis
3323 1761 3665 1832 patientiam
3691 1779 3925 1818 accom-

2263 1848 2457 1912 moda,
2494 1852 2558 1901 ut
2606 1848 2677 1903 ad
2722 1847 2987 1920 singulos
3033 1853 3166 1903 tuos
3197 1865 3497 1905 sermones
3542 1851 3759 1906 demus
3796 1868 3921 1906 res-

2262 1952 2535 2008 ponsum,
2568 1937 2722 1993 sicut
2749 1943 2807 1993 et
2834 1938 2959 2010 ipse
2987 1938 3058 1992 ad
3092 1942 3321 1994 nostros
3370 1940 3727 2012 respondisti
3760 1942 3920 2013 quod

2265 2027 2371 2082 tibi
2401 2027 2641 2099 placuit.

2334 2117 2387 2171 2.
2425 2115 2541 2171 Nos
2570 2115 2866 2171 Christum
2900 2115 3148 2172 colimus
3165 2117 3426 2172 utDeum
3461 2119 3655 2175 omnis
3687 2125 3925 2177 creatu-

2266 2219 2363 2256 rae.
2395 2202 2537 2257 Nam
2570 2203 2669 2273 qui
2714 2204 2990 2258 adoretur
3018 2209 3073 2259 et
3120 2203 3351 2268 colitur,
3399 2222 3515 2260 non
3552 2211 3790 2263 tantum
3851 2209 3929 2262 ab

2267 2292 2571 2347 hominum
2604 2297 2813 2348 natura
2840 2309 3039 2349 verum
3072 2294 3248 2349 etiam
3280 2298 3337 2349 et
3376 2296 3446 2350 ab
3480 2297 3758 2353 omnibus
3790 2298 3931 2352 Vir-

2269 2382 2493 2436 tutibus
2526 2382 2882 2450 coelestibus,
2916 2382 3051 2438 audi
3098 2382 3448 2439 clamantem
3497 2386 3737 2442 beatum
3775 2386 3933 2442 Pau-

2270 2470 2568 2526 lumzlloc
2596 2472 2748 2526 enim
2778 2473 2972 2527 sentite
3020 2474 3081 2527 in
3130 2474 3281 2529 vobis
3327 2474 3465 2546 quod
3507 2477 3557 2530 et
3606 2478 3665 2530 in
3706 2476 3935 2531 Christo

2269 2562 2395 2617 Iesu
2424 2579 2442 2615 :
2474 2562 2570 2632 qui
2600 2577 2723 2616 cum
2757 2562 2819 2615 in
2845 2563 3027 2632 forma
3048 2563 3149 2616 Dei
3176 2566 3330 2633 esset,
3356 2579 3465 2617 non
3495 2566 3760 2635 rapinam
3781 2567 3937 2620 arbi

2271 2658 2449 2706 tratus
2480 2658 2555 2705 est
2582 2665 2692 2704 esse
2718 2665 2775 2704 se
2793 2665 2981 2720 parem
3007 2651 3107 2705 Deo
3126 2670 3149 2715 ,-
3174 2651 3268 2706 sed
3297 2654 3642 2722 semetipsum
3670 2655 3939 2710 exinani

2271 2745 2372 2805 vit,
2406 2742 2641 2811 formam
2671 2740 2817 2793 servi
2861 2740 3155 2810 accipiens,
3180 2741 3238 2794 in
3269 2742 3695 2797 similitudinem
3738 2743 3939 2799 homi-

2272 2845 2405 2883 num
2446 2830 2644 2898 factus,
2674 2832 2724 2883 et
2753 2828 2945 2883 habitu
2981 2831 3234 2884 inventus
3282 2838 3342 2885 ut
3389 2830 3580 2886 homo:
3605 2832 3940 2889 humiliavit

2274 2920 2637 2989 semetipsum,
2672 2921 2855 2989 factus
2881 2919 3137 2973 obediens
3178 2935 3351 2990 usque
3378 2920 3463 2975 ad
3494 2928 3742 2991 mortem,
3775 2939 3937 2977 mor-

2276 3015 2385 3063 tem
2414 3011 2593 3061 antem
2622 3009 2817 3062 crucis.
2852 3011 3083 3078 Propter
3120 3009 3261 3079 quod
3307 3017 3358 3063 et
3386 3009 3521 3063 Deus
3549 3025 3673 3064 eum
3699 3027 3939 3083 supere-

2274 3098 2530 3164 xaltavzt,
2563 3102 2613 3151 et
2642 3096 2864 3151 donavit
2914 3099 2966 3152 ei
3008 3113 3230 3152 nomem
3266 3096 3407 3169 quod
3453 3102 3529 3153 est
3565 3114 3730 3169 super
3770 3116 3941 3156 omne

2278 3202 2498 3241 nomen.
2536 3184 2685 3239 Illud
2732 3185 2936 3256 utique
2967 3186 3117 3255 quod
3153 3190 3212 3241 tu
3264 3185 3323 3240 in
3356 3185 3475 3241 tuis
3509 3190 3945 3259 prosecutioni-

2280 3275 2412 3341 bus,
2446 3274 2635 3329 sciens
2667 3275 2818 3345 quod
2855 3274 3202 3345 professioni
3235 3279 3349 3330 tua;
3376 3281 3502 3330 erat
3548 3279 3945 3346 contrarium,

2282 3363 2732 3419 subducendum
2768 3362 3009 3434 putasti,
3044 3362 3234 3419 sciens
3266 3364 3404 3435 quia
3442 3363 3615 3420 lectio
3638 3371 3695 3421 te
3725 3383 3955 3439 argue

2284 3461 2389 3511 ret.
2424 3455 2569 3509 Nam
2603 3454 2756 3526 quod
2791 3471 2963 3510 omne
2990 3471 3140 3527 genu
3167 3453 3438 3510 flectatur
3458 3455 3715 3525 Christo,
3736 3459 3959 3531 utique

2286 3544 2370 3601 sic
2404 3543 2773 3613 prosequitur
2807 3543 2933 3615 ipse
2964 3542 3199 3610 Paulus,
3235 3560 3367 3599 cum
3403 3544 3668 3610 dixisset,
3702 3551 3965 3604 Donavit
4014 3558 4015 3615 i

2286 3634 2375 3689 illi
2398 3649 2596 3688 nomen
2625 3632 2776 3703 quod
2797 3640 2875 3687 est
2903 3648 3071 3703 super
3111 3648 3267 3687 omne
3294 3649 3491 3688 nomen.
3516 3651 3528 3689 :
3556 3635 3863 3706 sequitur,
3906 3642 3964 3696 [Ii

2288 3727 2346 3778 in
2377 3724 2603 3777 nomine
2621 3723 2743 3778 Iesu
2767 3736 2924 3776 omne
2942 3738 3085 3790 genu
3104 3722 3379 3791 ectatur,
3403 3723 3726 3791 caelestium,
3748 3730 3962 3783 terres-

2291 3812 2480 3877 trium,
2511 3814 2562 3865 et
2591 3811 2970 3880 infernorum;
3000 3814 3049 3865 et
3078 3812 3259 3865 omnis
3295 3810 3449 3883 lingu
3468 3813 3806 3883 conteatur
3828 3821 3965 3888 quia

2293 3901 2553 3955 Dominus
2581 3901 2731 3955 Iesus
2754 3898 2999 3954 Christus
3039 3901 3099 3954 iu
3137 3898 3321 3971 gloria
3369 3904 3448 3956 est
3478 3902 3576 3956 Dei
3595 3904 3789 3959 Patris
3811 3908 3966 3977 (Phi-

2295 3990 2428 4060 lipp.
2460 4007 2521 4053 11,
2552 3989 2722 4060 5-11).
2782 3988 3033 4044 Dicendo
3087 3988 3265 4056 enim,
3328 3991 3396 4046 Ut
3452 3991 3507 4045 in
3556 3995 3793 4049 nomine
3837 3997 3961 4051 Iesu

3991 845 4016 1025 l

4010 906 4016 988 i

4008 998 4016 1139 l

4008 1306 4016 1463 l

4013 3882 4016 3961 l

2297 4095 2454 4135 omne
2491 4095 2633 4149 genu
2658 4079 2928 4147 ectatur,
2949 4080 3265 4149 antestium,
3290 4081 3662 4144 terrestrium,
3697 4091 3753 4137 et
3786 4086 3967 4154 infer-

2296 4183 2527 4229 norum;
2554 4166 2827 4221 universa
2856 4166 3162 4222 conclusit.
3197 4166 3352 4221 Nihil
3384 4172 3473 4223 est
3501 4169 3559 4222 in
3612 4170 3762 4226 c0310
3804 4174 3966 4243 quod
4013 4168 4015 4295 4

2299 4274 2411 4295 nnn
2449 4272 2595 4295 non"
2630 4256 2822 4295 {laniat
2870 4255 3098 4295 Clu-iatn
3180 4255 3324 4295 nihil
3359 4258 3643 4295 romane
3695 4260 3755 4295 in
3813 4266 3967 4295 in..-"

2299 4274 2414 4312 non
2449 4272 2595 4329 genu
2630 4256 2823 4311 flectat
2870 4255 3098 4310 Christo
3133 4274 3145 4311 :
3180 4255 3327 4311 nihil
3359 4258 3646 4313 remansit
3695 4260 3759 4315 in
3813 4266 3972 4317 terra
4013 4255 4015 4295 l

2302 4347 2457 4418 quod
2483 4362 2597 4400 non
2624 4362 2772 4417 genu
2805 4344 3001 4400 ectat
3028 4344 3284 4400 Christo:
3313 4344 3457 4400 nihil
3479 4347 3535 4400 in
3559 4346 3775 4404 inferis
3809 4354 3969 4423 quod

2300 4453 2416 4491 non
2467 4451 2617 4507 genu
2649 4435 2842 4489 ectat
2883 4434 3134 4490 Christo.
3165 4435 3230 4489 Et
3254 4434 3361 4489 hoc
3393 4434 3561 4490 Pater
3599 4437 3653 4492 ei
3698 4439 3969 4495 donavit.

2301 4525 2556 4580 Possunt
2585 4523 2741 4580 enim
2774 4524 3020 4596 probare
3049 4523 3144 4593 qui
3190 4523 3409 4595 legunt,
3442 4524 3491 4579 si
3525 4541 3595 4580 ex
3638 4544 3783 4584 mea
3835 4547 3971 4585 auc-

2301 4614 2533 4669 toritate
2563 4612 2648 4669 vel
2679 4630 2745 4668 ex
2775 4612 3167 4684 multiloquio,
3201 4618 3265 4667 ut
3312 4630 3576 4682 accusas,
3605 4614 3769 4673 hanc
3802 4636 3971 4690 pros-
4006 4624 4015 4690 1

2305 4705 2596 4760 cntionem
2631 4702 2760 4767 feci,
2795 4706 2895 4757 aut
2926 4707 3077 4757 certe
3127 4703 3198 4758 de
3246 4702 3590 4760 auctoritate
3620 4705 3970 4765 divinarum

2304 4795 2739 4865 Scripturarum
2772 4791 3113 4862 respondeo.

2375 4882 2426 4935 3.
2452 4881 2608 4937 Dicis
2630 4881 2910 4952 Spiritum
2930 4884 3199 4935 sanctum
3222 4881 3373 4951 quod
3400 4879 3644 4953 aequalis
3678 4883 3766 4939 sit
3798 4886 3969 4943 Filio.

2306 4972 2389 5027 Da
2408 4970 2765 5037 testimonia,
2788 4968 2885 5024 ubi
2920 4969 3199 5024 adoratur
3219 4968 3471 5041 Spiritus
3494 4975 3769 5041 sanctus,
3796 4976 3899 5031 ubi
3925 4976 3969 5030 ei

2307 5060 2564 5116 coelestia
2604 5066 2661 5114 et
2681 5059 2979 5115 terrestria
3018 5063 3073 5114 et
3103 5059 3330 5114 inferna
3360 5076 3510 5132 genu
3545 5059 3819 5119 ectant.
3859 5066 3971 5121 Nos

2307 5151 2483 5215 enim,
2523 5149 2676 5221 quod
2722 5149 3057 5204 adorandus
3084 5150 3160 5203 sit
3182 5148 3553 5216 DeuswPater,
3586 5149 3767 5208 beato
3790 5154 3968 5210 Paulo

2308 5239 2570 5313 apostolo
2594 5237 2881 5294 clamante
2912 5237 3224 5293 didicimus
3248 5255 3258 5292 :
3285 5239 3579 5309 Propterea
3606 5241 3772 5309 ecto
3792 5261 3972 5312 genua

2306 5347 2431 5386 mea
2460 5329 2529 5383 ad
2562 5332 2784 5383 Patrem
2827 5329 3048 5383 Domini
3088 5329 3265 5383 nostri
3305 5328 3431 5383 Iesu
3482 5327 3715 5400 Christi,
3750 5348 3826 5389 ex
3876 5350 3972 5407 quo

2307 5420 2483 5476 omnis
2500 5418 2815 5489 paternitas
2833 5420 2891 5470 in
2908 5417 3055 5471 cazlis
3070 5424 3121 5472 et
3134 5418 3193 5471 in
3217 5424 3363 5471 terra
3394 5418 3738 5475 nominatur
3750 5423 3969 5494 (Ephes.

2311 5526 2395 5575 111,
2448 5507 2675 5577 111,15).
2727 5506 3088 5561 Auctoritate
3130 5511 3470 5561 sanctorum
3521 5506 3969 5580 Scripturarum

2309 5599 2617 5653 adoremus
2641 5596 3080 5666 Patremzmque
3112 5597 3181 5650 ab
3215 5594 3359 5666 ipsis
3390 5595 3609 5651 divinis
3642 5599 3967 5674 Scripturis

2308 5686 2601 5749 instructi,
2630 5684 2876 5739 colimus
2902 5688 2958 5739 et
2988 5684 3300 5739 adoramus
3334 5684 3519 5740 Deum
3550 5684 3889 5749 Christum.
3913 5690 3964 5747 Si

2420 5784 2597 5844 Abest,
2628 5795 2749 5841 esse,
2777 5783 2844 5832 ab
2874 5782 2959 5831 Er.
3056 5781 3125 5831 M.
