4040 6468
358 416 478 477 ’737

353 556 491 608 tura
519 550 693 603 suaet
718 547 1168 604 substantiasua
1186 552 1457 607 concordi
1492 551 1841 624 aaqualitate‘
1868 569 2005 625 quo-

357 635 495 691 dam
530 637 702 692 modo
737 636 883 691 uniti
927 642 1100 709 atque
1139 639 1372 695 conflati
1398 656 1413 697 :
1435 645 1492 696 et
1522 641 1693 697 Pater
1722 640 1904 696 Filius
1952 644 2010 697 et

357 723 614 796 Spiritus
627 730 1010 792 sanctus,unu
1022 743 1077 782 m
1096 728 1699 800 propterindividuam
1713 731 2007 786 eamdem-

359 828 473 884 que
495 817 785 869 naturam.
807 814 1004 869 Recito
1022 814 1352 885 lectionem,
1387 834 1563 888 quam
1594 818 1851 892 legentes
1875 835 2007 891 pos-

361 906 502 957 sunt
530 902 775 974 probare
797 903 937 975 quid
965 903 1231 960 Christus
1262 906 1489 962 dixerit.
1523 907 1618 963 Sic
1649 908 1802 963 enim
1838 907 1917 962 ait
1948 908 2007 963 in

362 991 696 1064 Evangelio,
718 992 946 1048 Patrem
962 1010 1136 1050 suum
1150 1011 1323 1051 orans
1338 1012 1441 1067 pro
1464 996 1772 1070 discipulis
1788 1014 1800 1051 :
1816 1002 2008 1071 Pater,

358 1085 453 1151 [ac
488 1081 614 1137 illos
633 1097 824 1150 unum,
856 1084 998 1139 sicut
1016 1088 1069 1139 et
1097 1099 1198 1141 nos
1226 1100 1397 1140 unum
1412 1102 1604 1141 sumus
1630 1104 1650 1142 :
1670 1088 1808 1142 sicut
1827 1102 1920 1157 ego
1950 1086 2010 1142 in

361 1177 477 1227 teet
507 1174 566 1226 tu
584 1171 646 1225 in
672 1186 780 1238 me,
801 1180 864 1228 ut
891 1174 945 1227 et
962 1172 1054 1228 illi
1072 1174 1132 1228 in
1160 1174 1316 1229 nobis
1337 1191 1509 1230 unum
1534 1176 1683 1238 sint;
1718 1178 1777 1230 ut
1811 1190 2008 1247 cogno-

358 1268 477 1316 scat
492 1259 581 1315 hic
593 1259 831 1316 mundus
848 1263 1108 1333 quoniam
1128 1268 1190 1318 tu
1204 1277 1290 1319 me
1304 1264 1526 1335 misisti,
1549 1264 1861 1321 etdilexisti
1879 1263 2011 1321 illos

357 1351 503 1406 sicut
516 1366 604 1406 me
616 1349 866 1407 dilexisti
875 1351 1409 1423 (Joan.xvr1,21-23).
1434 1355 1596 1419 Quod
1620 1353 1769 1427 lego,
1795 1355 1964 1409 credo
1992 1371 2007 1410 :

360 1437 692 1496 dilectionis
724 1440 857 1496 fecit
879 1441 1257 1509 mentionem,
1281 1447 1337 1498 et
1367 1459 1481 1498 non
1504 1443 2007 1499 substantiaaﬂer-

359 1532 491 1584 tum
525 1533 613 1585 est
634 1534 825 1585 autem
850 1530 1045 1601 ipsum
1069 1530 1426 1588 Salvatorem
1448 1532 1684 1598 dixisse,
1720 1534 1824 1601 Qui
1851 1532 2011 1589 audit

359 1617 627 1674 mandata
647 1622 849 1690 mea,et
868 1619 1196 1685 custodilea,
1220 1621 1317 1675 ille
1334 1630 1415 1677 est
1437 1622 1532 1693 qui
1554 1621 1750 1694 diligit
1766 1638 1872 1678 me.
1906 1623 2014 1691 Qui

358 1713 549 1764 autem
567 1707 749 1779 diligit
770 1725 871 1779 me,
894 1707 1159 1781 diligetur
1177 1726 1211 1765 a
1240 1711 1405 1766 Patre
1431 1726 1568 1776 meo,
1601 1715 1652 1766 et
1662 1727 1757 1781 ego
1775 1712 2011 1783 diligam

360 1798 524 1852 illum
542 1814 563 1859 ,θ
590 1800 640 1852 et
668 1798 973 1864 veniemus,
1003 1801 1056 1853 et
1070 1800 1411 1855 mansionem
1434 1800 1588 1872 apud
1608 1817 1731 1856 cum
1746 1802 2012 1872 faciemus

360 1885 464 1955 (Id.
487 1903 603 1953 x1v,
624 1886 838 1953 21-23).
884 1885 943 1942 Si
974 1886 1130 1943 enim
1168 1892 1331 1943 tanta
1363 1888 1460 1944 illa
1482 1888 1813 1944 sublimitas
1837 1894 2011 1961 atque

361 1977 645 2047 majestas
675 1975 1111 2046 Patris,necnon
1135 1977 1310 2032 etiam
1331 1977 1477 2045 Filii,
1496 1977 1651 2033 intra
1671 1995 1849 2034 unam
1872 1978 2008 2034 tedi-

360 2064 553 2121 culam
588 2064 803 2121 mentis
828 2069 1037 2121 nostrae
1077 2066 1387 2137 recipitur;
1430 2072 1648 2138 quanto
1683 2066 1870 2140 magis
1895 2067 2009 2123 uti-

362 2170 499 2227 que,
524 2153 707 2210 Filius
740 2159 963 2209 certum
985 2158 1074 2209 est
1094 2159 1152 2210 et
1175 2154 1300 2210 sine
1315 2155 1492 2211 dubio
1513 2156 1665 2227 quod
1688 2156 1799 2211 erit
1817 2156 1874 2210 in
1903 2156 2007 2211 Pa-

360 2248 449 2300 tre
464 2244 491 2299 ?
514 2244 804 2299 Itatamen
821 2248 887 2298 ut
901 2241 1173 2309 Filius,ut
1193 2243 1387 2299 aliusa
1404 2244 1599 2300 Patre:
1616 2245 1717 2316 qui
1746 2245 2005 2316 quidem,

361 2333 456 2390 uti
465 2349 565 2406 pse
579 2331 1140 2405 exposuisti‘imnum
1164 2338 1307 2389 sunt
1326 2334 1495 2389 Pater
1509 2339 1565 2390 et
1583 2334 1784 2401 Filius;
1800 2350 1914 2390 non
1929 2338 2010 2389 ta-

364 2441 497 2480 men
521 2441 676 2481 unus
701 2442 714 2480 :
739 2440 923 2479 unum
951 2424 1020 2479 ad
1049 2426 1417 2480 concordiam
1445 2426 1714 2498 pertinet,
1750 2443 1904 2481 unus
1934 2425 2007 2480 ad

362 2531 676 2571 numerum
701 2513 1295 2586 singularitatis.Nam
1318 2520 1375 2570 et
1388 2515 1549 2570 Pauli
1573 2514 1722 2570 beati
1751 2514 2009 2570 testimo-

363 2604 528 2660 nium
564 2603 1043 2676 protulisti,quod
1069 2602 1272 2659 libenti
1287 2604 1481 2660 animo
1505 2605 1909 2677 suscepimus:
1935 2604 2008 2659 si-

361 2694 602 2766 quidem
624 2694 860 2749 ﬁrmum
892 2709 1079 2765 genus
1110 2700 1200 2749 est
1244 2694 1526 2765 veritatis,
1563 2695 1719 2765 quod
1759 2694 1832 2749 ab
1861 2693 2007 2765 ipsis

360 2783 539 2840 etiam
586 2782 1122 2839 contradicentibus
1161 2783 1467 2856 promitur.
1516 2782 1791 2839 Recitasti
1850 2782 2003 2838 enim

363 2871 609 2927 Paulum
646 2872 883 2936 dixisse,
924 2872 1031 2942 Ego
1078 2874 1344 2944 plantavi,
1401 2872 1595 2942 Apollo
1638 2872 1869 2943 rigavit;
1914 2870 2007 2926 sed

366 2966 508 3017 Deus
538 2962 928 3017 incrementum
958 2960 1122 3016 dedit.
1156 2962 1344 3032 Itaque
1373 2977 1547 3032 neque
1573 2963 1667 3032 qui
1696 2961 1753 3032 pl
1773 2970 1912 3016 entat
1927 2964 2007 3015 est

362 3051 594 3123 aliquid,
625 3066 803 3122 neque
847 3051 944 3121 qui
982 3052 1166 3119 rigat;
1193 3051 1288 3105 sed
1334 3051 1428 3122 qui
1479 3052 1885 3106 incrementum
1910 3051 2007 3106 dat

361 3141 523 3201 Deus.
558 3141 667 3209 Qui
716 3140 933 3212 plantat
980 3143 1160 3196 autem
1204 3143 1257 3195 et
1304 3141 1401 3210 qui
1444 3140 1592 3210 rigat
1637 3157 1811 3195 unum
1838 3144 2005 3203 sunt;

360 3232 743 3301 unusquisque
764 3232 947 3283 autem
961 3244 1121 3282 suam
1142 3227 1439 3284 mercedem
1455 3230 1683 3299 accipiet
1707 3229 2007 3284 secundum

359 3335 521 3374 suum
553 3319 791 3374 laborem
821 3318 864 3389 (Ι
889 3316 1502 3388 Cor.111,6-8).Adverte
1530 3317 1728 3388 igitur,
1774 3318 1913 3389 quia
1934 3317 2006 3372 li-

361 3412 456 3465 cet
484 3423 670 3463 unnm
702 3405 1161 3473 sintconcordia,
1188 3410 1441 3461 attamen
1464 3408 1835 3478 unusquisque
1848 3423 2007 3462 suam

359 3497 662 3553 mercedem
690 3496 918 3567 accipiet
960 3495 1259 3551 secundum
1286 3512 1449 3550 suum
1479 3496 1739 3553 laborem.
1778 3501 2008 3552 Intuere

362 3602 501 3658 ergo
532 3590 588 3641 et
613 3585 755 3641 illud
787 3586 941 3656 quod
978 3584 1256 3640 Dominus
1285 3585 1384 3651 ait,
1409 3586 1515 3656 Ego
1544 3590 1597 3641 et
1624 3588 1790 3641 Pater
1831 3601 2003 3641 unum

362 3692 552 3731 sumus
598 3679 782 3744 (Joan.
828 3692 883 3741 χ,
918 3674 1008 3744 30)
1042 3689 1057 3729 :
1091 3674 1246 3746 quod
1278 3681 1433 3729 certa
1479 3674 1591 3729 ﬁde
1621 3692 1655 3731 a
1687 3675 1856 3731 nobis
1886 3691 2004 3731 cre-

364 3766 525 3820 ditur
546 3769 603 3821 et
635 3764 975 3835 suscipitur.
1007 3762 1112 3826 Qui
1144 3763 1305 3828 dicit,
1350 3764 1487 3833 Ego;
1518 3762 1700 3819 Filius
1737 3769 1827 3819 est
1858 3781 1871 3819 :
1906 3764 2006 3835 qui

356 3859 521 3930 dicit,
552 3861 603 3915 et
636 3865 828 3927 Pater;
854 3857 1103 3913 alterum
1135 3855 1359 3913 Patrem
1392 3857 1665 3913 ostendit.
1702 3859 1879 3915 Unum
1893 3857 2003 3927 ait;

359 3966 501 4014 non,
534 3966 707 4004 unus.
733 3948 956 4020 Saepius
988 3948 1207 4002 dictum
1239 3952 1327 4003 est
1357 3948 1495 4020 quia
1526 3965 1711 4004 unum
1760 3950 1831 4005 ad
1862 3966 2006 4006 con-

358 4038 621 4093 cordiam
655 4038 918 4110 pertinet.
954 4037 1253 4103 Quomodo
1288 4053 1402 4092 non
1422 4054 1606 4093 unum
1639 4038 1807 4095 Pater
1835 4043 1892 4095 et
1920 4038 2006 4093 Fi-

357 4126 497 4197 lius,
531 4143 663 4182 cum
707 4127 941 4198 quando
991 4126 1205 4181 clamat
1252 4125 1453 4194 Filius,
1487 4128 1595 4198 Ego
1642 4142 1768 4198 qua
1792 4128 2006 4199 placita

354 4219 487 4271 sunt
514 4216 674 4272 Patri
699 4217 846 4287 facio
888 4230 1101 4287 semper
1135 4214 1235 4287 (Id.
1269 4217 1396 4283 vm,‘
1421 4216 1543 4288 29)?
1570 4217 1734 4271 Tunc
1764 4217 2003 4273 demum

356 4322 475 4361 non
508 4310 661 4361 esset
692 4322 875 4360 unum
900 4321 1033 4360 cum
1066 4304 1250 4373 Patre,
1284 4304 1334 4360 si
1365 4304 1654 4361 contraria
1672 4306 1827 4361 Patri
1859 4307 2005 4363 face-

357 4397 449 4450 ret
478 4393 811 4466 aliquando.
861 4394 955 4450 Sic
1003 4398 1197 4449 autem
1256 4398 1314 4448 et
1358 4393 1615 4465 Apostoli
1649 4410 1833 4450 unum
1865 4400 2005 4452 sunt

356 4498 493 4538 cum
526 4483 692 4538 Patre
719 4487 776 4538 et
806 4480 972 4553 Filio,
1002 4480 1062 4536 in
1093 4497 1159 4537 eo
1191 4480 1345 4552 quod
1378 4479 1437 4535 in
1472 4481 1748 4537 omnibus
1787 4482 1859 4537 ad
1903 4499 2000 4539 vo-

354 4571 642 4628 luntatem
678 4571 777 4626 Dei
826 4571 1013 4626 Patris
1064 4568 1463 4642 respicientes,
1496 4570 1568 4625 ad
1613 4570 2002 4629 imitationem

356 4663 488 4721 Filii
518 4664 737 4720 subditi
770 4663 870 4720 uni
892 4662 1005 4719 Deo
1036 4661 1185 4718 Patri
1232 4666 1289 4718 et
1336 4662 1448 4733 ipsi
1488 4662 1866 4718 inveniuntur
1892 4664 1999 4736 (a).

357 4754 426 4811 Et
450 4772 563 4812 non
609 4759 838 4811 tantum
874 4770 975 4826 pro
1012 4751 1304 4826 Apostolis
1351 4751 1601 4825 legimus
1648 4753 2001 4810 Salvatcrem

356 4864 576 4913 orasse,
607 4852 674 4904 ut
696 4864 880 4904 unum
911 4846 1051 4913 sint,
1086 4846 1187 4901 sed
1218 4844 1393 4901 etiam
1426 4861 1530 4917 pro
1561 4846 1871 4902 credituris
1900 4864 2004 4920 per
2042 4860 2047 4864 ’

352 4939 595 4995 verbum
640 4938 899 5006 illorum,
949 4935 1146 4992 dicens
1179 4952 1192 4991 :
1226 4934 1348 4991 Non
1377 4936 1553 4991 solum
1581 4952 1679 5008 pro
1720 4937 1805 4993 his
1835 4954 2001 5010 rogo;

352 5028 453 5085 sed
481 5032 533 5084 et
551 5044 652 5101 pro
682 5027 975 5084 credituris
1001 5041 1105 5098 per
1157 5024 1377 5081 verbum
1426 5026 1654 5081 illorum
1682 5028 1744 5082 in
1794 5043 1882 5083 me
1901 5044 1920 5082 :
1941 5032 2002 5084 ut

351 5132 545 5173 omnes
578 5133 752 5171 unum
780 5118 922 5181 sint,
953 5116 1095 5170 sicut
1124 5120 1183 5169 tu
1218 5118 1384 5168 Pater
1413 5115 1473 5169 in
1500 5130 1607 5182 me,
1640 5123 1694 5171 et
1721 5131 1815 5186 ego
1837 5118 1896 5171 in
1926 5125 1997 5184 te,

351 5214 415 5261 ut
442 5214 493 5261 et
520 5206 611 5261 illi
640 5207 699 5261 in
728 5205 891 5260 nobis
920 5221 1097 5259 unum
1114 5204 1248 5264 sint;
1288 5210 1349 5257 ut
1390 5208 1674 5273 cognoscat
1719 5204 1808 5260 hic
1834 5222 1997 5261 mun-

351 5294 457 5351 dus
486 5296 621 5367 quia
647 5304 707 5351 tu
722 5311 808 5352 me
820 5295 1102 5362 misisti,et
1120 5292 1375 5348 dilexiin
1394 5292 1520 5348 illos
1539 5295 1679 5349 sicut
1693 5310 1779 5350 me
1797 5294 1997 5352 dilexi-

350 5390 446 5444 sti.
488 5387 826 5445 Dilectionis
868 5387 1024 5455 fecit,
1069 5390 1135 5442 ut
1180 5386 1458 5452 diximus,
1507 5388 1897 5456 mentionem,
1942 5394 2000 5447 et

353 5493 471 5533 non
502 5476 846 5533 divinitatis.
880 5474 1021 5543 Quis
1064 5479 1259 5531 autem
1299 5473 1533 5547 ignorat
1574 5478 1727 5546 quod
1762 5476 1995 5546 Paulus,

416 5577 433 5611 ί
471 5575 687 5639 Aliquot
716 5575 867 5635 Mss.,
884 5572 1171 5636 concordia,
1197 5572 1512 5638 zqualitate.
1527 5573 1772 5636 Quidam,
1796 5589 1997 5627 concor-

336 5638 442 5703 diae
461 5638 789 5703 aequalitate.

412 5702 435 5737 ³
459 5698 545 5751 Eri
584 5701 753 5776 hugd.
802 5703 876 5773 et_
901 5700 1046 5773 L_ov.,
1059 5698 1230 5813 1⁵ἔνθα
1274 5698 1480 5765 quidem
1508 5700 1805 5765 exposuisti.
1841 5702 1994 5766 νοω,

412 5765 490 5813 :od
512 5766 642 5813 quid
665 5765 963 5813 exposuisti.
1114 5796 1130 5812 .

341 5765 490 5829 quod
512 5765 642 5829 quid
665 5765 963 5829 exposuisti.
1059 5765 1130 5813 Μ.

412 5829 482 5891 (a)
511 5825 643 5883 Vide
668 5825 954 5892 Augustini
985 5838 1143 5878 eorm.
1174 5826 1282 5889 uo,
1312 5837 1369 5876 n.
1399 5827 1445 5888 ι,
1475 5828 1603 5878 tom.
1633 5828 1683 5879 5.

1065 418 1446 481 COLLATIO
1490 421 1649 484 CUM
1700 419 2095 484 MAXIMINO
2140 425 2615 490 ARIANORUM
2659 429 3056 491 EPISCOPO.

3643 434 3764 493 738

2115 554 2331 612 Paulns
2357 562 2473 625 est;
2508 564 2566 613 et
2592 559 2818 631 Apollo,
2842 561 3046 633 Apollo
3077 566 3202 618 est:
3236 578 3370 618 cum
3405 564 3639 634 quando
3672 565 3761 619 di-

2115 647 2209 698 cat
2253 644 2377 716 ipse
2418 646 2657 715 Paulus,
2704 650 2836 704 Plus
2884 651 3136 706 omnibus
3167 652 3283 706 illis
3327 652 3613 721 laboravi;
3651 670 3762 710 non

2112 749 2212 801 ego
2269 739 2474 803 autem,
2506 737 2598 791 sed
2626 739 2811 807 gratia
2856 740 2959 793 Dei
2983 755 3194 795 mecum
3239 741 3285 811 (Ι
3335 743 3462 809 Cor,
3506 758 3596 807 xv,
3632 741 3761 805 10)?

2112 821 2258 878 Nam
2293 824 2393 896 qui
2424 823 2555 896 plus
2576 824 2823 893 laborat,
2856 826 2985 898 plus
3016 829 3405 899 consequitur.
3452 833 3756 885 Verumta-

2116 927 2247 967 men
2282 930 2463 969 unum
2511 918 2669 981 sunt,
2706 914 2763 969 in
2796 930 3107 981 consensu,
3141 917 3199 970 in
3249 919 3665 990 convenientia,
3698 919 3759 976 in

2114 1000 2459 1071 dilectione;
2493 1004 2726 1075 quando
2758 1003 2813 1059 id
2849 1005 3069 1059 faciunt
3099 1006 3252 1077 quod
3290 1009 3436 1063 Deus
3463 1008 3603 1065 vult.

2183 1091 2273 1146 23.
2310 1092 2463 1148 Dicis
2492 1094 2646 1164 quod
2697 1110 2852 1149 unus
2882 1097 2972 1149 est
3024 1096 3193 1150 Deus.
3239 1100 3470 1163 Astrue,
3505 1097 3556 1153 si
3597 1098 3765 1155 Pater

2112 1183 2170 1234 et
2200 1178 2380 1237 Filius
2428 1182 2683 1253 Spiritus
2715 1188 2953 1238 sanctus
2985 1200 3139 1238 unus
3169 1187 3259 1239 est
3287 1184 3461 1255 Deus,
3494 1202 3566 1241 an
3599 1186 3762 1243 solus

2112 1268 2281 1324 Pater
2300 1286 2454 1325 unus
2485 1270 2639 1326 Deus
2662 1271 2947 1327 dicendus
2968 1277 3079 1340 est,
3102 1273 3270 1343 cujus
3302 1273 3477 1329 Filius
3497 1274 3764 1331 Christus

2112 1362 2312 1413 noster
2338 1362 2427 1414 est
2456 1359 2628 1415 Deus.
2662 1359 2905 1416 Judaico
2938 1377 3097 1416 more
3128 1360 3383 1417 hortaris
3434 1379 3541 1419 nos
3580 1364 3763 1436 proti-

2115 1447 2225 1502 teri
2255 1464 2436 1503 unum
2472 1448 2703 1504 Deum?
2744 1450 2823 1504 An
2856 1450 2926 1505 de
2976 1451 3339 1521 subjectione
3368 1451 3498 1507 Filii
3547 1454 3759 1519 potius,

2114 1537 2439 1592 secundum
2476 1539 2626 1607 quod
2657 1537 2831 1593 habet
2875 1538 3019 1594 ﬁdes
3043 1538 3390 1609 Christiana,
3435 1543 3764 1598 ostenditur

2116 1642 2271 1680 unus
2304 1642 2431 1682 esse
2463 1631 2634 1694 Deus,
2659 1628 2828 1697 cujus
2860 1627 3013 1682 ﬁlius
3046 1633 3241 1683 noster
3271 1634 3360 1685 est
3386 1628 3564 1695 Deus,
3584 1637 3649 1687 ut
3670 1631 3757 1687 di-

2115 1713 2346 1769 ximus?
2376 1714 2519 1769 Nam
2558 1716 2695 1786 quia
2724 1716 2891 1771 Pater
2911 1722 2967 1771 et
2996 1717 3176 1772 Filius
3209 1734 3319 1772 non
3351 1723 3440 1774 est
3470 1736 3639 1788 unus,
3672 1719 3761 1775 vel

2112 1801 2291 1858 Paulo
2320 1804 2488 1857 crede
2518 1804 2751 1870 dicenti,
2782 1806 2929 1875 quod
2964 1822 3064 1875 per
3090 1806 3351 1877 singulas
3384 1808 3498 1862 fere
3532 1808 3762 1880 Episto-

2115 1890 2200 1946 las
2231 1891 2591 1963 pronuntiat,
2627 1893 2828 1948 dicens
2862 1910 2875 1949 :
2906 1897 3103 1949 Gratia
3132 1895 3282 1950 vobis
3324 1912 3393 1950 ex
3437 1913 3552 1968 pax
3580 1914 3614 1951 a
3648 1901 3760 1952 Deo

2111 1985 2283 2036 Patre
2302 1990 2486 2037 nostro
2516 1986 2570 2037 et
2600 1983 2832 2038 Domino
2860 1985 2987 2039 Jesu
3018 1983 3231 2039 Christo
3254 1985 3425 2056 (Rom.
3447 2003 3484 2055 1,
3508 1986 3565 2047 7,-
3588 1990 3609 2039 Ι
3634 1986 3755 2041 Cor.

2110 2071 2225 2136 1,3;
2262 2070 2305 2125 [Ι
2336 2070 2459 2127 Cor.
2496 2089 2536 2137 1,
2564 2072 2622 2133 2,·
2653 2072 2830 2127 Galal.
2866 2088 2902 2139 1,
2935 2072 2987 2142 3,
3020 2076 3070 2129 et
3100 2073 3289 2144 Ephes.
3344 2091 3382 2138 1,
3422 2077 3498 2141 2).
3553 2074 3758 2130 Adhuc

2110 2164 2307 2215 autem
2342 2177 2354 2215 :
2400 2160 2544 2216 Unus
2596 2165 2745 2216 Deus
2774 2163 2957 2227 Pater,
2988 2179 3061 2216 ea:
3088 2177 3191 2233 quo
3236 2164 3442 2228 omnia,
3489 2167 3542 2217 et
3564 2179 3659 2219 nos
3697 2164 3759 2218 in

2111 2250 2245 2319 ipso;
2266 2252 2317 2303 et
2345 2266 2489 2304 unus
2515 2251 2778 2305 Dominus
2796 2252 2949 2305 Iesus
2973 2250 3244 2313 Christus.
3252 2269 3353 2321 per
3372 2268 3530 2322 quem
3547 2255 3754 2321 omnia,

2107 2342 2158 2393 et
2182 2353 2279 2393 nos
2309 2339 2369 2392 in
2395 2340 2527 2410 ipso‘
2559 2340 2604 2409 (Ι
2639 2339 2760 2395 Cor.
2790 2356 2912 2407 v111,
2943 2340 3020 2407 6).
3058 2339 3170 2394 Iste
3221 2344 3311 2395 est
3350 2340 3451 2411 qui
3497 2358 3530 2396 a
3588 2341 3756 2397 nobis

2110 2426 2457 2483 Christianis
2508 2445 2662 2483 unus
2714 2433 2862 2483 Deus
2916 2428 3295 2499 praedicatur,
3358 2445 3531 2499 quem
3576 2428 3757 2485 Filius

2109 2532 2294 2572 unum
2354 2518 2696 2588 pronuntiat
2744 2518 2984 2582 bonum,
3046 2517 3296 2571 dicens:
3345 2518 3508 2572 Nemo
3565 2518 3755 2587 bonus,

2106 2606 2221 2660 nisi
2246 2622 2391 2661 unus
2408 2612 2550 2661 Deus
2580 2606 2771 2677 (Marc.
2796 2623 2851 2675 x,
2882 2605 2989 2677 l8).
3020 2606 3143 2660 Non
3166 2606 3317 2676 quod
3347 2606 3612 2661 Christus
3636 2624 3751 2663 non

2108 2698 2184 2749 sit
2216 2696 2405 2750 bonus
2438 2712 2451 2750 :
2485 2696 2608 2766 ipse
2663 2696 2819 2751 enim
2875 2696 2974 2761 ait,
3026 2696 3132 2765 Ego
3178 2710 3301 2750 sum
3352 2699 3539 2767 pastor
3582 2695 3751 2751 bonus

2109 2783 2291 2856 (Joan.
2321 2802 2377 2855 x,
2412 2785 2520 2857 11).
2553 2785 2677 2840 Non
2735 2785 2889 2857 quod
2923 2784 3176 2855 Spiritus
3234 2789 3472 2840 sanctus
3524 2801 3638 2840 non
3673 2784 3752 2841 sit

2109 2874 2296 2928 bonus
2329 2889 2341 2927 :
2377 2873 2515 2928 audi
2548 2873 2889 2945 prophetam
2938 2873 3311 2939 clamantem,
3346 2872 3585 2944 Spiritus
3623 2883 3748 2929 tuus

2109 2962 2278 3017 bonus
2305 2962 2527 3017 deducet
2554 2978 2641 3017 me
2667 2963 2725 3017 in
2774 2964 2922 3017 viam
2966 2965 3169 3017 rectam
3212 2962 3384 3032 (Psal.
3434 2978 3602 3034 exui,
3635 2964 3745 3035 10).

2108 3051 2259 3106 Audi
2291 3050 2710 3107 autem.adhuc
2751 3049 3067 3106 Salvatoris
3113 3049 3516 3106 testimonium
3546 3051 3746 3107 dicen-

2106 3141 2205 3205 tis,
2241 3142 2418 3196 Bonus
2442 3141 2596 3196 homo
2625 3140 2691 3195 de
2719 3139 2973 3195 thesauro
3014 3138 3193 3195 cordis
3243 3142 3332 3195 sui
3372 3141 3585 3211 profert
3611 3142 3749 3197 bona

2107 3231 2258 3299 (Luc.
2286 3247 2364 3297 v1,
2397 3230 2506 3301 45).
2543 3229 2775 3286 Necnon
2805 3229 2979 3285 etiam
3011 3234 3068 3284 et
3094 3229 3287 3284 omnis
3334 3234 3598 3285 creatura
3650 3229 3748 3286 Dei

2108 3320 2262 3375 bona
2291 3320 2477 3375 valde.
2530 3320 2591 3375 Si
2621 3323 2889 3375 creatura
2939 3319 3110 3387 bona,
3144 3318 3194 3373 si
3244 3319 3415 3373 homo
3456 3320 3663 3383 bonus,
3697 3319 3748 3375 si

2107 3407 2359 3480 Spiritus
2389 3413 2630 3464 sanctus
2660 3409 2871 3471 bonus,
2893 3406 2942 3464 si
2972 3405 3242 3461 Christus
3264 3407 3472 3474 bonus,
3507 3422 3746 3477 quema-

2108 3498 2391 3553 dmodum
2422 3514 2576 3552 unus
2622 3496 2810 3552 bonus
2862 3494 3276 3566 requirendum
3307 3498 3415 3550 est.
3448 3494 3595 3558 Quia
3633 3494 3746 3551 uti-

2109 3602 2221 3657 que
2250 3585 2333 3641 sic
2364 3584 2444 3641 ait
2473 3584 2751 3652 Salvator,
2782 3588 2953 3642 Nemo
2985 3585 3174 3654 bonus,
3213 3584 3327 3639 nisi
3370 3600 3515 3639 unus
3564 3590 3708 3640 Deus
3727 3602 3747 3640 .·

2107 3691 2174 3729 eo
2198 3675 2351 3746 quod
2384 3674 2508 3745 ipse
2537 3677 2626 3729 est
2656 3674 2783 3729 fons
2806 3672 3100 3737 bonitatis,
3122 3671 3221 3743 qui
3245 3672 3395 3742 quod
3420 3677 3509 3729 est
3533 3672 3748 3744 bonus,

2108 3780 2141 3819 a
2170 3765 2402 3819 nemine
2432 3763 2672 3835 accepit.
2700 3762 2845 3819 Nam
2877 3766 2933 3816 et
2954 3760 3218 3816 Christus
3240 3761 3390 3831 quod
3419 3766 3507 3817 est
3534 3761 3746 3832 bonus,

2108 3869 2143 3908 a
2173 3870 2279 3909 suo
2319 3852 2579 3926 genitore
2609 3856 2699 3908 est
2730 3856 2794 3907 ut
2822 3852 2898 3907 sit
2919 3851 3129 3917 bonus;
3162 3855 3219 3906 et
3263 3850 3456 3906 omnis
3486 3856 3751 3906 creatura

2108 3942 2209 3999 Dei
2240 3943 2411 4009 bona,
2448 3959 2549 4015 per
2569 3940 2868 3998 Christum
2900 3939 3123 4013 accepit
3151 3944 3215 3995 ut
3246 3943 3401 3996 esset
3433 3940 3602 3996 bona.
3637 3940 3749 3997 Sed

2108 4032 2228 4088 sive
2256 4031 2458 4098 Filius,
2491 4031 2613 4086 sive
2662 4030 2761 4101 qui
2818 4046 2920 4101 per
2968 4028 3134 4084 illum
3178 4035 3317 4085 sunt
3364 4029 3523 4097 facti,
3553 4030 3623 4085 de
3653 4028 3751 4084 illo

2109 4138 2225 4177 uno
2257 4121 2412 4177 fonte
2441 4119 2720 4175 bonitatis
2768 4118 3176 4189 unusquisque
3218 4118 3543 4173 secundum
3590 4133 3753 4173 men-

2108 4228 2309 4266 suram
2341 4209 2473 4265 ﬁdei
2505 4227 2625 4264 suae
2654 4212 3100 4279 assumpserunt
3128 4212 3195 4263 ut
3222 4212 3419 4263 essent
3448 4206 3604 4263 boni.
3645 4207 3753 4263 Pa-

2107 4305 2194 4356 ter
2223 4305 2413 4357 autem
2449 4315 2621 4364 unus,
2656 4298 2809 4369 quod
2842 4303 2929 4352 est
2958 4297 3167 4366 bonus,
3201 4311 3235 4351 a
3256 4295 3487 4351 nemine
3507 4295 3750 4367 accepit.

2107 4389 2175 4445 Et
2203 4389 2332 4444 ideo
2363 4387 2444 4443 ait
2472 4387 2758 4458 Christus,
2790 4386 2953 4442 Nemo
2972 4394 3050 4442 est
3074 4385 3264 4452 bonus,
3302 4386 3418 4441 nisi
3458 4402 3625 4442 unus.
3659 4384 3754 4441 Sic

2107 4495 2242 4551 ergo
2274 4494 2427 4534 unus
2452 4481 2542 4533 est
2569 4476 2745 4547 Deus,
2778 4475 2916 4547 quia
2946 4492 3099 4531 unus
3138 4479 3229 4531 est
3251 4473 3750 4548 incomparabilis,

2106 4568 2247 4640 quia
2276 4584 2429 4623 unus
2460 4570 2548 4623 est
2575 4566 2922 4633 immensus,
2955 4568 3019 4620 ut
3040 4564 3168 4636 jam
3201 4581 3412 4621 sumus
3434 4564 3747 4637 prosecuti.

2175 4658 2265 4712 24.
2309 4656 2433 4712 Non
2467 4660 2826 4727 denegamus
2861 4654 3015 4726 quod
3057 4654 3237 4710 Filius
3262 4653 3469 4726 diligat
3499 4653 3750 4721 Patrem,

2105 4763 2239 4803 cum
2260 4745 2494 4818 quando
2518 4750 2577 4801 et
2597 4743 2880 4817 scriptum
2899 4743 3149 4816 legimus
3173 4760 3186 4800 :
3217 4745 3279 4801 Ut
3308 4745 3446 4799 sciat
3472 4742 3562 4798 hic
3588 4759 3752 4798 mun-

2105 4836 2205 4892 dus
2224 4838 2358 4908 quia
2385 4834 2551 4906 diligo
2570 4836 2810 4902 Patrem,
2832 4838 2884 4890 et
2912 4836 3055 4890 sicut
3086 4833 3413 4889 mandatum
3440 4830 3582 4887 mihi
3606 4830 3753 4887 dedit

2105 4928 2288 4997 Pater,
2320 4926 2399 4981 sic
2418 4925 2565 4995 facio
2590 4926 2771 4997 (Joan.
2792 4941 2906 4985 xxv.
2930 4924 3042 4993 31).
3068 4922 3305 4979 Constat
3334 4919 3541 4977 Filium
3574 4924 3633 4977 et
3663 4919 3750 4975 di-

2104 5015 2206 5089 ligi
2228 5019 2284 5071 et
2304 5013 2637 5085 diligere,et
2664 5014 3005 5068 mandatum
3031 5010 3236 5080 Patris,
3272 5014 3335 5065 ut
3364 5008 3490 5080 ipse
3517 5008 3747 5077 asserit,

2102 5103 2365 5176 implere.
2396 5103 2466 5159 Et
2498 5101 2627 5157 ideo
2676 5118 2859 5157 unum
2911 5103 3068 5167 sunt,
3103 5098 3428 5155 secundum
3460 5098 3614 5169 quod
3647 5097 3749 5166 ait,

2104 5199 2216 5263 Ego
2244 5198 2293 5248 et
2313 5194 2480 5248 Pater
2508 5207 2681 5246 unum
2708 5206 2895 5245 sumus
2916 5188 3015 5261 (Id.
3039 5205 3094 5258 x,
3118 5188 3230 5258 30).
3256 5187 3401 5243 Nam
3426 5186 3484 5241 in
3507 5202 3573 5243 eo
3594 5186 3752 5259 quod

2102 5283 2267 5348 dicit,
2292 5282 2398 5350 Qui
2424 5297 2512 5336 me
2539 5280 2695 5345 vidit,
2712 5278 2848 5335 vidit
2878 5283 2928 5334 et
2956 5280 3175 5335 Patrem
3205 5277 3305 5349 (Id.
3323 5292 3437 5343 xv1,
3464 5276 3562 5348 9);
3594 5280 3754 5332 certa

2102 5374 2216 5429 ﬁde
2248 5371 2604 5427 credendum
2638 5372 2726 5424 est
2750 5368 2889 5440 quia
2919 5369 3018 5439 qui
3066 5366 3222 5422 videt
3254 5365 3491 5436 Filium,
3524 5382 3628 5438 per
3658 5366 3750 5422 Fi-

2102 5462 2248 5518 lium
2278 5460 2435 5516 videt
2464 5463 2521 5515 et
2550 5457 2825 5529 intelligit
2855 5456 3107 5513 Patrem.

2169 5556 2260 5611 25.
2284 5551 2785 5625 Propterformam
2807 5548 3268 5620 servi,maiorem
3290 5546 3517 5603 Patrem
3532 5546 3752 5619 profes-

2161 5702 2177 5734 ¹
2217 5696 2371 5753 Editi,
2399 5709 2491 5760 per
2517 5694 2701 5757 ipsum.
2740 5695 2805 5744 At
2835 5694 2981 5760 M_ss.,
3021 5692 3077 5740 in
3123 5690 3231 5755 ipso
3257 5705 3279 5760 _:
3305 5695 3358 5741 et
3386 5691 3462 5760 sic
3500 5690 3750 5760 locamus

2097 5760 2385 5813 Maximino
2399 5754 2593 5807 'minus
2616 5760 2757 5807 recte
2785 5756 3050 5822 prolatum
3070 5754 3221 5807 notat
3242 5754 3572 5819 Augustinus
3598 5754 3657 5808 in
3683 5754 3747 5806 lio

2096 5825 2193 5877 bro
2224 5825 2271 5885 2,
2304 5835 2418 5886 cep.
2449 5824 2528 5882 23,
2557 5832 2615 5871 n.
2644 5822 2691 5873 3.
