4040 6446
407 400 524 459 739

407 545 512 585 sus
542 547 601 586 es
634 548 646 586 :
680 529 831 599 quod
866 527 1004 581 mihi
1052 526 1296 581 nimium
1349 524 1598 580 stultum
1646 540 1773 579 esse
1801 524 2048 577 videtur.

408 620 638 675 Scimus
688 618 843 681 :nim,
879 617 1027 685 quod
1060 620 1113 669 et
1135 615 1260 685 ipse
1285 612 1672 685 prolulisti,in
1690 612 1877 667 forma
1901 610 2052 666 servi

406 708 579 763 etiam
606 724 736 761 eum
764 705 999 772 Angelis
1033 707 1310 758 minorem
1347 703 1707 757 t'actum.Nec
1729 701 1881 756 enim
1910 701 2051 755 satis

405 796 463 849 in
495 796 737 865 gloriam
767 795 858 847 Uei
895 794 1192 865 professus
1223 795 1332 855 est,
1383 791 1479 860 qui
1516 792 1586 845 ad
1622 792 1867 845 formam
1901 789 2045 844 servi

408 886 686 954 majorem
738 883 963 937 Patrem
1013 881 1323 952 proﬁteris,
1355 881 1442 935 Ad
1501 880 1747 934 formam
1797 878 1947 933 servi
1995 881 2053 931 et

406 972 611 1044 Angeli
652 974 901 1043 majores
929 978 1083 1026 sunt.
1119 971 1233 1025 Nec
1262 970 1417 1025 enim
1450 970 1520 1024 ad
1554 968 1661 1023 hoc
1684 965 2047 1023 venithris-

406 1066 529 1129 tus,
562 1066 622 1116 ut
644 1079 750 1116 nos
779 1061 1096 1115 instrueret
1128 1060 1281 1131 quod
1313 1060 1384 1113 ad
1419 1059 1664 1113 formam
1698 1056 1846 1111 servi
1867 1056 2054 1125 major

407 1154 496 1206 est
524 1152 692 1206 Pater
724 1168 737 1205 :
771 1150 881 1205 Sed
916 1151 1041 1205 ideo
1075 1149 1302 1204 Veritas
1324 1149 1392 1202 ad
1428 1165 1533 1202 nos
1557 1146 1728 1212 venit,
1757 1151 1820 1201 ut
1852 1145 2053 1215 utique

404 1240 637 1295 doceret
698 1256 823 1310 nos,
883 1244 1057 1310 atque
1098 1240 1429 1301 instrueret,
1472 1237 1624 1308 quod
1690 1236 1854 1289 Pater
1910 1232 2052 1288 Filio

402 1330 591 1399 major
619 1333 725 1399 est,
750 1333 805 1383 et
838 1329 943 1383 hoc
977 1328 1116 1382 Filio
1169 1328 1267 1399 qui
1316 1342 1561 1392 magnus
1607 1329 1695 1379 est
1726 1329 1898 1379 Deus.
1933 1324 2050 1380 Nos

399 1417 554 1472 enim
586 1417 668 1472 sic
699 1417 1096 1489 gloriﬁcamus
1130 1416 1378 1480 Patrem,
1421 1418 1485 1469 ut
1517 1430 1726 1485 magno
1760 1414 1874 1467 Deo
1928 1429 2050 1467 ma-

390 1507 582 1577 jorem
612 1506 774 1561 illum
810 1507 1206 1577 proﬁteamur,
1242 1510 1305 1559 ut
1336 1503 1452 1558 alto
1497 1502 1901 1559 sublimiorem
1948 1518 2049 1556 an-

401 1595 758 1649 nuntiemus.
783 1597 867 1648 An
899 1612 1030 1649 vero
1062 1594 1172 1649 iste
1204 1600 1292 1649 est
1321 1593 1555 1648 debitus
1606 1592 1793 1645 honor
1827 1591 1948 1656 Dei,
1986 1594 2051 1645 ut

400 1685 585 1739 forma
620 1684 809 1739 servili
844 1685 1030 1755 major
1053 1685 1129 1738 sit
1159 1684 1345 1749 Pater,
1369 1687 1430 1736 tu
1464 1680 1700 1735 videris.

470 1775 559 1827 26.
586 1774 741 1828 Dicis
773 1774 927 1844 quod
960 1790 1019 1827 se
1054 1773 1330 1827 divinitas
1376 1771 1641 1842 patribus
1676 1768 1968 1824 ostendit:
1994 1772 2051 1823 et

400 1864 572 1933 paulo
604 1867 738 1917 ante
770 1867 1111 1933 prosecutus
1142 1878 1225 1927 es,
1259 1861 1412 1932 quod
1448 1860 1649 1931 utique
1680 1858 1956 1912 divinitas
1974 1859 2052 1913 sit

396 1951 727 2006 invisibilis.
753 1951 1017 2006 Ostendit
1038 1968 1097 2005 se
1125 1968 1284 2017 sane,
1305 1967 1417 2005 non
1451 1950 1636 2016 Pater,
1660 1948 1756 2017 qui
1791 1946 2051 2002 invisibi-

394 2039 469 2094 lis
499 2046 625 2094 est:
654 2057 723 2094 ne
756 2041 802 2094 si
835 2040 1102 2095 dicamus
1131 2041 1359 2094 Patrem
1391 2039 1582 2093 visum
1616 2037 1815 2091 fuisse.
1863 2043 2047 2107 Apos-

395 2128 582 2183 tolum
633 2130 949 2183 reddamus
997 2129 1358 2194 mendacem,
1408 2128 1508 2199 qui
1560 2128 1660 2195 ait,
1704 2128 1875 2193 Quem
1906 2126 2047 2180 vidit

400 2218 690 2271 hominum
720 2233 901 2281 nemo,
952 2234 1123 2288 neque
1166 2217 1347 2272 videre
1377 2226 1547 2288 potest
1578 2216 1621 2286 (Ι
1668 2216 1800 2269 Tim.
1828 2231 1901 2280 v1,
1938 2214 2044 2285 16).

400 2305 468 2360 Et
499 2323 611 2360 non
627 2306 817 2362 solum
837 2307 1166 2361 invenimur
1190 2307 1345 2361 Novo
1370 2306 1637 2361 resistere
1650 2306 2044 2367 Testamento,

399 2411 601 2449 verum
634 2396 809 2450 etiam
842 2401 897 2450 et
928 2396 1116 2451 Veteri
1148 2396 1271 2467 pari
1315 2396 1485 2450 modo
1517 2393 1790 2449 contrarii
1822 2391 2044 2446 inveni-

398 2500 550 2538 mur.
587 2485 844 2555 Denique
893 2484 976 2539 sic
1033 2485 1114 2539 ait
1171 2485 1575 2556 Moyses:Non
1612 2485 1779 2554 potest
1819 2483 2046 2552 quisque

394 2573 563 2627 Deum
590 2575 775 2627 videre
802 2576 852 2627 et
897 2575 1075 2628 vivere
1105 2574 1297 2643 (Exod.
1324 2590 1524 2638 xxxm,
1554 2574 1665 2639 20).
1723 2573 1852 2642 Ipse
1902 2586 2043 2625 sane

396 2662 618 2733 Moyses
650 2662 959 2733 descripsit
1004 2664 1058 2716 in
1102 2662 1251 2718 libro
1284 2660 1774 2731 Geneseos,quod
1826 2660 1898 2714 ab
1944 2658 2041 2714 illo

392 2752 580 2821 primo
612 2751 848 2806 homine
878 2752 1060 2807 Adam
1103 2768 1291 2823 usque
1323 2754 1393 2806 ad
1454 2751 1643 2823 ipsam
1688 2748 2038 2804 incarnatio-

394 2856 525 2895 nem
560 2856 785 2911 semper
814 2840 995 2895 Filius
1039 2842 1197 2896 visus
1246 2846 1353 2896 est.
1409 2842 1554 2896 Nam
1603 2839 1651 2895 si
1705 2838 2040 2894 testimonia

393 2929 625 2999 quaeris,
663 2929 861 3000 utique
908 2930 1087 2984 habes
1133 2932 1387 3000 positum
1434 2931 1661 2985 Patrem
1699 2930 1770 2982 ad
1824 2927 2035 2982 Filium

390 3017 680 3073 dicentem
706 3034 718 3073 :
752 3019 1035 3073 Faciamus
1059 3021 1335 3074 hominem
1366 3021 1445 3074 ad
1472 3021 1771 3087 imaginem
1798 3022 1851 3073 et
1878 3017 2033 3071 simi-

392 3106 682 3160 litudinem
712 3112 971 3161 nostram.
1004 3108 1275 3178 Sequitur
1300 3126 1313 3163 :
1337 3110 1398 3162 Et
1422 3111 1551 3177 fecit
1594 3111 1731 3163 Deus
1762 3108 2036 3163 hominem

387 3194 542 3262 (Gen.
581 3210 621 3260 ι,
652 3196 741 3260 26,
764 3197 877 3266 27).
911 3197 1049 3262 Quis
1083 3198 1282 3268 utique
1312 3198 1471 3261 Deus,
1517 3198 1630 3251 nisi
1662 3196 1886 3251 Filius?
1917 3197 2034 3253 Hoc

392 3284 594 3354 utique
624 3289 679 3338 et
710 3290 768 3338 tu
802 3284 859 3338 in
895 3286 1010 3340 tuis
1042 3288 1386 3340 tractatibus
1417 3286 1757 3357 exposuisti.
1799 3287 1914 3341 Iste
1944 3303 2032 3342 er-

389 3389 461 3444 go
495 3373 675 3427 Filius
708 3372 807 3445 qui
839 3380 929 3429 est
971 3375 1254 3446 propheta
1283 3376 1374 3430 sui
1404 3376 1705 3446 genituris,
1738 3376 1835 3446 qui
1865 3379 1920 3431 et
1944 3376 2031 3430 di-

389 3462 575 3527 cebat,
610 3464 725 3517 Non
754 3472 828 3519 est
870 3468 1069 3519 bonum
1097 3466 1274 3519 solum
1304 3482 1418 3519 esse
1456 3467 1730 3521 hominem
1760 3466 2032 3535 faciamus

390 3552 445 3604 ei
474 3551 826 3622 adjutorium
854 3554 1149 3608 secundum
1196 3571 1251 3609 se
1280 3556 1379 3625 (Id.
1413 3573 1478 3621 ιι,
1524 3556 1648 3625 18):
1696 3554 1803 3609 iste
1855 3554 2031 3610 Filius

388 3640 526 3693 Adae
558 3645 645 3695 est
674 3642 854 3709 visus,
890 3643 1212 3697 secundum
1247 3644 1401 3715 quod
1438 3645 1687 3715 legimus
1715 3645 1897 3698 Adam
1942 3643 2030 3698 di-

384 3733 633 3795 centem,
669 3731 848 3785 Vocem
882 3740 1033 3786 tuam
1061 3734 1251 3787 audivi
1278 3734 1613 3788 ambulantis
1658 3736 1717 3787 in
1749 3733 2028 3804 paradiso,

384 3826 437 3872 et
466 3819 720 3872 abscondi
746 3835 832 3874 me
861 3824 991 3889 quia
1024 3822 1201 3876 nudus
1228 3839 1399 3877 eram.
1438 3823 1621 3877 Habes
1643 3821 1842 3892 utique
1873 3821 2028 3892 quod

381 3904 536 3960 Deus
567 3905 711 3960 dixit
742 3907 813 3973 ei,
850 3912 922 3962 Et
952 3913 1072 3981 quis
1096 3913 1198 3965 tibi
1226 3914 1489 3965 indicavit
1521 3914 1652 3981 quia
1672 3912 1855 3964 nudus
1882 3926 2025 3977 eras,

375 3996 491 4049 nisi
520 3995 585 4049 de
617 3996 767 4064 ligno
795 3998 860 4052 de
890 4015 989 4070 quo
1014 4015 1389 4070 praeceperam
1423 4001 1528 4054 tibi
1550 4016 1619 4054 ne
1646 4000 2026 4067 manducares,

384 4099 453 4137 ere
481 4100 539 4138 eo
570 4086 912 4141 manducasti
941 4088 1039 4158 (Id.
1075 4106 1156 4152 Ill,
1192 4090 1277 4153 10,
1309 4088 1425 4157 1|)?
1458 4088 1558 4142 Hic
1590 4089 1740 4142 Deus
1771 4094 1828 4142 et
1856 4088 2029 4143 Abra-

383 4171 465 4225 hae
501 4173 657 4228 visus
688 4180 776 4229 est
806 4175 903 4246 (Id.
940 4193 1100 4241 xvm,
1137 4177 1187 4247 1)
1225 4183 1321 4231 :et
1367 4177 1506 4247 quia
1542 4177 1718 4231 Filius
1749 4178 1908 4231 visus
1938 4183 2029 4233 est

378 4261 643 4331 Abrahae,
691 4264 739 4317 si
790 4265 876 4319 vis
930 4267 1182 4330 credere,
1246 4265 1444 4336 utique
1502 4266 1628 4337 ipse
1685 4266 2027 4337 unigenitus

381 4349 535 4405 Deus
576 4352 633 4405 in
677 4360 874 4407 sancto
930 4353 1242 4408 afﬁrmavit
1303 4354 1630 4425 Evangelia,
1662 4355 1861 4410 dicens
1893 4358 2023 4411 sic:

377 4438 655 4494 Abraham
681 4449 839 4511 pater
866 4446 1037 4497 vester
1055 4444 1323 4498 exultavit
1344 4453 1401 4499 ut
1428 4443 1630 4499 videret
1653 4446 1802 4499 diem
1822 4462 2024 4511 meum,

376 4531 429 4582 et
460 4528 615 4594 vidit,
647 4537 699 4583 et
746 4531 967 4598 gavisus
1012 4536 1088 4586 est
1145 4533 1319 4603 (Joan.
1364 4549 1484 4601 VIII,
1521 4534 1633 4605 56).
1694 4533 1796 4588 Hic
1852 4534 2026 4590 etiam

374 4615 556 4671 Filius
587 4634 621 4672 a
651 4617 831 4673 Jacob
859 4619 1018 4675 visus
1049 4629 1153 4687 est,
1182 4622 1278 4692 qui
1313 4622 1371 4676 in
1391 4622 1579 4694 ﬁgura
1607 4638 1725 4692 qua
1747 4626 1871 4678 erat
1890 4639 2026 4678 ven-

374 4709 568 4774 turus,
601 4706 658 4761 id
691 4712 796 4774 est,
831 4708 1108 4773 hominis.
1151 4717 1284 4766 ante
1327 4711 1763 4783 praemeditatus
1808 4712 2023 4768 colluc-

375 4798 533 4850 tasse
578 4813 710 4851 cum
758 4798 935 4853 Jacob
968 4800 1277 4855 invenitur.
1298 4800 1529 4855 Undeet
1556 4800 1734 4856 Jacob
1756 4801 2020 4859 dicebat:

384 4883 507 4939 Vidi
532 4885 827 4941 Dominum
854 4890 1000 4957 faeie
1027 4889 1102 4943 ad
1119 4891 1336 4959 faciem,
1368 4899 1418 4945 et
1447 4891 1599 4945 salva
1618 4894 1766 4961 facta
1794 4900 1870 4946 est
1897 4894 2025 4947 ani-

378 4989 477 5027 ma
504 4991 655 5029 mea.
692 4975 756 5029 Et
777 4974 886 5030 loci
910 4977 1096 5049 ipsius
1116 4978 1462 5033 vocabulum
1486 4990 1891 5051 nuncupatum
1914 4986 2021 5050 est,

377 5061 517 5117 Visio
544 5064 661 5117 Dei.
702 5064 818 5120 Hoc
872 5066 1064 5137 ipsum
1116 5068 1419 5122 afﬁrmans
1473 5068 1673 5138 utique
1720 5070 1887 5137 Deus,
1922 5071 2022 5142 qui

370 5149 430 5204 in
464 5154 959 5222 praemeditatione
989 5156 1415 5211 colluctabatur
1444 5173 1577 5211 cum
1615 5157 1815 5225 Jacob,
1867 5161 2021 5231 quod

369 5240 427 5293 in
447 5241 719 5311 passione
748 5243 964 5299 Christi
996 5244 1301 5317 impletum
1334 5245 1619 5301 videmus.
1647 5247 1741 5301 Ait
1767 5248 1922 5303 enim
1948 5250 2020 5305 ad

366 5327 562 5399 ipsum
590 5332 787 5397 Jacob,
818 5334 943 5388 Jam
976 5350 1086 5389 non
1136 5335 1427 5389 vobabitur
1466 5351 1678 5390 nomem
1726 5345 1877 5392 tuum
1924 5339 2017 5394 Ja-

366 5419 483 5484 cob,
514 5419 603 5473 sed
634 5421 806 5475 Israel
837 5425 947 5476 erit
978 5440 1171 5479 nomen
1221 5432 1375 5479 tuum
1406 5423 1557 5495 (Gen.
1590 5443 1766 5493 xxxu,
1808 5428 2017 5501 23-30),

367 5504 476 5561 hoc
504 5512 611 5574 est,
649 5511 828 5565 Homo
863 5511 1061 5568 videns
1094 5518 1291 5569 Deum.
1324 5514 1488 5570 Hunc
1514 5519 1570 5570 et
1599 5515 1658 5570 in
1690 5514 1843 5572 Novo
1884 5517 2017 5574 Tes-

366 5598 626 5651 tamento
656 5599 845 5655 visum
888 5602 1224 5673 probamus.
1259 5604 1336 5661 De
1393 5604 1501 5661 hoc
1545 5606 1803 5679 Apostoli
1860 5607 2015 5665 dice-

436 5731 449 5767 ¹
477 5730 632 5797 Apud
658 5731 745 5785 Er.
773 5733 940 5798 Lugd.
972 5736 1121 5799 Ven.,
1142 5740 1407 5802 provectus
1433 5752 1507 5790 es.
1602 5740 1676 5791 Μ.

1633 390 1696 450 S.
1744 390 2168 452 AUGUSTINI
2216 387 2568 448 EPISCOPI

3694 382 3826 443 740

2162 520 2303 575 bant
2328 536 2340 573 :
2362 524 2426 575 Et
2442 519 2675 574 vidimus
2686 518 2924 589 gloriam
2938 517 3074 588 ejus,
3097 516 3333 588 gloriam
3352 518 3516 586 quasi
3535 517 3835 585 unigeniti

2159 625 2193 662 a
2215 612 2379 664 Patre
2407 613 2596 675 (Joan.
2630 625 2669 672 ι,
2694 608 2800 679 14).
2836 607 3121 661 Ceterum
3172 605 3240 672 si,
3276 610 3340 661 ut
3391 607 3515 677 ipse
3564 606 3825 670 conaris,

2160 698 2327 753 Pater
2343 699 2505 754 visus
2527 715 2653 754 esse
2678 703 2992 761 asseratur,
3021 696 3330 750 i'nandaces
3353 701 3494 749 sunt
3514 697 3671 767 apud
3690 698 3819 751 vos1

2160 803 2364 841 omnes
2390 789 2719 857 Scripturze.
2755 787 2895 842 Nam
2934 784 3560 855 deniqueinvisibilem
3592 786 3823 840 Patrem

2162 875 2380 931 Paulus
2410 877 2685 947 praedicat
2706 876 2751 946 (Ι
2778 876 2999 939 Tim.vn,
3028 875 3136 943 16),
3163 879 3221 928 et
3243 874 3524 928 Dominus
3548 873 3606 927 in
3639 874 3829 928 Evan-

2160 964 2309 1036 gelio
2341 965 2595 1019 afﬁrmat
2622 964 2971 1035 (Joan.1,18).
2991 963 3214 1035 Saepius
3240 979 3345 1017 nos
3376 962 3822 1033 accusas,quod

2161 1054 2441 1109 audenter
2463 1060 2635 1124 atque
2650 1057 3071 1125 praesumenter
3091 1067 3159 1107 ea
3180 1068 3308 1123 quae
3328 1068 3445 1107 non
3460 1051 3823 1108 suntdicen-

2160 1143 2234 1197 da
2252 1162 2285 1198 a
2308 1144 2475 1198 nobis
2497 1144 2786 1211 dicantur,
2810 1143 2964 1214 quod
2986 1142 3223 1214 quidem
3242 1140 3301 1196 in
3328 1141 3569 1197 arbitrio
3600 1142 3711 1197 erit
3743 1140 3825 1197 le-

2159 1233 2422 1304 gentium
2452 1233 2712 1304 probare.
2748 1232 2864 1288 Nec
2885 1232 3041 1287 enim
3074 1231 3155 1287 sic
3187 1230 3505 1302 loquimur,
3529 1236 3595 1286 ut
3633 1230 3825 1287 alicu-

2152 1323 2253 1392 jus
2284 1321 2515 1377 laudem
2552 1338 2983 1393 consequamur
3006 1322 3059 1388 2;
3104 1320 3203 1376 sed
3238 1320 3447 1375 studio
3477 1318 3825 1393 colligenda

2160 1408 2561 1475 fraternitatis,
2584 1428 2707 1481 quis
2730 1410 3037 1465 nobiscum
3061 1410 3172 1466 est°
3193 1426 3205 1464 :
3224 1414 3328 1465 aut
3368 1410 3440 1464 ob
3465 1425 3643 1481 quam
3669 1410 3825 1465 forte

2158 1503 2215 1554 et
2242 1500 2368 1571 ipse
2392 1517 2699 1571 provocare
2720 1517 2825 1555 nos
2847 1500 3123 1571 dignatus
3148 1516 3231 1566 es,
3251 1504 3318 1553 ut
3341 1515 3689 1571 responsum
3716 1500 3820 1555 de-

2159 1594 2386 1658 mus,ut
2409 1589 2465 1643 in
2504 1589 2671 1645 nobis
2694 1589 2777 1644 illi
2798 1589 3055 1644 denotati
3092 1589 3177 1644 sic
3195 1593 3310 1644 tuae
3333 1587 3729 1652 consentiant,
3754 1593 3825 1643 ut

2158 1679 2423 1748 dixerim,
2452 1680 2816 1750 professioni,
2846 1694 3080 1734 necesse
3104 1678 3214 1733 fuit
3240 1694 3332 1733 me
3376 1683 3609 1747 propter
3637 1676 3820 1733 timo-

2157 1784 2277 1823 rem
2311 1769 2409 1823 Dei
2432 1770 2568 1823 dare
2601 1769 2704 1823 tibi
2736 1768 3417 1839 responsum.Siquidem
3444 1784 3555 1823 non
3576 1771 3814 1823 tantum

2156 1857 2349 1913 verbis
2373 1874 2463 1913 me
2510 1859 2731 1913 nudare
2763 1862 3007 1912 conatus
3038 1872 3100 1912 es
3130 1874 3162 1912 a
3192 1856 3544 1928 discipulatu
3569 1874 3774 1913 eorum
3799 1874 3814 1925 ;

2156 1963 2354 2001 verum
2371 1948 2543 2002 etiam
2576 1953 2633 2003 et
2655 1951 2966 2003 tractatum
2994 1952 3160 2002 tuum
3186 1946 3417 2007 dedisti.
3438 1946 3509 2001 ad
3531 1947 3689 2018 quod
3714 1963 3818 2003 ne-

2153 2049 2315 2091 cesse
2345 2042 2434 2091 est
2466 2053 2558 2091 me
2588 2038 2938 2107 respondere
2989 2052 3057 2091 ea
3102 2053 3231 2107 quae
3288 2036 3360 2090 de
3406 2034 3815 2091 invisibilitate

2156 2126 2572 2196 omnipotentis
2604 2127 2701 2181 Dei
2730 2130 3074 2196 prosecutus
3106 2124 3465 2179 sum.Etiam
3484 2130 3539 2179 et
3560 2125 3704 2195 ipse,
3740 2124 3817 2179 1i-

2154 2218 2243 2269 cet
2277 2214 2389 2269 alio
2425 2216 2765 2286 proposito‘,
2787 2219 3043 2269 attamen
3076 2214 3198 2269 tuis
3248 2214 3437 2269 verbis
3472 2214 3815 2281 afﬁrmasti,

2153 2305 2305 2375 quod
2339 2305 2591 2375 Spiritus
2622 2308 2861 2359 sanctus
2894 2304 2953 2358 in
2986 2303 3178 2374 specie
3204 2303 3487 2358 columbis
3519 2303 3597 2358 sit
3626 2304 3815 2371 visus,

2153 2408 2375 2446 necnon
2411 2391 2468 2446 in
2501 2392 2692 2464 specie
2725 2392 2877 2463 ignis
2906 2394 3131 2459 (Matth.
3166 2409 3245 2457 in,
3282 2393 3368 2457 16,
3402 2402 3451 2447 et
3481 2393 3592 2447 Act.
3620 2409 3685 2459 ιι,
3708 2392 3768 2461 3)
3800 2410 3814 2448 :

2150 2482 2330 2537 Filius
2357 2499 2517 2553 sane,
2544 2485 2601 2538 in
2636 2484 2821 2538 forma
2841 2482 3098 2538 hominis
3124 2499 3135 2538 :
3172 2483 3343 2537 Pater
3373 2488 3810 2554 autem,neque

2149 2569 2207 2625 in
2241 2573 2431 2642 specie
2452 2573 2756 2642 columba},
2781 2572 2966 2627 necin
2992 2572 3177 2627 forma
3212 2571 3506 2640 hominis;
3540 2588 3643 2627 nec
3691 2572 3809 2627 ali-

2149 2662 2381 2730 quando
2403 2662 2573 2715 vertit
2597 2678 2657 2716 se
2690 2662 2745 2715 in
2783 2662 3020 2730 formas,
3055 2661 3154 2716 sed
3191 2676 3295 2715 nec
3329 2659 3642 2731 aliquando
3666 2677 3804 2715 ver-

2145 2754 2331 2806 tetur:
2366 2751 2436 2804 de
2469 2768 2584 2822 quo
2630 2751 2913 2821 scriptum
2946 2756 3055 2815 est,
3106 2752 3223 2821 Ego
3268 2766 3391 2805 sum
3431 2752 3526 2820 qui
3564 2766 3708 2820 sum,
3744 2756 3803 2806 et

2144 2855 2253 2894 non
2282 2857 2403 2894 sum
2433 2845 2675 2896 mutatus
2695 2841 2890 2907 (Exod.
2924 2856 3008 2905 Ill,
3037 2840 3101 2893 14
3131 2844 3183 2895 et
3204 2838 3435 2895 Malach.
3474 2857 3556 2907 in,
3589 2841 3667 2908 6).
3706 2839 3802 2895 Fi-

2142 2926 2259 2983 lius
2289 2945 2428 2984 sane
2458 2929 2517 2984 in
2550 2932 2735 2985 forma
2766 2929 2865 2984 Dei
2896 2928 3183 2983 oonstitus
3206 2930 3355 2998 jam,
3386 2932 3451 2982 ut
3481 2928 3607 2999 ipse
3654 2945 3791 2999 pro-

2141 3015 2348 3082 tulisti,
2410 3018 2653 3073 formam
2700 3018 2850 3072 servi
2900 3017 3141 3087 accepit,
3205 3016 3359 3087 quod
3411 3033 3525 3071 non
3578 3017 3796 3073 Pater:

2142 3105 2392 3177 Spiritus
2435 3123 2597 3177 asque
2637 3112 2877 3161 sanctus
2911 3106 3169 3175 suscepit
3198 3106 3452 3177 speciem
3475 3105 3794 3161 columba.

2141 3211 2318 3267 quam
2367 3212 2479 3250 non
2527 3196 2780 3267 suscepit
2827 3194 3185 3250 Pater.Scito
3233 3211 3390 3265 ergo,
3442 3195 3581 3266 quia
3628 3212 3795 3252 unus

2140 3292 2228 3340 est
2259 3284 2586 3357 invisibilis,
2637 3302 2790 3341 unus
2836 3286 3008 3339 etiam
3069 3283 3414 3356 incapabilis
3465 3293 3637 3356 atque
3676 3284 3794 3341 im-

2140 3390 2399 3429 mensus.
2435 3375 2546 3430 Oro
2586 3380 2641 3429 et
2699 3380 2832 3445 opto
2891 3373 3212 3444 discipulus
3261 3390 3391 3428 esse
3450 3373 3797 3430 divinarum

2138 3464 2609 3535 Scripturarum:
2638 3480 2773 3518 nam
2802 3468 2861 3519 et
2891 3463 3161 3534 superius
3192 3463 3363 3518 credo
3408 3464 3655 3519 retinere
3687 3464 3798 3519 Re-

2137 3552 2414 3623 ligionem
2446 3559 2629 3617 tuam,
2663 3553 2817 3624 quod
2870 3552 2953 3607 sic
2992 3552 3123 3606 dedi
3149 3568 3518 3622 responsum,
3550 3553 3692 3623 quia
3740 3554 3796 3609 si

2137 3640 2447 3712 protuleris
2478 3642 2629 3712 quod
2671 3642 2836 3695 Pater
2874 3647 2932 3697 et
2954 3640 3133 3696 Filius
3173 3646 3231 3696 et
3250 3640 3504 3712 Spiritus
3547 3647 3793 3698 sanctus

2137 3747 2316 3785 unam
2348 3730 2601 3785 habeant
2622 3730 2921 3797 virtutem,
2956 3746 3133 3785 unam
3167 3730 3582 3795 substantiam,
3603 3747 3788 3786 unam

2137 3820 2431 3889 deitatem,
2465 3836 2641 3874 unam
2676 3820 3064 3890 majestatem,
3095 3835 3270 3874 unam
3298 3818 3574 3891 gloriam;
3608 3821 3655 3875 si
3699 3822 3787 3875 af-

2136 3908 2453 3964 ﬁrmaveris
2484 3910 2553 3963 de
2585 3908 2795 3964 divinis
2815 3908 3145 3978 Scripturis,
3170 3908 3220 3963 si
3252 3908 3466 3964 alicubi
3499 3909 3786 3980 scriptam

2134 3996 2438 4053 lectionem
2470 3998 2801 4069 protuleris,
2842 4014 2949 4053 nos
2982 3997 3309 4053 divinarum
3346 3997 3785 4069 Scripturarum

2132 4091 2405 4157 Optamus
2428 4086 2971 4158 inveniridiscipuli.

2202 4176 2552 4230 Maximinus
2583 4176 2890 4247 episcopus
2923 4175 3311 4247 subscripsi‘.

2204 4269 2271 4318 Et
2301 4268 2431 4334 post
2460 4263 2826 4319 collationem
2862 4267 3238 4337 praesentium
3270 4265 3641 4337 Augustinus
3670 4266 3789 4324 ista

2133 4354 2370 4409 dictavit
2394 4369 2406 4407 :
2433 4352 2662 4408 Auxilio
2690 4353 3018 4424 principum
3036 4356 3331 4409 munitum
3356 4355 3618 4427 meloqui
3641 4356 3787 4411 dixi-

2132 4443 2227 4509 sti,
2261 4460 2373 4497 non
2412 4443 2737 4498 secundum
2790 4444 3057 4499 timorem
3110 4444 3207 4498 Dei
3236 4444 3375 4499 :sed
3422 4443 3785 4510 hominibus,

2131 4532 2346 4601 quibus
2374 4532 2549 4586 donat
2574 4532 2725 4587 Deus
2757 4530 3141 4597 intellectum,
3175 4532 3318 4588 satis
3359 4538 3603 4605 apparet
3650 4533 3785 4606 quis

2130 4620 2404 4692 loquatur
2432 4621 2755 4676 secundum
2785 4620 3059 4677 timorem
3100 4621 3233 4690 Dei;
3259 4626 3457 4677 utrum
3500 4623 3603 4695 qui
3645 4624 3783 4679 obe-

2130 4710 2357 4764 dienter
2386 4709 2548 4765 audit
2578 4709 2891 4765 Dominum
2918 4710 3231 4779 dicentem,
3262 4712 3428 4774 Audi,
3457 4712 3656 4773 Israel;
3680 4713 3783 4767 Do-

2129 4800 2315 4853 minus
2361 4800 2499 4854 Deus
2547 4803 2696 4869 tuus,
2740 4800 2998 4854 Dominus
3040 4816 3183 4855 unus
3231 4804 3312 4856 est
3358 4801 3537 4873 (Deut.
3571 4817 3650 4871 v1,
3683 4802 3739 4872 4)
3758 4819 3783 4863 ,·

2131 4889 2285 4959 quod
2315 4905 2420 4944 nos
2450 4892 2506 4945 et
2552 4888 3023 4960 obtemperanter
3074 4889 3370 4958 audimus,
3423 4894 3481 4945 et
3532 4889 3784 4946 ﬁdeliter

2130 4978 2651 5049 praedicamusmn
2680 4976 2775 5032 ille
2823 4978 2924 5049 qui
2965 4978 3073 5034 hoc
3121 4978 3204 5034 sic
3254 4979 3457 5035 audire
3488 4996 3601 5035 non
3634 4979 3783 5049 vult,

2128 5072 2195 5122 ut
2222 5068 2368 5122 duos
2400 5068 2669 5123 dominos
2708 5068 2856 5121 duos
2895 5068 3033 5123 deos
3059 5084 3189 5124 esse
3228 5069 3573 5137 contendat;
3605 5074 3786 5141 atque

2128 5157 2209 5211 ita
2256 5156 2681 5212 introducendo
2704 5157 2849 5211 duos
2881 5157 3018 5212 deos
3075 5162 3133 5213 et
3180 5159 3326 5214 duos
3359 5158 3652 5224 dominos,
3687 5175 3785 5214 os-

2125 5246 2328 5301 tendat
2357 5264 2419 5301 se
2451 5262 2565 5301 non
2600 5246 2803 5301 timere
2836 5264 3019 5301 unum
3078 5246 3392 5303 Dominum
3455 5249 3632 5303 Deum
3694 5246 3783 5302 di-

2127 5340 2376 5403 centem,
2437 5335 2597 5402 Audi,
2658 5336 2835 5392 Israel
2883 5353 2902 5393 :
2956 5337 3219 5393 Dominus
3263 5339 3406 5393 Deus
3464 5347 3617 5406 tuus,
3670 5338 3783 5394 Do-

2187 5498 2203 5531 ¹
2237 5494 2392 5554 Editi,
2424 5494 2565 5555 apud
2588 5510 2697 5545 nos.

2186 5559 2208 5625 ξ
2230 5560 2375 5625 Mss,
2395 5564 2446 5606 ul
2458 5572 2508 5625 _a
2529 5559 2628 5607 tuis
2658 5557 2861 5625 laudem
2889 5573 3278 5625 consequamur.

2185 5622 2206 5657 ³
2236 5623 2353 5673 Am.
2376 5626 2437 5685 iet
2456 5622 2563 5679 Er.,
2593 5636 2703 5685 quae
2732 5622 2986 5685 vobiscum
3017 5622 3112 5675 est.

2101 5706 2111 5715 ι
2182 5684 2207 5756 ξ
2235 5684 2392 5756 apud
2420 5686 2549 5756 I_._o_v.
2577 5684 2665 5756 hic
2692 5684 2939 5756 additum
2958 5692 3089 5756 erat,
3119 5693 3412 5756 occupatus.

2183 5746 2205 5839 ξ
2232 5746 2354 5799 Sola
2382 5748 2544 5800 editio
2572 5748 2717 5809 Lov.,
2744 5746 3063 5816 subscripsit.
