4040 6442
447 398 3858 428 M

1174 542 1296 638 S.
1385 539 2088 638 AURBLII
2175 535 2617 637 AUGD
2641 534 3111 636 STINI

1678 719 2191 780 HIPPONENSIS
2249 717 2597 778 EPISCUPI

1995 859 2280 915 CONTRA

559 1013 2017 1182 MAXIMINUM
2151 1006 3710 1178 H/EBETICUM

1281 1263 2122 1352 ARIANORUM
2211 1262 2996 1351 EPISCOPUM

1794 1424 2048 1498 LIBRI
2123 1422 2313 1497 DUO
2353 1421 2455 1495 (α).

1512 1648 1960 1742 LIBER
2063 1646 2759 1742 PRIMUS“).

780 1819 1022 1870 Ostendit
1053 1819 1401 1884 Augustinus,
1434 1832 1498 1868 ea
1526 1832 1645 1882 quas
1675 1818 1732 1867 in
1764 1817 2060 1868 Cullatione
2089 1818 2204 1881 ipse
2235 1817 2386 1878 dixit,
2415 1817 2766 1867 Maximinum
2797 1828 2905 1866 non
2935 1815 3174 1878 potuisse
3208 1813 3471 1864 refellere.

496 2017 900 2088 Disputatione
923 2017 1217 2072 Maximini
1245 2017 1588 2073 Arianorum
1609 2016 2067 2088 episcopi,cujus
2179 2015 2316 2071 tatis
2347 2019 2448 2071 tua
2478 2013 2837 2071 conscientia
2865 2016 3314 2084 compungatur,
3345 2010 3576 2081 quando
3617 2026 3838 2066 sonue-

420 2106 750 2179 prolixitate
780 2108 1039 2179 spatium
1070 2107 1204 2172 diei,
1237 2124 1351 2178 quo
1384 2112 1696 2179 praesentes
1736 2107 2067 2162 confereba-
2179 2105 2297 2160 rint
2329 2105 2387 2159 in
2416 2105 2658 2160 auribus
2691 2103 2809 2159 tuis
2839 2103 2993 2158 dicta
3021 2102 3236 2167 divina,
3269 2100 3404 2172 quia
3433 2098 3636 2156 Nullus
3665 2101 3835 2167 Deus,

420 2196 1373 2268 mus,absumpsit,responsionem
1408 2195 1663 2252 debitam
1698 2196 1968 2264 reddens,
1993 2196 2063 2250 ad
2174 2195 2289 2249 nisi
2316 2211 2459 2250 unus
2488 2194 2533 2265 (Ι
2569 2195 2688 2250 Cor.
2721 2211 2845 2263 vm,
2879 2193 2971 2265 li);
3004 2196 3079 2252 et.
3114 2190 3268 2246 Audi
3309 2191 3517 2250 Israel;
3553 2191 3837 2244 Dominus

417 2284 613 2356 ipsum
665 2283 822 2355 loqui
873 2286 1075 2356 utique
1106 2287 1286 2341 debeo
1321 2304 1334 2342 :
1370 2286 1488 2341 sive
1535 2286 1724 2341 adhuc
1774 2285 2066 2341 existimet
2173 2284 2311 2339 Deus
2340 2289 2485 2347 tuus,
2517 2284 2780 2339 Dominus
2809 2299 2952 2337 unus
2979 2287 3062 2337 est
3091 2298 3110 2335 :
3142 2286 3198 2336 et
3228 2280 3462 2352 quando
3493 2278 3686 2346 audis,
3718 2280 3834 2334 Do-

414 2372 930 2428 contradicendum
976 2390 1103 2429 esse
1134 2391 1269 2430 cum
1302 2375 1522 2446 legerit,
1558 2374 1676 2430 sive
1725 2375 1970 2430 Domino
2001 2374 2061 2429 in
2171 2375 2388 2428 minum
2421 2378 2598 2429 Deum
2629 2377 2782 2427 tuum
2811 2371 3062 2426 adorabis
3089 2379 3140 2425 et
3160 2370 3249 2424 illi
3275 2367 3387 2424 soli
3413 2369 3614 2424 servies
3641 2367 3830 2439 (Deut.

412 2463 540 2529 ejus
571 2461 741 2516 corde
773 2461 1119 2517 mirabiliter
1149 2468 1425 2534 operante
1456 2464 1838 2518 manifestata;
1873 2467 1887 2499 ¹
1923 2479 2059 2518 con-
2169 2479 2247 2528 v1,
2280 2465 2332 2532 4,
2367 2463 2493 2531 13);
2529 2479 2770 2518 securus
2803 2460 3136 2532 possis,non
3171 2457 3277 2514 soli
3311 2458 3484 2527 Patri,
3511 2457 3608 2512 sed
3645 2458 3830 2513 etiam

412 2548 626 2604 sentiat
654 2549 903 2606 veritati.
941 2551 1089 2616 Quid
1133 2551 1238 2607 tibi
1269 2551 1460 2607 visum
1493 2557 1599 2623 est,
1637 2553 1808 2607 homo
1841 2553 2058 2621 ariane,
2170 2552 2312 2607 Filio
2342 2569 2411 2608 ea
2441 2569 2567 2623 quin
2598 2551 2698 2607 uni
2732 2551 2847 2606 Deo
2878 2550 3123 2605 debetur
3153 2547 3432 2604 servitute
3463 2545 3830 2602 servire.Me-

408 2642 528 2692 tam
563 2638 744 2694 multa
774 2640 985 2708 dicere,
1017 2645 1073 2695 et
1105 2658 1206 2712 pro
1238 2659 1415 2697 causa
1445 2659 1570 2712 quas
1606 2642 1757 2697 inter
1805 2659 1910 2697 nos
1941 2642 2058 2713 agi-
2168 2645 2363 2697 mento
2395 2657 2530 2713 ergo
2579 2647 2634 2696 te
2666 2657 2780 2696 non
2830 2639 3202 2710 respondisse
3235 2638 3306 2693 ad
3344 2635 3488 2691 illud
3521 2636 3678 2708 quod
3711 2636 3830 2692 ob-

408 2731 504 2781 tur
534 2728 677 2782 nihil
709 2729 918 2798 dicere,
962 2731 1128 2800 quasi
1179 2730 1288 2786 hoc
1340 2731 1416 2786 sit
1463 2731 1813 2803 respondere
1864 2748 2056 2802 posse,
2157 2732 2436 2802 jeceram,
2467 2747 2583 2784 non
2614 2747 2648 2784 a
2676 2729 2838 2785 vobis
2870 2727 2977 2784 coli
3023 2745 3205 2783 unum
3256 2727 3461 2789 Deum,
3495 2726 3593 2780 sed
3644 2726 3827 2781 duos.

407 2816 560 2887 quod
593 2820 684 2872 est
707 2823 896 2873 tacere
929 2835 1042 2873 non
1076 2836 1246 2890 posse
1267 2820 1293 2874 ?
1323 2820 1489 2875 Prius
1522 2820 1716 2892 itaque
1747 2821 2054 2876 ostendam
2235 2819 2461 2875 CAPUT
2491 2818 2557 2874 II.
2593 2850 2660 2858 —
2695 2823 2770 2874 De
2795 2817 3050 2872 humanis
3070 2816 3367 2883 contagiis.
3394 2813 3662 2869 Secundo
3691 2812 3826 2869 loco

405 2906 662 2962 refellere
691 2911 745 2961 te
775 2924 888 2962 non
916 2908 1174 2979 potuisse
1198 2926 1324 2979 quia
1357 2909 2053 2980 dixi:deinde,quantum
2162 2908 2254 2980 egi
2285 2914 2475 2963 tecum
2524 2908 2594 2962 de
2623 2907 2812 2962 verbis
2852 2905 2990 2974 tuis,
3025 2904 3120 2959 ubi
3178 2904 3429 2970 dixeras,
3484 2904 3656 2958 Deum
3709 2907 3827 2958 Pa-

408 2995 801 3050 necessarium
821 2996 1244 3068 videbitur,ego
1269 2997 1523 3053 refellam
1545 2998 1811 3070 quieipse
1834 2996 2049 3053 dixisti.
2159 3002 2304 3052 trem
2347 2996 2421 3052 ad
2468 3002 2718 3053 humana
2764 3011 2875 3050 non
2923 2993 3262 3050 descendisse
3307 2993 3595 3063 contagia;
3640 2993 3824 3062 quasi

477 3083 707 3140 CAPUT
747 3085 1044 3140 PRIMUM.
1078 3117 1146 3126 —
1177 3087 1250 3142 De
1296 3087 1504 3142 duobus
1551 3088 1675 3142 diis.
1712 3088 1790 3142 De
1821 3087 2050 3142 duobus
2159 3085 2427 3142 Christus
2459 3085 2559 3141 illa
2589 3087 2646 3140 in
2693 3101 2864 3141 carne
2895 3099 3205 3156 perpessus
3253 3081 3330 3137 sit
3360 3098 3372 3135 :
3407 3087 3464 3137 et
3501 3081 3818 3151 admonui,

406 3171 518 3227 diis
551 3188 676 3242 quae
712 3173 833 3244 ipse
881 3174 1099 3241 dixisti,
1127 3190 1231 3246 ego
1263 3181 1415 3230 certe
1458 3177 1812 3248 respondens
1859 3176 2049 3232 verbis
2157 3177 2448 3247 quomodo
2478 3175 2810 3247 contagium
2842 3171 3085 3244 intelligi
3115 3170 3438 3238 soleat,non
3466 3171 3668 3243 utique
3692 3169 3820 3226 nisi

404 3261 647 3330 tuis,ubi
680 3262 812 3318 aisti
847 3280 880 3318 a
909 3263 1070 3319 vobis
1103 3281 1286 3319 unum
1316 3270 1494 3320 Deum
1529 3264 1637 3322 coli
1665 3281 1677 3320 :
1714 3266 2049 3338 Consequens
2156 3265 2216 3320 in
2246 3265 2442 3336 aliquo
2489 3265 2648 3329 vitio,
2681 3282 2716 3320 a
2747 3263 2962 3334 quibus
3006 3262 3284 3317 omnibus
3331 3260 3656 3315 immunem
3705 3277 3817 3315 no-

404 3355 499 3419 est,
535 3351 797 3423 inquam,
831 3357 892 3407 ut
929 3362 1024 3408 aut
1063 3370 1169 3408 non
1220 3355 1414 3410 colatis
1465 3354 1761 3426 Christum,
1793 3365 1889 3412 aut
1936 3372 2043 3412 non
2154 3353 2344 3409 vimus
2371 3354 2686 3409 Christum.
2710 3356 2824 3408 Nec
2855 3352 2926 3407 ad
2958 3351 3066 3407 hoc
3098 3351 3418 3422 quidquam
3452 3349 3819 3420 respondere

402 3456 570 3496 unum
619 3443 789 3497 Deum
817 3444 1031 3510 colatis,
1064 3443 1158 3499 sed
1203 3443 1357 3501 duos.
1398 3445 1484 3500 Ad
1536 3445 1642 3501 hoc
1696 3451 1758 3501 tu
1807 3463 2044 3518 respon-
2153 3442 2784 3515 potuisti.Testimonia
2814 3441 3028 3513 quippe
3058 3440 3407 3511 divinaque:
3439 3439 3542 3493 abs
3567 3443 3622 3493 te
3652 3454 3822 3494 com-

401 3529 533 3585 dere
563 3535 824 3598 conatus,
856 3531 1107 3588 multum
1139 3533 1375 3605 quidem
1407 3534 1638 3591 locutus
1669 3552 1749 3604 es,
1777 3552 2040 3592 asserens
2153 3538 2474 3588 memorata
2503 3536 2662 3598 sunt,
2695 3530 2840 3586 nihil
2871 3536 2928 3586 te
2975 3530 3251 3602 adjuvare
3298 3533 3649 3600 potuerunt:
3688 3545 3818 3584 non

399 3620 554 3690 quod
585 3624 642 3674 et
670 3620 962 3676 Christum
1020 3622 1204 3677 Deum
1236 3623 1440 3678 colatis
1474 3641 1487 3680 ε
1518 3625 1618 3679 sed
1663 3625 1811 3680 duos
1842 3626 1980 3680 deos
2009 3643 2040 3679 a
2151 3622 2305 3678 enim
2338 3622 2420 3678 eis
2453 3623 2693 3694 probare
2735 3619 2970 3692 potuisti
3003 3619 3261 3674 humano
3309 3617 3602 3673 Christum
3652 3623 3815 3673 atta-

395 3708 558 3762 vobis
589 3707 697 3763 coli
729 3711 994 3780 quamvis
1026 3728 1140 3766 non
1174 3712 1694 3784 negaveris,tamen
1712 3731 1825 3768 non
1858 3731 2039 3770 ausus
2150 3712 2440 3767 minatum
2473 3727 2603 3766 esse
2631 3709 2916 3781 contagio.
2948 3709 3109 3773 Quod
3153 3708 3308 3764 enim
3343 3706 3682 3779 Apostolum
3719 3707 3814 3762 di-

398 3812 460 3851 es
491 3798 1030 3854 conﬁteri.Sensisti
1063 3801 1391 3866 enim,duos
1423 3817 1546 3857 esse
1575 3803 1714 3858 deos
1745 3803 2037 3868 colendos,
2148 3801 2303 3856 xisse
2334 3816 2780 3866 commemoras,
2815 3801 3085 3868 Quoniam
3115 3799 3363 3854 Christus
3402 3813 3525 3852 cum
3553 3801 3816 3868 peccator

395 3884 750 3942 christianas
781 3904 952 3943 aures
977 3889 1124 3944 ferre
1156 3907 1268 3944 non
1303 3907 1492 3959 posse.
1529 3891 1572 3944 Ο
1601 3907 1772 3960 quam
1801 3892 1871 3945 de
1901 3908 2039 3962 pro-
2148 3906 2257 3946 non
2282 3899 2436 3958 esset,
2464 3898 2741 3961 peccatum
2763 3905 2862 3960 pro
2893 3889 3047 3944 nobis
3072 3889 3202 3958 fecit
3229 3904 3246 3940 :
3281 3886 3407 3958 lege
3436 3883 3811 3957 diligentius,

390 3971 546 4026 ximo
578 3976 631 4027 te
665 3973 1004 4046 corrigeres,
1038 3976 1086 4031 si
1119 3976 1355 4032 timeres
1404 3979 1634 4032 credere
1666 3979 1816 4048 quod
1848 3979 2039 4034 dicere
2151 3984 2208 4034 et
2240 3997 2311 4035 ne
2342 3980 2488 4034 forte
2534 3980 2879 4035 mendosum
2912 3976 3228 4033 incurreris
3271 3975 3550 4043 codicem,
3583 3982 3687 4030 aut
3719 3976 3812 4032 la-

393 4058 639 4116 timuisti
671 4061 683 4116 l
717 4062 858 4118 Cum
893 4063 1047 4119 enim
1080 4064 1326 4121 clamet’
1354 4066 1690 4138 Apostolus,
1720 4067 1890 4124 Corde
1918 4084 2037 4123 cre-
2150 4069 2310 4124 tinus
2341 4068 2626 4140 interpres
2668 4067 2961 4134 erraverit,
3012 4082 3266 4138 graecum
3319 4065 3541 4137 inspice
3569 4080 3583 4131 ;
3616 4069 3675 4118 et
3713 4065 3810 4120 in-

391 4149 545 4204 ditur
572 4151 642 4205 ad
671 4154 964 4222 justitiam,
997 4170 1088 4209 ore
1116 4157 1378 4225 confessio
1407 4155 1470 4225 ﬁt
1499 4156 1569 4210 ad
1603 4158 1833 4212 salutem
1863 4157 2035 4230 (Rom.
2148 4159 2344 4214 venies
2376 4175 2489 4213 non
2520 4158 2814 4213 Christum
2863 4173 2964 4228 pro
3006 4156 3174 4212 nobis
3215 4156 3418 4210 fecisse
3465 4158 3806 4226 peccatum,

391 4255 448 4304 x,
482 4240 609 4312 40);
645 4241 695 4297 si
727 4243 797 4297 ad
823 4243 1121 4313 justitiam
1171 4251 1342 4315 putas
1376 4245 1663 4317 pertinere
1715 4248 1867 4317 quod
1915 4263 2038 4302 cre-
2148 4247 2248 4303 sed
2306 4266 2341 4303 a
2394 4248 2563 4302 Patre
2620 4252 2731 4302 Deo
2789 4247 2984 4317 ipsum
3043 4243 3340 4300 Christum
3392 4244 3610 4298 factum
3663 4259 3808 4300 esse

394 4328 506 4394 dis,
538 4347 642 4383 cur
671 4331 779 4385 hoc
810 4333 881 4387 ad
914 4331 1160 4387 salutem
1194 4334 1370 4389 etiam
1404 4352 1499 4390 ore
1531 4352 1644 4390 non
1693 4336 1988 4392 conﬁteris
2009 4336 2037 4390 Ἰ
2147 4342 2472 4408 peccatum,
2505 4336 2563 4391 id
2595 4335 3063 4402 est,sacrificium
3096 4351 3198 4406 pro
3231 4339 3484 4406 peccato.
3518 4332 3615 4387 Ait
3637 4332 3808 4389 enim

390 4415 445 4468 Si
481 4421 673 4472 autem
708 4420 854 4474 duos
885 4421 1021 4477 deos
1053 4420 1325 4478 colendos
1357 4424 1427 4478 ad
1462 4423 1710 4480 salutem
1763 4443 1876 4481 non
1905 4442 2032 4496 per-
2145 4426 2458 4498 Apostolus
2497 4443 2509 4481 :
2545 4427 2894 4482 Obsecramus
2920 4441 3020 4496 pro
3070 4425 3301 4491 Christo,
3354 4423 3812 4478 reconciliamini

389 4506 536 4559 tinet
565 4508 847 4576 conﬁteri,
869 4509 994 4564 sine
1025 4511 1199 4566 dubio
1231 4528 1335 4567 nec
1366 4514 1436 4567 ad
1461 4513 1754 4583 justitiam
1788 4515 2035 4585 pertinet
2144 4517 2247 4571 Deo
2282 4519 2298 4551 ¹
2325 4533 2339 4570 :
2373 4533 2496 4571 eum
2525 4518 2622 4588 qui
2653 4531 2760 4571 non
2789 4523 3015 4571 noverat
3041 4516 3343 4586 peccatum,
3361 4529 3462 4584 pro
3489 4512 3645 4567 nobis
3668 4528 3804 4582 pec—

389 4595 639 4651 credere.
676 4597 782 4660 Qui
831 4614 965 4670 ergo
1017 4617 1130 4655 non
1174 4601 1261 4656 vis
1309 4601 1409 4656 tali
1459 4603 1820 4658 confessione
1867 4621 2030 4660 reum
2142 4609 2322 4660 catum
2351 4607 2480 4676 fecit
2514 4607 2582 4676 (Il
2613 4608 2737 4661 Cor.
2770 4621 2822 4670 v,
2853 4605 2945 4669 ‘20,
2993 4604 3106 4675 21).
3160 4603 3282 4659 Non
3333 4617 3468 4673 ergo
3502 4602 3634 4655 fecit
3664 4601 3803 4671 ipse

386 4684 568 4739 teneri
609 4702 673 4740 os
725 4692 915 4754 tuum,
950 4706 1131 4759 quare
1181 4693 1430 4746 mundae
1461 4709 1495 4748 a
1541 4691 1642 4747 tali
1690 4694 2030 4750 credulitate
2141 4695 2585 4765 peccatum,sed
2617 4710 2752 4749 eum
2789 4695 2938 4749 Deus
2973 4710 3072 4764 pro
3103 4693 3270 4748 nobis
3303 4696 3605 4763 peccatum
3633 4690 3803 4759 fecit,

386 4789 485 4828 cor
514 4777 724 4830 tuum?
755 4776 907 4832 Tene
938 4794 1070 4832 cum
1113 4779 1406 4836 Catholica
1436 4782 1607 4836 Iidem
1641 4788 1879 4849 rectam,
1913 4800 2027 4838 non
2140 4783 2248 4838 hoc
2277 4789 2384 4850 est,
2419 4789 2482 4838 ut
2512 4783 2651 4850 dixi,
2686 4783 3038 4838 sacriﬁcium
3071 4799 3174 4853 pro
3224 4785 3476 4853 peccato.
3511 4779 3572 4834 Si
3626 4780 3795 4835 enim

383 4866 439 4916 te
471 4865 688 4934 pudeat
716 4868 1024 4922 emendare
1073 4885 1425 4940 perversam.
1456 4875 1607 4925 'I‘ene
1637 4888 1770 4926 cum
1819 4872 2026 4927 Catho-
2136 4873 2357 4929 recolas
2387 4873 2473 4928 vel
2505 4873 2746 4945 relegas,
2779 4872 3077 4927 inveniens
3109 4872 3168 4925 in
3199 4869 3365 4926 libris
3397 4868 3619 4924 Veteris
3641 4869 3796 4924 Tes-

381 4949 512 5022 lica,
537 4954 759 5010 Patrem
792 4957 1026 5026 quidem
1061 4974 1174 5012 non
1207 4974 1335 5013 esse
1366 4959 1464 5030 qui
1503 4959 1679 5013 Filius
1709 4965 1816 5030 est,
1849 4965 1906 5015 et
1936 4961 2026 5015 Fi-
2133 4962 2378 5036 tamenti
2428 4968 2661 5034 peccata
2710 4960 2988 5033 appellari
3021 4959 3307 5015 sacrificia
3356 4975 3457 5030 pro
3504 4958 3791 5030 peccatis.

380 5040 525 5096 lium
559 5060 673 5098 non
729 5061 856 5102 esse
887 5046 986 5118 qui
1038 5048 1207 5102 Pater
1245 5053 1370 5115 est;
1404 5052 1460 5102 et
1507 5048 1689 5103 Deum
1739 5066 1866 5105 esse
1914 5055 2021 5107 Pa-
2132 5050 2464 5106 Similitudo
2490 5050 2667 5106 etiam
2698 5050 2889 5105 carnis
2923 5049 3225 5121 peccati,in
3255 5065 3372 5121 qua
3387 5047 3539 5103 venit
3555 5048 3626 5102 ad
3652 5064 3793 5117 nos,

377 5131 739 5199 trem,Deum
766 5151 894 5191 esse
924 5135 1581 5192 Filiumzverumtamen
1614 5139 1815 5193 ambos
1847 5140 2023 5196 simul
2133 5140 2290 5195 dicta
2319 5144 2407 5195 est
2432 5146 2489 5195 et
2519 5139 2648 5212 ipsa
2679 5145 3010 5211 peccatum:
3033 5137 3556 5209 Misit,inq.uit,Deus
3575 5137 3796 5193 Filium

376 5235 491 5274 non
529 5222 675 5278 duos
707 5224 842 5280 deos
873 5242 1020 5292 esse,
1053 5227 1153 5280 sed
1187 5243 1392 5280 unum.
1427 5225 1541 5281 Isto
1574 5228 1742 5282 modo
1772 5227 1894 5284 solo
1927 5229 2024 5286 ﬁet
2131 5246 2293 5284 suum
2325 5232 2381 5285 in
2412 5228 2781 5285 similitudine
2807 5231 2995 5284 carnis
3020 5229 3249 5300 peccati,
3269 5237 3318 5283 et
3344 5228 3410 5282 de
3438 5229 3654 5298 peccato
3682 5227 3796 5282 da-

378 5314 442 5362 ut
472 5315 527 5364 et
556 5315 786 5367 Patrem
821 5315 976 5370 colas
1005 5321 1062 5370 et
1091 5315 1323 5383 Filium,
1353 5333 1456 5370 nec
1485 5322 1676 5371 tamen
1710 5318 1855 5373 duos
1881 5320 2020 5375 deos
2131 5322 2350 5374 mnavit
2377 5329 2658 5391 peccatum
2691 5320 2749 5374 in
2782 5333 2945 5374 carne
2973 5317 3146 5389 (Rom.
3179 5317 3363 5386 vm,3)
3397 5332 3409 5372 :
3437 5315 3546 5370 hoc
3579 5323 3691 5384 est,
3711 5317 3792 5372 de

376 5413 505 5454 esse
555 5400 830 5458 colendos
877 5404 1057 5474 dicas,
1090 5406 1190 5461 sed
1243 5422 1446 5473 unum,
1479 5423 1551 5462 ne
1607 5411 1767 5462 reatu
1812 5406 2020 5479 impie-
2131 5409 2515 5465 similitudine
2535 5404 3795 5480 carnispeccati,queipsiuserat,damnavit

437 5526 452 5594 ἓ
486 5524 570 5594 ἓν·
603 5525 768 5594 ξιυϐίὲ-
799 5529 930 5594 yen-
963 5534 1015 5579 et
1045 5533 1188 5591 Lov.,
1220 5530 1522 5594 manifesta.
1637 5531 1706 5581 M.
2192 5538 2209 5572 ί
2243 5537 2363 5586 Am.
2393 5535 2478 5586 Er.
2510 5539 2561 5585 et
2591 5536 2733 5584 Mss..
2763 5533 3085 5583 reconciliari
3113 5533 3235 5582 Deo.

435 5591 456 5623 ³
485 5589 568 5637 Er.
600 5589 764 5652 Lugd.
798 5593 924 5641 Ven.
955 5594 1075 5643 Lov.
1113 5589 1319 5644 clamat.
1360 5589 1368 5594 ’
1418 5595 1485 5644 Μ.

433 5672 510 5798 (σί
540 5671 728 5743 Scripti
761 5675 968 5725 circiter
994 5691 1192 5728 annum
1224 5680 1332 5728 428.

433 5733 479 5797 [ὁ
528 5734 688 5798 Alias,
719 5745 1004 5791 secundus.

429 5733 498 5798 (ὁ)
528 5733 688 5798 Alias,
719 5745 1004 5791 secundus.
