4040 6492
254 400 382 461 75⁵1

257 535 423 588 retur
442 528 813 587 columbavel
841 530 1081 586 ﬂamma
1112 532 1183 586 ad
1216 531 1614 587 substantiam
1642 533 1928 604 pertinere

256 621 517 694 Spiritus
538 620 725 676 sancti
740 619 826 676 vel
847 620 1000 692 quod
1021 637 1081 676 se
1108 620 1167 675 in
1191 620 1313 676 hzec
1330 619 1769 677 visibiliatantze
1803 638 1925 677 ma-

250 711 491 784 jestatis
523 715 734 765 natura
765 708 1131 778 converterit,
1157 714 1260 765 aut
1282 710 1339 765 in
1363 710 1647 765 unitatem
1668 727 1924 782 personae

260 816 385 855 sua:
414 799 527 855 ista
549 798 1205 871 susceperit,nunquam
1238 804 1439 871 postea
1469 799 1552 855 sic
1582 801 1927 871 apparuisse

263 889 483 962 legitur
510 888 759 960 Spiritus
802 893 1061 944 sanctus.
1096 888 1365 944 Christus
1414 892 1631 954 autem,
1664 888 1765 960 qui
1813 888 1925 945 hu-

259 994 502 1033 manam
525 993 638 1033 non
672 978 744 1032 ad
769 976 974 1031 horam
1007 976 1263 1049 sumpsit
1296 976 1647 1049 efﬁgiem,in
1676 994 1788 1048 quo
1820 976 1923 1033 ho-

264 1066 531 1123 minibus
561 1070 887 1138 appareret,
919 1082 984 1121 ac
1030 1066 1239 1121 deinde
1291 1065 1390 1120 illa
1421 1066 1643 1137 species
1674 1066 1924 1136 praeteri-

257 1159 379 1223 ret;
413 1155 513 1211 sed
561 1154 620 1209 in
653 1154 935 1210 unitatem
966 1171 1225 1226 personae
1266 1171 1407 1221 suae,
1450 1158 1718 1209 manente
1768 1153 1912 1209 invi-

260 1243 423 1301 sibili
456 1243 551 1299 Dei
570 1244 802 1311 formai,
819 1243 1040 1315 accepit
1052 1242 1344 1298 Visibilem
1368 1241 1624 1298 hominis
1641 1242 1911 1312 formam;

260 1349 382 1389 non
414 1332 605 1389 solum
640 1337 815 1388 natus
842 1336 930 1388 est
960 1332 1019 1386 in
1051 1348 1119 1388 ea
1140 1332 1209 1387 de
1231 1331 1467 1388 homine
1491 1336 1911 1399 matre,verum

258 1422 439 1478 etiam
474 1420 651 1476 crevit
680 1421 739 1476 in
770 1437 859 1488 ea,
896 1424 952 1476 et
983 1420 1374 1488 manducavit,
1407 1424 1464 1475 et
1492 1420 1661 1491 bibit,
1689 1423 1745 1475 et
1773 1420 1912 1475 dor-

261 1510 433 1566 mivit
454 1511 511 1565 in
542 1527 632 1577 ea,
663 1514 722 1566 et
751 1511 981 1566 occisus
1010 1514 1098 1565 est
1128 1510 1185 1565 in
1215 1526 1301 1577 ea,
1327 1517 1379 1564 et
1404 1508 1715 1565 resurrexit
1739 1509 1798 1563 in
1821 1524 1908 1576 ea,

260 1605 323 1656 et
365 1600 626 1656 ascendit
653 1598 714 1654 in
748 1598 980 1670 cmlum,
1013 1603 1069 1654 et
1097 1600 1258 1655 sedet
1287 1599 1359 1654 ad
1400 1599 1697 1654 dexteram
1725 1597 1911 1653 Patris

256 1688 325 1744 in
349 1704 437 1757 ea,
457 1689 526 1744 ad
544 1688 899 1760 judicandos
927 1688 1089 1744 vivos
1107 1693 1164 1744 et
1194 1680 1456 1744 mortuos
1505 1692 1593 1743 est
1629 1691 1911 1744 venturus

256 1776 326 1833 in
347 1778 567 1845 ea,etin
585 1793 762 1850 regno
781 1778 963 1847 suo,ei
980 1777 1076 1849 qui
1096 1776 1192 1833 ille
1212 1777 1913 1848 subjecitomnia,eritsu-

259 1867 493 1937 bjectus
514 1867 571 1922 in
585 1883 672 1922 ea.
696 1867 827 1922 Haec
839 1871 898 1921 tu
917 1868 974 1922 in
990 1883 1117 1922 mea
1131 1866 1776 1938 responsionezbreviter
1789 1866 1910 1921 dic-

259 1958 348 2024 ta,
379 1973 504 2028 qua:
536 1973 691 2011 nunc
709 1955 1218 2027 aliquantolatius,
1241 1954 1404 2010 utve]
1437 1954 1907 2027 sicintelligeres,

261 2044 868 2117 explicavi,attendere
886 2049 942 2100 et
954 2044 1319 2100 considerare
1334 2044 1567 2099 noluisti
1579 2043 1829 2111 ,irruens
1850 2043 1909 2098 in

258 2138 487 2190 tantam
518 2133 968 2207 blasphemiam,
1001 2138 1064 2189 ut
1112 2139 1381 2189 naturam
1430 2133 1684 2188 divinam
1726 2132 1824 2188 Dei
1855 2135 1913 2188 et

256 2222 518 2295 Spiritus
547 2223 735 2279 sancti
766 2220 1223 2290 convertibilem,
1248 2221 1392 2294 proh
1416 2222 1605 2277 nefas!
1638 2226 1696 2277 et
1718 2226 1908 2276 muta-

260 2312 443 2367 bilem
492 2313 735 2368 diceres.
778 2312 901 2367 Tua
956 2328 1209 2382 namque
1246 2311 1359 2366 ista
1405 2316 1545 2366 sunt
1573 2312 1908 2380 verbazEa,

260 2400 489 2472 inquis,
519 2418 637 2473 quae
666 2400 732 2456 de
768 2400 1159 2457 invisibilitate
1183 2401 1608 2471 omnipotentis”
1656 2401 1755 2455 Dei
1780 2415 1912 2472 pro-

258 2494 476 2546 secutus
502 2507 644 2557 sum,
676 2491 845 2545 etiam
871 2498 922 2545 et
950 2486 1103 2561 ipse,
1122 2490 1247 2544 licet
1278 2491 1388 2544 alio
1424 2489 1718 2560 proposito,
1769 2492 1913 2544 atta-

255 2595 389 2635 men
420 2582 529 2635 tuis
556 2581 737 2635 verbis
755 2580 1071 2651 afﬁrmasti,
1121 2578 1261 2649 quod
1298 2578 1535 2649 Spiritus
1579 2582 1802 2633 sanctus
1854 2579 1914 2632 in

259 2670 447 2741 specie
472 2668 744 2725 columba
772 2670 845 2723 sit
872 2670 1041 2733 visus,
1070 2683 1279 2723 necnon
1325 2675 1376 2723 et
1420 2670 1481 2722 in
1507 2669 1683 2737 specie
1719 2668 1866 2735 ignis
1896 2684 1918 2720 .-

263 2758 444 2813 Filius
471 2772 627 2823 sane,
660 2758 725 2812 in
750 2759 931 2827 forma
959 2758 1197 2812 nominis
1228 2774 1247 2812 :
1282 2760 1445 2812 Pater
1494 2759 1694 2819 autem,
1748 2771 1917 2827 neque

261 2849 328 2902 in
356 2848 532 2918 specie
559 2846 848 2913 columbae,
877 2861 979 2901 nec
1018 2848 1079 2900 in
1123 2847 1304 2916 forma
1351 2845 1633 2907 hominis;
1683 2860 1779 2899 nec
1809 2846 1915 2900 ali-

259 2936 482 3011 quando
511 2938 674 2992 vertit
692 2952 749 2991 se
762 2938 819 2990 in
840 2934 1168 3005 formas,sed
1189 2951 1291 2990 nec
1311 2933 1617 3005 aliquando
1638 2938 1879 2989 vertetur
1897 2950 1916 2989 :

258 3027 331 3083 de
357 3042 462 3098 quo
491 3027 757 3095 scriptum
782 3032 879 3091 est,
905 3047 933 3074 «
963 3025 1070 3094 Ego
1099 3040 1224 3078 sum
1257 3024 1353 3096 qui
1380 3040 1527 3089 sum,
1560 3027 1609 3077 et
1626 3044 1654 3073 ‹‹
1673 3039 1784 3077 non
1801 3039 1921 3078 sum

257 3124 529 3173 mutatus.
560 3137 589 3165 »
624 3114 840 3170 Deinde
872 3113 1236 3185 adjungis,et
1267 3112 1417 3168 dicis
1453 3128 1464 3165 :
1502 3112 1674 3167 Filius
1703 3129 1840 3168 sane
1860 3115 1919 3167 in

261 3211 448 3280 forma
470 3208 565 3262 Dei
594 3207 921 3262 constitutus
942 3205 1068 3275 jam
1094 3213 1158 3258 ut
1199 3205 1313 3274 ipse
1352 3203 1654 3273 protulisti,
1684 3204 1922 3273 formam

262 3298 414 3353 servi
441 3296 669 3364 accepit,
700 3293 840 3367 quod
864 3308 973 3348 non
1010 3294 1177 3348 Pater
1207 3308 1220 3346 :
1257 3292 1495 3363 Spiritus
1525 3307 1675 3362 azque
1704 3296 1923 3347 sanctus

264 3387 506 3457 suscepit
545 3386 778 3456 speciem
819 3382 1105 3449 columbae,
1133 3397 1303 3452 quam
1339 3396 1449 3435 non
1474 3382 1709 3451 suscepit
1742 3382 1920 3437 Pater.

266 3476 413 3533 Scito
450 3490 595 3545 ergo,
645 3471 864 3543 inquis,
907 3473 1039 3543 quia
1084 3487 1228 3525 unus
1276 3478 1355 3525 est
1402 3468 1731 3534 invisibilis,
1778 3486 1924 3525 unus

265 3568 443 3621 etiam
497 3562 829 3634 incapabilis
878 3568 1039 3631 atque
1089 3561 1411 3615 immensus.
1467 3559 1595 3613 Haec
1635 3559 1920 3630 numquid

266 3654 517 3718 diceres,
548 3652 594 3707 si
629 3649 951 3707 secundum
982 3647 1279 3719 spiritum,
1306 3664 1418 3702 non
1452 3648 1775 3703 secundum
1800 3664 1922 3703 car-

266 3758 429 3806 nem,
463 3757 664 3813 posses
694 3739 950 3811 cogitare
978 3737 1119 3808 quid
1152 3736 1375 3791 diceres
1397 3735 1424 3790 ?
1454 3735 1637 3791 Homo
1658 3752 1721 3791 es
1742 3736 1921 3803 enim,

268 3832 376 3904 qui
408 3830 553 3903 legis
580 3830 641 3884 in
671 3826 990 3899 Scripturis
1024 3825 1262 3893 sanctis,
1296 3826 1404 3894 Ego
1456 3841 1581 3880 sum
1627 3827 1725 3896 qui
1777 3842 1921 3894 sum,

268 3929 325 3978 et
378 3935 488 3975 non
531 3934 655 3974 sum
699 3920 939 3972 mutatus
986 3914 1178 3986 (and.
1226 3931 1311 3981 In,
1364 3914 1451 3977 14,
1499 3918 1552 3969 et
1584 3914 1813 3971 Malach.
1840 3932 1923 3982 111,

265 4010 347 4081 6).
381 4009 451 4063 Et
499 4023 634 4063 cum
664 4005 839 4062 verba
869 4004 984 4060 ista
1019 4001 1158 4070 sint,
1191 4018 1308 4057 non
1350 4000 1539 4057 Patris
1588 4001 1791 4067 solius,
1825 4004 1926 4059 sed

266 4097 462 4170 ipsius
480 4092 806 4161 Trinitatis,
848 4108 975 4165 quas
1008 4107 1164 4147 unus
1189 4095 1281 4147 est
1309 4090 1499 4151 Deus;
1548 4095 1610 4146 tu
1656 4106 1723 4147 ea
1778 4092 1928 4147 Patri

346 4223 361 4256 ¹
387 4220 556 4270 Editio
612 4220 763 4279 Lov.,
790 4216 882 4267 sed
908 4217 1104 4266 unitate
1128 4230 1356 4281 person:
1382 4218 1635 4278 manente,
1659 4215 1929 4267 invisibilis

270 4284 378 4336 Dei
402 4286 579 4349 forma
602 4280 811 4349 accepit.

338 4349 363 4383 ³
393 4342 509 4399 Am.
541 4346 626 4395 Er.
658 4342 728 4395 et'
752 4344 901 4406 Mss.,
929 4342 1306 4393 omnitenentis.

1618 401 1855 461 LIBER
1897 400 2335 463 SECUNDUS.

3564 396 3683 461 758

2037 533 2381 588 tantumodo
2396 532 2681 603 tribuens,
2697 531 2906 589 Filium
2921 530 3264 588 mutabilem
3288 530 3502 586 credisl
3539 529 3681 585 Uni-

2034 621 2295 692 genitum
2351 637 2452 692 per
2503 637 2676 693 quem
2718 622 2864 677 facta
2914 631 3050 677 sunt
3096 620 3293 676 omnia
3333 618 3675 675 mutabilem

2038 710 2227 764 credis
2251 727 2264 765 :
2288 726 2421 765 eum
2456 711 2527 765 de
2556 726 2671 781 quo
2702 710 2843 765 dicit
2872 710 3269 783 Evangelium.
3304 711 3361 764 In
3402 709 3678 780 principio

2033 802 2153 853 erat
2191 800 2436 867 Verbum,
2474 804 2530 854 et
2566 800 2792 855 Verbum
2835 807 2955 855 erat
3010 800 3163 870 apud
3204 800 3395 863 Deum,
3446 801 3497 852 et
3541 799 3680 852 Deus

2033 892 2154 943 erat
2190 889 2415 944 Verbum
2435 906 2455 950 ,·
2486 894 2560 957 et,
2597 889 2791 945 Omnia
2824 906 2924 958 per
2953 891 3135 960 ipsum
3162 890 3309 959 facta
3337 892 3467 943 sunt
3496 888 3678 956 (Joan.

2034 996 2073 1049 ι,
2115 986 2159 1045 ι,
2190 978 2263 1050 3),
2298 978 2638 1034 mutabilem
2662 978 2887 1033 credisl
2923 979 3069 1042 Quid
3095 980 3221 1048 jam
3244 978 3431 1031 dicam
3455 977 3524 1031 de
3544 974 3676 1047 Spi-

2033 1066 2148 1121 ritu
2180 1070 2405 1137 sancto,
2437 1067 2671 1138 quando
2704 1065 2873 1120 illum
2906 1082 3079 1137 quem
3124 1081 3325 1120 verum
3356 1062 3539 1117 ﬁlium
3573 1062 3673 1118 Dei

2039 1158 2095 1210 et
2124 1171 2323 1210 verum
2348 1156 2642 1212 conﬁteris
2663 1161 2863 1223 Deum,
2898 1154 3238 1210 mutabilem
3271 1152 3493 1208 credis?
3512 1152 3674 1217 Quod

2042 1244 2245 1315 utique
2289 1261 2402 1300 non
2435 1245 2718 1313 crederes,
2752 1244 2801 1300 si
2832 1247 3080 1300 formam
3110 1242 3257 1299 servi
3291 1259 3320 1297 a
3353 1243 3541 1297 forma
3580 1239 3678 1294 Dei

2040 1348 2169 1388 esse
2208 1338 2560 1405 susceptam,
2589 1351 2703 1389 non
2737 1335 2981 1389 formam
3024 1334 3122 1388 Dei
3157 1334 3213 1387 in
3246 1332 3495 1387 formam
3528 1330 3677 1385 servi

2039 1437 2167 1477 esse
2198 1427 2504 1490 mutatam,
2530 1428 2811 1494 tanquam
2836 1421 3525 1485 catholicuserederes;et
3547 1418 3680 1477 visi-

2036 1509 2174 1567 bilis
2222 1511 2457 1567 homine
2506 1516 2829 1583 assumpto,
2881 1511 3276 1583 permansisse
3318 1509 3676 1566 invisibilem

2032 1598 2359 1665 Deum,non
2387 1600 2821 1671 carnaliter,sed
2838 1599 3216 1671 spiritualiter
3235 1600 3546 1671 cogitares;
3572 1615 3678 1654 nec

2033 1690 2436 1744 contendendo
2452 1690 2875 1757 difﬁderes,sed
2891 1689 3267 1761 intelligendo
3280 1688 3674 1760 conspiceres:

2034 1782 2091 1832 et
2111 1777 2396 1849 Spiritum
2418 1782 2687 1833 sanctum
2721 1778 2997 1834 invisibili
3023 1795 3132 1834 sua
3153 1784 3421 1835 manente
3444 1784 3674 1848 natura,

2034 1865 2192 1921 nullo
2217 1868 2387 1922 modo
2412 1867 2472 1921 in
2500 1866 2653 1939 ignis
2675 1867 3065 1923 autcolumbaa
3088 1868 3340 1937 speciem
3360 1872 3584 1922 mutata
3596 1871 3675 1922 at-

2029 1971 2140 2026 que
2164 1972 2462 2023 conversa,
2498 1973 2598 2027 per
2619 1956 2944 2025 subjectam
2968 1960 3290 2011 creaturam
3305 1957 3670 2028 apparuisse,

2028 2043 2369 2100 siculvoluit
2388 2044 3514 2117 visibiliter(Act.u,3,etMatt/mu,16),tu
3545 2061 3675 2117 pos-

2026 2150 2120 2191 ses
2141 2133 2509 2189 considerare
2530 2133 2796 2189 ﬁdeliter.
2831 2133 3119 2190 Memento
3136 2139 3465 2202 tamen,nec
3490 2134 3673 2204 majo-

2032 2238 2153 2278 rem
2170 2226 2399 2278 Patrem
2430 2223 2651 2294 Spiritu
2674 2227 3009 2292 sancto,nec
3027 2224 3330 2278 adoratum
3348 2225 3573 2279 Patrem
3598 2223 3671 2278 ab

2031 2310 2250 2383 Spiritu
2277 2317 2497 2382 sancto,
2535 2311 2667 2366 ullis
2697 2311 2907 2367 divinis
2946 2312 3297 2368 testimoniis
3319 2320 3517 2369 contra
3538 2329 3671 2385 pro-

2029 2400 2376 2472 positionem
2408 2417 2598 2457 meam
2628 2406 2682 2457 te
2705 2401 3109 2457 demonstrare
3141 2402 3422 2473 potuisse.

2100 2489 2328 2545 CAPUT
2357 2491 2476 2545 XX.
2503 2521 2569 2529 —
2586 2492 2730 2546 Licet
2742 2492 3017 2561 ingenitus
3032 2492 3214 2560 Pater,
3235 2493 3469 2562 aqualis
3492 2494 3679 2548 tamen

2026 2580 2225 2636 Filius.
2246 2578 2538 2650 Vigesimo
2560 2578 2988 2651 loco,quoniam
3004 2580 3231 2636 dixeras
3248 2582 3318 2637 de
3330 2580 3683 2654 Filio,wqua-

2032 2668 2103 2724 tis
2121 2670 2301 2736 Patri,
2326 2670 2513 2740 utique
2530 2670 2658 2724 talis
2680 2688 2698 2723 :
2720 2671 2935 2736 sitatis,
2956 2672 3142 2742 utique
3159 2672 3415 2738 innatus;
3440 2687 3545 2743 ego
3568 2688 3686 2727 res-

2031 2758 2294 2829 pondens
2316 2758 2421 2813 tibi
2451 2774 2463 2812 :
2490 2758 2600 2813 Sed
2624 2757 2791 2825 dicis,
2816 2758 3076 2830 inquam,
3110 2760 3181 2815 de
3205 2758 3368 2825 Filio,
3403 2759 3464 2815 Si
3497 2776 3683 2832 aequa-

2032 2846 2121 2914 lis,
2152 2848 2343 2919 utique
2363 2847 2513 2909 talis;
2540 2846 2597 2901 id
2622 2850 2731 2916 est,
2769 2850 2830 2902 ut
2861 2848 2992 2918 quia
3016 2863 3127 2903 non
3149 2857 3224 2903 est
3249 2850 3550 2917 ingenitus,
3573 2864 3686 2904 non

2029 2935 2282 2991 videatur
2302 2936 2446 2990 tatis.
2481 2940 2669 2991 Posses
2686 2935 2928 2991 dicerere
2966 2952 3077 2991 non
3099 2952 3211 2992 esse
3228 2938 3506 2993 hominem
3524 2954 3685 3010 quem

2030 3025 2223 3094 genuit
2240 3024 2566 3095 Adam,quia
2590 3026 2703 3096 ipse
2727 3026 2914 3081 Adam
2932 3041 3041 3081 non
3072 3034 3150 3082 est
3180 3028 3423 3098 genitus,
3447 3026 3538 3081 sed
3562 3028 3682 3095 fac-

2030 3120 2119 3169 tus
2147 3130 2187 3169 α
2216 3115 2342 3169 Deo.
2362 3113 2422 3169 Si
2442 3116 2620 3168 autem
2639 3117 2815 3185 potuit
2834 3114 3004 3171 Adam
3039 3122 3213 3171 etnon
3234 3131 3342 3171 esse
3370 3117 3611 3187 genitus,
3633 3123 3685 3171 et

2033 3211 2216 3259 tamen
2245 3205 2346 3259 hoc
2365 3219 2628 3272 generare
2648 3204 2787 3275 quod
2821 3208 2939 3260 erat
2960 3206 3094 3275 ipse;
3123 3220 3233 3260 non
3262 3207 3343 3260 vis
3360 3213 3421 3260 ut
3448 3206 3688 3277 potuerit

2034 3298 2180 3349 Deus
2209 3294 2377 3348 Deum
2397 3294 2665 3364 azqualem
2680 3294 2821 3348 sibi?
2839 3294 2923 3347 Ad
2946 3293 3066 3349 haec
3100 3310 3211 3349 non
3246 3295 3426 3349 miror
3455 3294 3685 3350 nullum

2032 3382 2405 3438 teinvenisse
2444 3398 2789 3453 responsum
2831 3398 2844 3436 :
2880 3383 2981 3438 sed
3015 3382 3186 3453 plane
3223 3382 3395 3438 laudo
3427 3400 3533 3439 nec
3563 3400 3687 3439 res-

2037 3471 2290 3543 pondere
2313 3476 2807 3542 conatum.Atque
2826 3472 3047 3526 utinam
3062 3472 3171 3527 hoc
3190 3471 3405 3543 ubique
3428 3473 3682 3529 fecissesl

2039 3577 2328 3629 nusquam
2366 3561 2522 3615 enim
2571 3560 2631 3614 in
2680 3560 3054 3616 sermonibus
3084 3560 3300 3616 nostris
3361 3561 3501 3632 quid
3533 3566 3688 3617 recte

2040 3651 2418 3721 responderes
2436 3649 2694 3704 invenire
2715 3649 3255 3721 potuisti,ettamen
3281 3651 3444 3722 pene‘
3471 3650 3689 3721 ubique

2040 3743 2228 3795 tacere
2258 3737 2517 3793 noluisti.
2552 3738 2662 3793 Sed
2686 3755 2817 3793 cum
2842 3738 2900 3792 in
2937 3737 3067 3793 aliis
3091 3743 3210 3794 tam
3235 3738 3419 3794 multa
3446 3740 3683 3810 dixeris,

2038 3843 2226 3883 causa
2248 3827 2548 3899 quaeinter
2569 3843 2675 3882 nos
2708 3826 2902 3899 agitur
2930 3843 3045 3882 non
3078 3828 3423 3895 necessaria,
3448 3833 3504 3884 et
3532 3834 3688 3884 tem-

2037 3915 2454 3987 pusloquendo
2468 3914 3252 3987 eonsumpseris;gratitetibi
3269 3916 3505 3988 agendae
3525 3921 3684 3985 sunt,

2040 4004 2138 4059 ubi
2170 4004 2453 4061 nonnulla
2491 4006 2573 4060 sic
2615 4005 2811 4059 vidisti
2860 4009 2916 4059 te
2976 4005 3229 4060 relutare
3257 4022 3373 4061 non
3396 4021 3588 4078 posse,
3624 4010 3689 4062 ut

2040 4110 2108 4151 ea
2138 4094 2342 4150 malles
2373 4109 2606 4151 summo
2629 4092 2858 4149 silentio
2890 4092 3201 4164 praeterire.

2102 4344 2120 4379 ι
2144 4342 2298 4406 Apud
2327 4343 2472 4402 Lov.,
2494 4341 2663 4406 plene.

1360 4521 1778 4613 LIBER
1838 4521 2636 4619 SECUNDUS“)

370 4667 717 4720 Reﬁ‘elluntur
744 4664 1049 4729 singillatim
1080 4676 1201 4728 qua
1231 4662 1289 4731 in
1319 4660 1604 4731 Collatione
1634 4664 1952 4731 Maximinus
1993 4665 2467 4731 dixitqultimagsua
2498 4666 2881 4731 disputatione,
2910 4667 3065 4731 cujus
3092 4668 3467 4731 disputationis
3495 4681 3605 4718 sum

1152 4724 1464 4790 prolixitate
1492 4726 1854 4789 respondendi
1886 4730 2097 4792 tempus
2124 4730 2257 4778 tunc
2284 4729 2481 4792 eripuit
2508 4724 2824 4793 Augustino.

1760 4823 2165 4839 ᾖ

353 4894 677 4950 Passum.
700 4918 770 4929 —
798 4887 909 4962 Res
928 4886 1053 4957 jam
1095 4884 1357 4958 postulat
1393 4890 1460 4941 ut
1491 4887 1549 4942 in
1578 4902 1644 4943 eo
1671 4887 1821 4958 quod
1847 4903 1932 4943 re-

274 4986 509 5055 liquum
528 4989 637 5046 est,
669 4975 991 5049 opitulante
1012 4975 1280 5043 Domino,
1301 4975 1577 5047 impleam
1600 4975 1936 5048 promissio-

214 5096 231 5104 ι
277 5088 421 5131 nem
453 5084 664 5126 meam.
699 5068 762 5121 In
794 5064 985 5137 operis
1017 5064 1235 5136 quippe
1265 5064 1444 5136 hujus
1465 5065 1722 5133 exordio,
1749 5067 1934 5133 Prius,

280 5164 553 5233 inquam,
595 5154 876 5213 ostendam
908 5154 1162 5223 refellere
1195 5156 1245 5207 te
1286 5168 1399 5208 non
1421 5156 1667 5224 potuisse
1695 5170 1815 5226 quae
1844 5154 1934 5210 di-

273 5252 349 5309 xi
364 5266 386 5305 :
404 5246 623 5312 deinde,
656 5248 923 5316 quantum
950 5243 1325 5299 necessarium
1357 5242 1648 5313 videbitur,
1682 5244 1937 5314 refellam

275 5354 411 5416 quae
448 5340 564 5410 ipse
616 5334 828 5390 dixisti.
879 5332 1027 5398 Quia
1073 5347 1230 5403 ergo,
1278 5330 1433 5387 sicut
1478 5333 1789 5403 adjuvante
1818 5332 1933 5388 Deo

277 5428 470 5505 potui,
503 5423 731 5482 ostendi
784 5439 853 5478 ea
898 5438 1026 5493 quin
1066 5421 1186 5476 dixi
1218 5438 1331 5476 non
1388 5426 1445 5476 te
1476 5421 1733 5494 potuisse
1764 5421 1931 5477 refel-

278 5538 424 5589 ere;
458 5521 734 5591 superest
770 5520 836 5571 ut
864 5530 931 5570 ea
961 5530 1089 5585 quae
1120 5512 1338 5582 dixisti,
1387 5528 1492 5586 ego
1536 5514 1818 5584 refellam,
1853 5513 1930 5569 si-

277 5617 388 5673 cut
413 5613 530 5669 Deo
560 5610 874 5678 adjuvante
915 5608 1177 5675 potuero.
1223 5603 1448 5659 Priores
1505 5605 1702 5675 itaque
1735 5621 1928 5675 prose-

276 5702 549 5762 cutiones
594 5703 749 5763 tuas,
794 5693 1011 5765 quibus
1054 5691 1328 5748 continuo
1377 5693 1602 5749 reddidi
1659 5710 1818 5749 meas
1869 5693 1927 5749 in

346 5888 427 5958 (α)
454 5885 619 5953 Aliis,
646 5879 876 5942 Tertius.

2044 4888 2154 4945 hac
2187 4889 2583 4962 disputatione
2614 4906 2740 4960 quae
2772 4880 2928 4947 nunc
2958 4908 2991 4947 a
3030 4906 3123 4947 me
3152 4895 3394 4963 sucepta
3431 4895 3541 4961 est,
3574 4908 3691 4949 non

2045 4979 2369 5057 retractabo
2403 4996 2416 5035 :
2447 4978 2610 5035 illam
2640 4997 2773 5036 vero
2804 4979 3075 5037 ultimam
3115 4985 3235 5035 tam
3280 4980 3588 5052 prolixam,
3628 4984 3694 5037 ut

2047 5067 2191 5122 mihi
2222 5068 2315 5124 die
2346 5068 2447 5123 illo
2472 5070 2726 5141 spatium
2752 5068 3149 5142 responsionis
3170 5070 3442 5140 auferret,
3474 5069 3556 5124 ita
3598 5086 3692 5126 re-

2045 5158 2351 5229 darguam,
2384 5158 2435 5213 si
2467 5156 2714 5214 voluerit
2753 5158 2852 5229 qui
2901 5174 3007 5213 nos
3039 5159 3185 5229 regit
3234 5163 3298 5212 ut
3353 5158 3693 5230 acquiescas

2044 5245 2252 5301 lumini
2286 5247 2565 5317 veritatis,
2595 5247 2645 5303 si
2676 5247 3066 5303 contentionis
3092 5247 3362 5303 tenebras
3394 5264 3508 5304 non
3532 5265 3694 5304 ama-

2043 5336 2213 5391 veris.
2252 5336 2314 5392 In
2347 5337 2556 5408 primis
2588 5352 2723 5408 ergo
2754 5335 3054 5408 superﬂua
3114 5340 3217 5391 tua
3263 5337 3567 5392 detraham
3596 5353 3694 5393 ne-

2045 5423 2299 5479 cessitati
2325 5424 2725 5496 responsionis
2753 5440 2913 5479 meas.
2941 5427 3126 5479 Causa
3161 5424 3376 5497 quippe
3406 5426 3557 5481 inter
3589 5444 3697 5484 nos

2043 5512 2258 5585 agitur,
2283 5517 2479 5568 utrum
2505 5517 2674 5568 Pater
2694 5516 2749 5567 et
2780 5511 2960 5569 Filius
2981 5517 3036 5568 et
3056 5512 3309 5584 Spiritus
3339 5519 3580 5571 sanctus
3601 5515 3691 5570 di-

2043 5617 2240 5668 versas,
2259 5608 2321 5658 ut
2346 5620 2444 5658 vos
2471 5601 2763 5667 dicitis,an
2787 5601 3074 5673 potius,ut
3092 5618 3199 5657 nos
3225 5602 3685 5671 dicimus,unius

2040 5690 2158 5746 sint
2178 5692 2560 5761 ejusdemque
2583 5690 2950 5760 substantias,
2974 5706 3243 5763 unusque
3264 5692 3419 5750 Deus
3449 5694 3526 5749 sit
3556 5693 3684 5765 ipsa

2039 5781 2328 5837 Trinitas:
2355 5797 2490 5837 cum
2511 5780 2811 5837 conveniat
2840 5779 2994 5838 inter
3021 5796 3127 5838 nos
3148 5785 3379 5839 Patrem
3402 5798 3518 5839 non
3550 5798 3677 5840 esse

2036 5871 2134 5945 qui
2165 5873 2255 5930 est
2282 5869 2487 5941 Filius,
2516 5886 2622 5929 nec
2674 5868 2888 5931 Filium
2923 5885 3054 5932 esse
3088 5870 3191 5945 qui
3234 5874 3325 5931 est
3352 5869 3539 5942 Peter,
3571 5886 3677 5929 nee
