4040 6470
409 380 527 442 ’159

407 516 637 568 Patrem
671 528 799 567 esse
827 511 912 566 vel
944 510 1155 564 Filium
1210 509 1311 581 qui
1362 508 1619 581 Spiritus
1657 510 1897 562 sanctus
1936 508 2044 559 est.

406 601 654 673 Quiquid
691 602 869 673 igitur
913 604 1075 654 tanta
1120 603 1231 654 tuas
1274 596 1697 671 prosecutionis
1721 594 2049 668 prolixitate

407 689 625 755 dixisti,
663 688 816 744 unde
847 689 1182 744 ostenderes
1214 687 1393 743 alium
1426 703 1553 742 esse
1585 688 1836 751 Patrem,
1872 683 2053 738 alium

406 796 535 836 esse
566 778 799 843 Filium,
833 777 1011 833 alium
1046 793 1175 834 esse
1203 777 1483 848 Spiritum
1521 780 1784 831 sanctum
1812 791 1825 841 ;
1865 789 2052 844 quan-

407 870 479 924 do
510 867 818 924 nobiscum
851 867 1043 939 agitis,
1078 866 1443 939 superﬂuum
1491 880 1732 937 prorsus
1782 878 1909 917 esse
1956 878 2049 915 co-

408 975 657 1033 gnosce:
692 962 750 1014 et
786 958 833 1012 si
868 958 976 1013 tibi
1020 956 1392 1030 expugnandi
1447 953 1804 1011 occurrerint
1851 950 2051 1007 Sabel-

408 1048 571 1117 liani,
606 1048 665 1102 in
701 1064 800 1103 eos
830 1047 943 1102 ista
972 1047 1142 1103 nobis
1172 1046 1451 1118 vobisque
1470 1042 1824 1109 communia,
1858 1041 1905 1096 si
1929 1040 2052 1112 pla-

408 1142 535 1206 cet,
595 1154 757 1193 arma
814 1141 1096 1192 converte.
1156 1135 1339 1190 Multa
1388 1134 1557 1189 etiam
1608 1131 1838 1186 locutus
1872 1146 1956 1197 es,
1988 1134 2054 1185 ut

409 1226 685 1299 probares
742 1241 1021 1297 magnum
1074 1226 1255 1280 Deum
1296 1239 1424 1280 esse
1483 1220 1795 1277 Dominum
1848 1219 2048 1274 Jesum

407 1315 703 1372 Christum
739 1331 753 1371 :
785 1314 894 1370 hoc
926 1314 1061 1385 quid
1095 1315 1166 1369 ad
1197 1330 1325 1379 nos,
1372 1327 1506 1368 cum
1538 1310 1647 1366 hoc
1688 1310 1955 1365 dicamus
1998 1311 2054 1364 et

407 1404 554 1462 nos?
583 1404 807 1460 Laudes
839 1418 1071 1474 quoque
1102 1401 1354 1472 Spiritus
1371 1400 1557 1456 sancti
1583 1414 1828 1471 magnas
1858 1412 2050 1453 veras-

407 1509 521 1565 que
577 1492 779 1547 fudisti
817 1509 829 1547 :
865 1492 965 1547 sed
1010 1507 1115 1546 nos
1166 1505 1264 1545 eas
1311 1505 1523 1561 augere
1570 1502 1902 1561 possumus,
1935 1501 2051 1541 non

407 1596 619 1655 negare
654 1597 666 1636 :
700 1596 815 1635 non
855 1579 1057 1650 itaque
1087 1596 1235 1651 opus
1263 1582 1389 1633 erat
1437 1581 1500 1632 ut
1548 1593 1646 1632 eas
1694 1579 1898 1631 contra
1945 1590 2052 1630 nos

404 1671 655 1739 diceres,
699 1686 847 1742 quas
904 1669 1156 1724 dicimus
1212 1671 1436 1723 tecum.
1498 1665 1794 1720 Christum
1854 1664 2052 1720 sedere

406 1761 477 1817 ad
552 1760 847 1816 dexteram
899 1759 1114 1825 Patris,
1148 1772 1342 1812 nonne
1397 1755 1615 1828 pariter
1661 1753 2051 1810 confitemur?

407 1849 569 1916 Quod
597 1854 791 1904 tamen
833 1846 1189 1903 testimoniis
1221 1844 1552 1899 divinorum
1584 1843 1945 1914 eloquiorum
1968 1843 2050 1897 sic

406 1938 652 2010 probare
694 1935 953 2003 voluisti,
996 1939 1279 2006 tanquam
1323 1933 1381 1987 id
1429 1932 1639 1989 alicubi
1680 1947 2047 2004 negaremus.

406 2026 705 2083 Christum
740 2025 799 2080 in
830 2039 1004 2079 carne
1030 2023 1277 2088 venisse,
1311 2022 1544 2094 utrique
1584 2020 1852 2077 novimus
1883 2025 1940 2076 et
1961 2024 2050 2075 te-

406 2131 613 2171 nemus
633 2129 646 2170 :
663 2114 746 2169 sic
769 2111 1085 2168 adhibuisti
1108 2116 1170 2166 ut
1188 2113 1293 2167 hoc
1314 2112 1549 2166 doceres
1571 2110 1768 2166 divina
1786 2110 2050 2166 testimo-

405 2205 522 2275 nia,
568 2207 850 2276 tanquam
899 2218 1312 2274 repugnemus.
1369 2203 1495 2256 Haec
1526 2204 1583 2256 et
1612 2198 1728 2255 alia
1767 2216 1893 2271 quas
1925 2198 2048 2256 suis

404 2292 708 2350 ostendam
724 2290 950 2357 locis,in
972 2291 1188 2362 quibus
1214 2307 1450 2362 operam
1475 2304 1893 2360 supervacuam
1911 2304 2051 2344 con-

399 2382 632 2452 trivisti,
666 2384 729 2435 ut
754 2396 948 2436 moras
986 2383 1265 2448 neoteres,
1291 2383 1644 2451 tempusque
1675 2378 2047 2449 produceres,

400 2470 913 2527 commemorando
953 2467 1240 2540 attingere
1283 2468 1487 2538 debeo,
1535 2484 1652 2523 non
1702 2467 2050 2539 redarguere

400 2559 779 2632 disputando.

474 2647 703 2704 CAPUT
748 2646 1064 2703 PRIMUM.
1100 2676 1168 2688 -—
1190 2646 1345 2701 Dicis
1376 2662 1469 2702 me
1495 2644 1709 2701 auxilio
1735 2645 2053 2717 principum

398 2739 695 2804 munitum,
742 2752 851 2792 non
901 2737 1052 2808 loqui
1083 2736 1397 2792 secundum
1438 2736 1698 2790 timorem
1730 2735 1865 2796 Dei;
1912 2750 2049 2789 cum

399 2827 551 2885 scias
582 2827 752 2882 nobis
784 2842 912 2882 esse
942 2830 1297 2897 praeceptum
1339 2839 1504 2880 orare
1550 2840 1652 2895 pro
1698 2824 1955 2895 regibus,
1988 2828 2052 2879 ut

399 2916 462 2972 in
493 2916 850 2988 agnitionem
881 2915 1115 2969 veniant
1143 2913 1405 2970 veritatis
1436 2914 1592 2986 (Tim.
1618 2912 1820 2983 11,2,4)
1846 2930 1859 2967 :
1894 2913 2048 2984 quod

398 3005 457 3061 in
490 3005 847 3076 quibusdam
877 3020 1005 3059 esse
1034 3003 1367 3075 impletum,
1400 3020 1505 3058 nos
1531 3003 1646 3058 Deo
1673 3002 1904 3072 agimus
1926 3019 2051 3073 gra-

398 3092 530 3161 tias,
558 3109 659 3148 vos
683 3091 908 3148 doletis.
941 3092 1126 3147 Verba
1157 3097 1363 3147 autem.
1398 3096 1599 3148 nostra
1628 3095 1781 3147 recte
1827 3090 2048 3146 intelli-

396 3182 670 3255 gentibus
711 3180 993 3252 indicant,
1045 3181 1180 3253 quis
1229 3185 1497 3237 nostrum
1531 3179 1807 3252 loquatur
1836 3196 2048 3235 secun-

396 3270 537 3326 dum
559 3269 828 3325 timorem
866 3268 961 3325 Dei
996 3286 1009 3324 :
1045 3272 1244 3324 utrum
1264 3270 1363 3341 qui
1395 3270 1479 3325 sic
1500 3269 1697 3325 laudat
1731 3269 1908 3324 Deum
1940 3269 2045 3323 Pa-

392 3363 563 3430 trem,
598 3362 662 3414 ut
693 3360 763 3415 ad
798 3360 927 3430 ejus
957 3357 1189 3414 laudem
1224 3359 1455 3427 referat,
1505 3359 1661 3431 quod
1693 3357 1803 3414 sibi
1835 3357 2046 3414 Filium

393 3448 688 3521 generavit
718 3446 1033 3519 aequalem;
1068 3464 1141 3503 an
1173 3448 1274 3519 qui
1307 3447 1389 3503 sic
1420 3447 1746 3521 genitorem
1768 3447 2047 3503 dehones-

392 3540 480 3593 tat
510 3540 567 3593 et
597 3536 884 3609 genitum,
917 3540 982 3592 ut
1011 3539 1068 3592 et
1095 3536 1260 3592 illum
1309 3536 1466 3592 dicat
1509 3553 1626 3593 non
1670 3536 1932 3609 potuisse
1966 3538 2047 3609 gi-

394 3641 571 3699 gnere
624 3643 726 3698 per
770 3625 968 3682 omnia
1019 3625 1111 3682 sui
1166 3624 1415 3681 similem
1466 3625 1691 3691 ﬁlium,
1749 3629 1808 3681 et
1863 3626 2044 3681 istum

398 3715 553 3771 dicat
581 3732 696 3772 non
728 3715 1111 3788 degenerasse
1139 3715 1259 3787 jam
1292 3718 1519 3782 natum,
1561 3714 1663 3771 sed
1697 3715 2044 3787 degenerem

399 3808 705 3947 naClXPUT
736 3892 802 3948 Il.
836 3924 904 3934 —
933 3892 1086 3949 Dicis
1127 3908 1218 3948 vos
1258 3892 1540 3948 Christum
1579 3888 1762 3947 colere
1790 3900 1850 3948 ut
1880 3893 2046 3948 Deum

398 3984 581 4038 omnis
634 3986 937 4051 creaturae,
977 3984 1069 4038 cui
1106 3983 1348 4054 ﬂectitur
1376 3996 1534 4036 omne
1559 3996 1721 4051 genu,
1740 3982 2045 4037 antestium

397 4074 739 4128 terrestrium
766 4081 816 4127 et
839 4074 1185 4143 infernarum
1214 4088 1233 4125 :
1276 4086 1452 4141 quem
1484 4074 1681 4125 tamen
1727 4072 1837 4126 Deo
1890 4072 2044 4127 Patri

394 4178 523 4217 esse
555 4178 670 4217 non
694 4161 868 4217 vultis
891 4160 1197 4233 aequalem,
1221 4159 1361 4231 quia
1382 4159 1482 4215 hoc
1510 4162 1680 4215 Pater
1707 4160 1761 4215 ei
1788 4159 2041 4216 donavit:

396 4250 477 4306 ait
496 4250 654 4305 enim
680 4250 1011 4323 Apostolus,
1045 4252 1276 4321 Pr0pter
1299 4248 1440 4321 quod
1462 4252 1510 4304 et
1534 4250 1671 4304 Deus
1693 4264 1815 4304 eum
1833 4252 2042 4305 exalta-

393 4340 491 4409 vit,
526 4342 575 4394 et
605 4340 829 4394 donavit
863 4341 917 4393 ei
946 4355 1141 4394 nomen
1164 4338 1305 4410 quod
1333 4346 1410 4394 est
1438 4354 1613 4407 super
1632 4354 1790 4394 omne
1817 4355 2037 4407 nomen,

392 4431 454 4483 ut
501 4430 561 4481 in
617 4429 837 4482 nomine
864 4429 989 4483 Jesu
1043 4444 1200 4483 omne
1235 4444 1380 4497 genu
1418 4427 1697 4501 ﬂectatur,
1758 4432 1862 4484 etc.
1926 4429 2040 4485 Nec

394 4515 653 4588 quaeritis
701 4516 792 4570 cui
842 4517 1184 4585 donaverit;
1243 4522 1440 4573 utrum
1496 4517 1740 4585 homini,
1773 4534 1848 4573 an
1901 4522 2036 4574 Deo.

394 4605 730 4672 Quomodo1
764 4604 917 4659 enim
951 4605 1269 4673 donaverit,
1304 4606 1601 4662 evidenter
1634 4611 1894 4678 apparet.
1926 4608 2037 4663 Hu-

392 4694 626 4763 milavit,
661 4694 869 4766 inquit,
902 4697 1247 4767 semetipsum
1275 4712 1447 4767 usque
1477 4695 1546 4751 ad
1596 4702 1848 4767 mortem,
1881 4713 2037 4753 mor-

389 4786 497 4839 tem
524 4787 708 4839 autem
734 4786 933 4840 crucis.
969 4788 1196 4856 Pr0pter
1225 4785 1365 4856 quod
1406 4789 1460 4841 et
1500 4786 1640 4841 Deus
1668 4801 1793 4841 eum
1823 4787 2036 4842 exalta-

388 4875 484 4942 vit,
517 4877 569 4928 et
599 4873 818 4929 donavit
845 4875 898 4929 ei
925 4889 1126 4929 nomen
1153 4875 1298 4945 quod
1332 4878 1415 4929 est
1460 4891 1624 4946 super
1655 4890 1813 4931 omne
1840 4892 2038 4933 nomen

388 4962 663 5035 (Philipp.
712 4980 773 5031 ιι,
824 4963 878 5033 8,
925 4963 1001 5035 9).
1053 4963 1111 5019 Si
1162 4979 1297 5035 ergo
1358 4966 1664 5036 propterea
1720 4965 1956 5021 donavit
1984 4966 2035 5021 ei

388 5069 595 5108 nomen
628 5053 782 5123 quod
814 5056 902 5107 est
933 5069 1109 5124 super
1158 5068 1332 5108 omne
1382 5068 1615 5121 nomen,
1658 5052 1795 5125 quia
1847 5054 2035 5112 factus

387 5144 477 5196 est
505 5140 781 5195 obediens
812 5155 995 5211 usque
1042 5141 1114 5195 ad
1166 5144 1414 5195 mortem
1458 5140 1684 5208 crucis;
1746 5143 2031 5214 numquid

389 5233 702 5300 antequam
764 5229 871 5284 hoc
927 5228 1114 5299 ﬁeret,
1174 5245 1287 5283 non
1336 5232 1461 5284 erat
1508 5227 1663 5285 altus
1706 5229 1809 5286 Dei
1852 5231 2033 5289 Filius

388 5316 562 5388 Deus,
597 5318 692 5373 Dei
724 5317 1004 5383 Verbum,
1050 5317 1205 5372 Deus
1244 5318 1396 5388 apud
1433 5321 1649 5385 Deum;
1688 5319 1789 5373 sed
1840 5325 2032 5392 poste-

388 5422 601 5477 aquam
646 5412 879 5478 propter
927 5406 1033 5461 hoc
1086 5405 1372 5462 exaltatus
1422 5412 1511 5462 est
1558 5408 1697 5479 quia
1724 5408 1912 5465 factus
1944 5413 2033 5467 est

384 5494 660 5550 obediens
681 5512 868 5564 usque
899 5495 970 5549 ad
1016 5499 1260 5550 mortem
1300 5496 1512 5567 crucis,
1538 5506 1677 5552 tunc
1711 5498 1882 5570 coepit
1903 5514 2030 5556 esse

385 5580 539 5639 altus
565 5582 666 5637 Dei
694 5582 1106 5647 Filius,unicus
1132 5584 1442 5653 Dei,Deus,
1460 5590 1599 5641 tunc
1623 5588 1794 5659 coepit
1816 5588 2027 5645 habere

381 5687 593 5728 nomen
617 5672 770 5744 quod
801 5675 887 5728 est
910 5689 1085 5745 super
1109 5691 1281 5732 omne
1302 5692 1513 5732 nomen
1533 5675 1560 5731 ‘t
1584 5676 1723 5741 Quis
1747 5676 1855 5734 hoc
1881 5678 2026 5735 insi-

442 5862 461 5898 ί
492 5860 553 5911 In
581 5860 728 5925 Mss.,
757 5858 991 5923 Quando.

898 378 1215 440 CONTRA
1256 373 1722 438 MAXI‘MINUM
1764 368 2230 434 ABIANORUM
2278 365 2744 442 EPISCOPUM,
2792 368 2860 429 S.
2902 365 3333 430 AUGUSTINI

3698 365 3832 428 ’160

2157 499 2561 572 pienlissimus
2597 499 2854 555 dixerit?
2883 498 3001 555 Hoc
3024 498 3108 555 illi
3138 515 3275 572 ergo
3305 499 3593 556 donatum
3638 504 3730 555 est
3759 504 3829 555 ut

2158 588 2404 656 homini,
2430 590 2755 644 secundum
2786 605 2962 660 quem
2991 588 3174 645 Filius
3206 590 3394 645 factus
3414 592 3506 645 est
3536 590 3825 646 obediens

2160 695 2346 750 usque
2377 679 2448 733 ad
2484 682 2727 733 mortem
2769 677 2984 745 crucis,
3023 678 3178 749 quod
3213 678 3340 749 jam
3369 677 3631 734 habebat
3661 679 3821 735 idem

2158 766 2284 838 ipse
2316 766 2416 821 Dei
2444 766 2642 838 Filius,
2668 768 2818 822 Deus
2849 768 2921 822 de
2946 766 3061 821 Deo
3093 770 3268 822 natus
3298 766 3563 838 aequalis.

2228 855 2458 911 CAPUT
2488 857 2588 911 III.
2617 887 2684 895 —
2707 856 2925 927 Objicis
2953 855 3114 922 mihi,
3139 856 3293 928 quod
3317 857 3507 911 dicam
3532 856 3827 929 Spiritum

2158 951 2426 1002 sanctum
2454 947 2735 1019 aequalem
2769 963 2898 1003 esse
2919 946 3084 1003 Filio.
3107 947 3245 1003 Dico
3268 946 3459 1018 plane.
3486 949 3822 1021 Da,inquis,

2157 1038 2470 1093 testimonia
2506 1038 2606 1092 ubi
2649 1038 2917 1092 adoratur
2954 1036 3196 1108 Spiritus
3224 1042 3467 1093 sanctus.
3502 1038 3579 1094 Ut
3622 1039 3824 1109 video,

2156 1125 2293 1181 hinc
2322 1143 2456 1182 eum
2481 1127 2568 1182 vis
2600 1127 2827 1183 ostendi
2858 1126 3140 1199 aequalem
3164 1126 3413 1189 Christo.
3446 1127 3497 1183 si
3531 1128 3824 1184 adoretur

2157 1222 2221 1270 ut
2258 1215 2544 1272 Christus.
2588 1216 2719 1270 Jam
2777 1231 2913 1287 ergo
2972 1216 3247 1272 conﬁtere
3302 1216 3601 1273 Christum
3660 1218 3828 1276 Patri

2157 1304 2644 1376 mqualem,quem
2667 1308 2727 1359 tu
2749 1304 2877 1377 ipse
2895 1304 3121 1361 adorari
3153 1305 3450 1362 confiteris
3471 1310 3537 1362 ut
3557 1309 3823 1378 Patrem,

2158 1392 2370 1459 Quales
2402 1397 2596 1449 autem
2628 1392 2898 1449 homines
2930 1393 3059 1465 esti,
3093 1410 3270 1466 quam
3304 1394 3587 1467 religiosa;
3618 1395 3824 1451 humi-

2156 1481 2359 1548 litatis,
2396 1482 2496 1554 qui
2539 1482 2824 1555 Spiritum
2859 1486 3131 1539 sanctum
3167 1484 3409 1539 adorare
3457 1500 3574 1540 non
3604 1484 3820 1554 vultis,

2154 1587 2287 1627 cum
2321 1570 2547 1644 legatis,
2582 1572 2786 1627 Littera
2814 1572 3033 1642 occidit,
3067 1571 3307 1644 Spiritus
3336 1580 3521 1629 autem
3564 1574 3823 1643 vivi/teat

2153 1664 2229 1730 (II
2261 1662 2383 1718 Cor.
2420 1678 2503 1729 ιιι,
2533 1660 2628 1730 6)?
2676 1660 2801 1717 Non
2834 1660 3014 1718 vultis
3043 1677 3179 1735 ergo
3216 1661 3478 1731 adorare,
3526 1679 3705 1736 quem
3736 1663 3823 1718 vi-

2153 1750 2385 1807 viﬁcare
2414 1750 2644 1807 animas
2674 1767 2791 1807 non
2825 1752 3050 1823 negatis
3083 1768 3097 1808 :
3132 1768 3267 1807 cum
3299 1756 3466 1823 pater
3517 1752 3815 1808 Abraham

2154 1841 2421 1898 homines
2459 1842 2810 1909 adoraverit,
2859 1842 3000 1913 quia
3047 1846 3461 1898 concesserunt
3503 1844 3556 1899 ei
3603 1861 3820 1900 monu-

2154 1934 2439 2000 mentum,
2473 1930 2574 1985 ubi
2624 1934 2865 2002 poneret
2908 1935 3152 1986 mortuae
3199 1948 3411 2003 corpus
3458 1934 3679 1988 uxoris.
3716 1932 3816 1989 Sic

2154 2019 2308 2075 enim
2342 2019 2624 2093 scriptum
2659 2025 2749 2076 est
2782 2036 2794 2076 :
2834 2023 2995 2076 Venit
3024 2024 3207 2077 autem
3237 2021 3515 2077 Abraham
3546 2022 3818 2093 plangere

2152 2109 2349 2165 Saram
2386 2118 2439 2165 et
2468 2110 2673 2179 lugere.
2696 2113 2772 2165 Et
2789 2112 3034 2166 surrexit
3069 2110 3345 2166 Abraham
3372 2112 3441 2167 de
3468 2128 3639 2184 supra
3656 2128 3814 2168 mor-

2154 2202 2263 2254 tem
2306 2199 2448 2269 ejus,
2492 2208 2545 2254 et
2596 2198 2741 2254 dixit
2770 2199 2905 2269 ﬁliis
2933 2199 3073 2255 Heth
3100 2220 3119 2255 :
3156 2201 3489 2271 Peregrinus
3519 2203 3570 2255 et
3599 2202 3821 2257 advena

2151 2303 2277 2343 sum
2305 2303 2398 2359 ego
2428 2289 2758 2355 vobisemm;
2796 2288 2924 2344 date
2950 2303 3082 2357 ergo
3110 2288 3254 2344 mihi
3276 2291 3676 2360 possessionem
3704 2307 3823 2347 mo-

2151 2378 2425 2448 numenti,
2457 2378 2557 2433 ubi
2575 2378 2842 2448 sepeliam
2869 2382 3150 2433 mortuum
3167 2394 3370 2436 meum.
3399 2378 3825 2451 Responderunt

2152 2473 2334 2521 autem
2389 2467 2501 2538 ﬁlii
2552 2467 2691 2523 Heth
2731 2466 2803 2521 ad
2840 2467 3138 2533 Abraham,
3190 2467 3430 2524 dicentes
3459 2486 3479 2522 :
3508 2469 3664 2524 Absit
3696 2470 3820 2534 hoc,

2157 2554 2412 2623 domine;
2444 2556 2582 2612 audi
2608 2572 2756 2611 nunc
2784 2563 2835 2612 et
2864 2571 2963 2613 nos
2997 2572 3010 2611 :
3043 2572 3144 2612 rex
3171 2573 3205 2612 a
3234 2557 3341 2613 Deo
3374 2564 3433 2612 tu
3461 2572 3517 2613 es
3546 2560 3610 2613 in
3636 2559 3825 2622 nobis;

2153 2645 2213 2699 in
2242 2644 2423 2700 electis
2448 2653 2769 2701 monument
2784 2647 2830 2702 is
2862 2648 3062 2702 nostris
3090 2647 3261 2719 sepeli
3286 2650 3567 2703 mortuum
3596 2652 3764 2704 tuum
3793 2664 3817 2704 :

2152 2750 2312 2789 nemo
2354 2736 2506 2790 enim
2543 2743 2787 2791 nostrum
2824 2736 3075 2806 prohibet
3118 2745 3171 2791 te
3217 2752 3251 2790 a
3278 2741 3629 2793 monumento
3686 2753 3818 2805 suo,

2152 2828 2212 2879 ut
2241 2825 2476 2896 sepelias
2504 2832 2783 2881 mortuum
2817 2833 2971 2880 tuum
3000 2825 3099 2881 ibi.
3145 2829 3387 2897 Surgens
3416 2830 3597 2881 autem
3630 2827 3823 2883 Abra-

2152 2913 2278 2969 ham
2308 2913 2564 2970 adoravit
2601 2915 2814 2987 plebem
2839 2915 3086 2985 ﬁliorum
3125 2916 3257 2971 Heth
3286 2915 3441 2987 (Gen.
3473 2933 3637 2984 χχιιι,
3668 2918 3818 2988 2-7).

2152 3005 2221 3058 Et
2248 3019 2347 3058 vos
2376 3004 2660 3075 Spiritum
2702 3008 2973 3060 sanctum
3006 3021 3123 3059 non
3166 3005 3506 3077 permittitis
3552 3006 3819 3075 adorari,

2153 3096 2218 3147 ut
2242 3092 2353 3164 ipsi
2386 3093 2484 3148 Dei
2517 3093 2717 3166 gratias
2750 3094 3102 3150 remaneatis
3131 3093 3345 3166 ingrati
3365 3094 3377 3148 Ι
3413 3095 3547 3166 Sed,
3578 3097 3682 3167 Da,
3720 3096 3819 3152 in-

2151 3181 2305 3254 quis,
2338 3184 2656 3239 testimonia
2683 3184 2782 3238 ubi
2804 3182 3079 3239 adoretur
3106 3184 3613 3255 Spiritussanetus:
3636 3186 3818 3258 quasi

2152 3287 2265 3326 non
2297 3287 2365 3326 ex
2394 3270 2468 3325 iis
2512 3288 2639 3342 quae
2670 3270 2936 3342 legimus,
2972 3271 3168 3344 aliqua
3207 3273 3381 3328 etiam
3412 3289 3544 3344 quae
3569 3290 3686 3329 non
3721 3273 3816 3330 le-

2149 3359 2366 3431 gimus,
2399 3359 2820 3431 intelligamus.
2852 3362 2961 3417 Sed
3007 3377 3079 3416 ne
3124 3377 3381 3433 quaerere
3429 3362 3617 3417 multa
3647 3378 3819 3419 com-

2151 3445 2357 3518 pellar,
2391 3451 2453 3502 tu
2484 3447 2565 3502 ibi
2597 3447 2789 3520 legisti
2818 3448 3049 3503 Patrem
3098 3449 3283 3505 Deum
3335 3450 3669 3523 ingenitum
3717 3451 3817 3508 vel

2148 3535 2462 3591 innatum?
2493 3538 2562 3592 Et
2591 3541 2785 3593 tamen
2819 3553 3019 3593 verum
3064 3542 3171 3594 est.
3206 3540 3370 3605 Quod
3412 3556 3547 3596 vero
3580 3540 3820 3612 aliquo-

2147 3623 2255 3679 ties
2302 3624 2521 3693 dixisti,
2555 3625 2733 3681 etiam
2764 3624 2907 3680 Filio
2960 3641 3089 3681 esse
3127 3625 3650 3698 incomparabilem
3700 3629 3817 3686 Pa-

2147 3716 2326 3784 trem,
2354 3714 2629 3786 neclegis
2660 3730 2765 3770 nec
2782 3731 2983 3771 verum
3015 3719 3122 3771 est.
3140 3716 3196 3771 Si
3227 3720 3426 3772 autem
3458 3716 3813 3790 religionem

2148 3818 2264 3875 qua
2294 3802 2504 3859 colitur
2534 3804 2710 3873 Deus,
2746 3803 2899 3861 sicut
2928 3804 3171 3878 dignum
3201 3809 3290 3861 est
3310 3805 3619 3879 cogitares,
3652 3808 3822 3864 mul-

2144 3896 2203 3949 to
2236 3891 2373 3964 plus
2405 3909 2533 3950 esse
2578 3910 2844 3950 cerneres
2875 3895 3031 3965 quod
3071 3894 3247 3950 habet
3276 3894 3536 3967 Spiritus
3568 3903 3821 3955 sanctus

2145 3982 2455 4053 templum,
2489 4000 2668 4055 quam
2711 3984 2760 4040 si
2802 4000 2936 4040 eum
2975 3984 3198 4056 legeres
3229 3984 3566 4042 adoratum.
3602 3987 3675 4041 Et
3704 3987 3820 4044 ho-

2146 4071 2337 4128 mines
2367 4071 2546 4141 enim,
2581 4073 2735 4129 sicut
2777 4090 2958 4144 supra
2986 4074 3180 4141 docui,
3213 4090 3246 4128 a
3277 4074 3499 4130 sanctis
3532 4075 3820 4133 novimus

2147 4161 2422 4217 adoratos
2455 4178 2467 4216 :
2501 4161 2789 4235 templum
2821 4178 2952 4217 vero
2986 4178 3101 4218 non
3135 4166 3224 4218 est
3253 4163 3472 4219 factum
3505 4164 3578 4219 ab
3610 4163 3818 4220 homi-

2144 4249 2338 4317 nibus,
2372 4249 2485 4305 nisi
2528 4255 2630 4305 aut
2661 4267 2792 4306 vero
2823 4251 2961 4322 Deo,
2995 4251 3143 4307 sicut
3177 4251 3451 4309 Salomon
3486 4253 3654 4322 fecit;
3707 4260 3817 4311 aut

2142 4337 2226 4394 eis
2258 4338 2355 4410 qui
2387 4356 2490 4411 pro
2522 4339 2633 4395 diis
2666 4339 2974 4407 habentur,
3021 4340 3176 4396 sicut
3206 4345 3410 4413 gentes
3458 4357 3587 4413 quae
3636 4341 3811 4416 igno-

2143 4432 2273 4484 rant
2304 4433 2505 4484 Deum.
2559 4429 2813 4502 Spiritus
2859 4434 3055 4486 autem
3090 4436 3353 4501 sanctus,
3404 4448 3539 4488 cum
3587 4450 3811 4507 magno

2141 4516 2359 4573 honore
2390 4519 2461 4573 de
2498 4520 2606 4575 Deo
2641 4518 2863 4575 dictum
2895 4524 3004 4589 est,
3037 4536 3148 4576 non
3197 4523 3255 4575 in
3286 4524 3627 4593 manu/actis
3660 4526 3808 4579 tem-

2134 4606 2247 4679 plis
2274 4607 2483 4663 habitat
2503 4608 2636 4680 (Act.
2669 4624 2807 4676 xvn,
2841 4609 2953 4681 24),
2988 4609 3088 4665 sed
3122 4626 3335 4683 corpus
3362 4614 3630 4667 nostrum
3655 4617 3810 4669 tem-

2139 4694 2303 4769 plum
2335 4701 2423 4752 est
2454 4697 2708 4769 Spiritus
2741 4698 2948 4753 sancti.
2982 4698 3051 4752 Et
3070 4715 3141 4754 ne
3171 4715 3416 4771 corpora
3435 4705 3635 4757 nostra
3656 4718 3801 4759 con-

2136 4788 2388 4857 temnas,
2431 4786 2696 4842 membra
2746 4790 2887 4842 sunt
2925 4786 3141 4843 Christi
3189 4786 3235 4859 (Ι
3270 4787 3391 4843 Cor.
3435 4804 3514 4859 χι,
3564 4790 3653 4853 19,
3687 4792 3803 4865 15).

2137 4874 2336 4941 Qualis
2361 4890 2496 4945 ergo
2528 4878 2702 4944 Deus,
2721 4873 2815 4929 cui
2846 4873 3134 4947 templum
3148 4874 3490 4943 aediﬁcatur,
3514 4880 3573 4932 et
3593 4893 3627 4932 a
3646 4876 3801 4951 Deo,

2138 4966 2196 5019 et
2227 4963 2298 5018 de
2329 4961 2610 5017 membris
2646 4962 2745 5018 Dei
2767 4961 2795 5017 ‘I

2207 5050 2436 5107 CAPUT
2469 5050 2819 5106 IV.—-Dicis
2848 5048 3129 5106 Christum
3166 5053 3363 5108 essein
3414 5052 3643 5110 dextera
3677 5056 3801 5127 Dei,

2135 5146 2188 5195 et
2217 5139 2570 5212 interpellare
2617 5156 2725 5211 pro
2759 5140 2916 5195 nobis
2965 5140 3142 5207 (Rom.
3182 5157 3309 5211 vm,
3350 5141 3464 5213 34).
3497 5143 3663 5209 Quod
3696 5161 3807 5203 cur

2136 5229 2308 5285 nobis
2361 5229 2592 5300 objicis,
2630 5228 2681 5284 si
2728 5245 2863 5285 eum
2912 5244 3025 5283 non
3072 5229 3271 5285 solum
3319 5230 3530 5303 Deum,
3584 5247 3797 5291 verum

2138 5318 2314 5374 etiam
2347 5318 2642 5373 hominem
2674 5317 2946 5391 agnoscis
2966 5317 2995 5373 ?
3024 5317 3167 5382 Quid
3196 5321 3251 5375 te
3296 5318 3481 5389 igitur
3512 5321 3653 5392 adju
3672 5328 3795 5392 vat,

2134 5407 2289 5477 quod
2323 5407 2523 5462 sedere
2569 5406 2640 5461 ad
2672 5407 2969 5462 dexteram
3018 5406 3207 5462 Patris
3251 5408 3487 5465 assidue
3534 5407 3797 5483 legitur?

2132 5495 2276 5562 Quid
2310 5495 2498 5567 nobis,
2534 5511 2648 5550 non
2689 5495 2927 5567 quidem
2955 5494 3234 5551 inanibus
3275 5496 3651 5572 testimoniis,
3687 5503 3792 5559 sed

2131 5589 2327 5640 tamen
2360 5584 2631 5654 inaniter,
2665 5585 2910 5656 probare
2940 5584 3144 5640 niteris
3175 5586 3329 5657 quod
3365 5585 3641 5645 fatemur.

2199 5673 2428 5729 CAPUT
2456 5672 2523 5728 V.
2555 5703 2626 5716 —-
2655 5673 2812 5729 Dicis
2852 5690 2941 5729 vos
2976 5672 3250 5745 Spiritum
3290 5683 3537 5731 sanctum
3570 5693 3789 5752 compe-

2128 5767 2303 5821 tenter
2328 5763 2600 5821 honorare
2619 5770 2680 5820 ut
2702 5762 3057 5831 doetorem,ut
3075 5763 3482 5836 ducatorem,ut
3500 5765 3789 5827 illumina-

2128 5860 2317 5925 torem,
2338 5858 2403 5911 ut
2422 5852 2914 5927 sanctiﬁcatorem;
2955 5852 3237 5914 Christum
3264 5854 3459 5928 cetera,
3484 5864 3787 5921 utet-eota-
