4040 6486
238 398 360 460 ’165

236 531 366 589 solo
400 533 587 601 Patre,
620 537 675 588 et
706 551 820 590 non
849 536 920 591 de
951 535 1079 607 ipsa
1108 535 1390 593 Trinitate
1422 537 1497 592 sit
1527 536 1894 593 dictum.Vos

237 626 441 677 autem
472 639 605 677 cum
639 624 924 695 quaaritur
954 642 987 679 a
1034 626 1219 691 vobis,
1278 643 1451 697 quem
1485 627 1739 682 credatis
1758 643 1900 682 esse

237 710 314 766 de
346 727 460 782 quo
494 711 776 783 scriptum
811 718 919 782 est,
957 715 1217 769 Dominus
1266 716 1408 769 Deus
1457 724 1600 784 tuus,
1635 716 1897 771 Dominus

235 815 385 854 unus
414 803 532 864 est;
562 802 951 871 respondetis,
977 802 1129 858 Deus
1150 805 1314 858 Pater
1345 808 1451 859 est.
1480 804 1738 874 Itemque
1762 821 1894 859 cum

246 888 536 959 quaeritur
564 890 634 944 de
661 906 775 961 quo
807 892 1049 947 Domino
1081 897 1191 947 Deo
1224 893 1445 947 dictum
1478 894 1573 960 sit,
1606 894 1899 948 Dominum

246 979 422 1032 Deum
453 982 610 1033 tuum
639 978 925 1044 adorabis,
948 986 996 1036 et
1029 982 1118 1035 illi
1145 982 1251 1035 soli
1276 983 1478 1036 servies
1498 998 1519 1043 ;
1551 999 1756 1036 rursus
1780 998 1897 1037 res-

247 1067 547 1139 pondetis,
579 1069 652 1123 De
688 1069 797 1123 Deo
832 1070 1016 1126 Patre.
1038 1070 1200 1125 Tunc
1228 1071 1392 1126 vobis
1424 1070 1675 1126 dicitur:
1702 1070 1758 1125 Si
1786 1076 1895 1126 Uo-

236 1155 443 1210 minus
464 1155 616 1211 Deus
648 1162 845 1212 noster
875 1158 1155 1213 Dominus
1190 1176 1347 1214 unus
1378 1164 1548 1225 est,et
1571 1163 1740 1214 Pater
1771 1164 1893 1225 est;

234 1260 424 1315 quare
452 1261 553 1300 vos
585 1245 778 1301 facitis
811 1247 958 1301 duos
986 1248 1255 1302 dominos
1288 1248 1699 1317 deos,dicendo
1721 1248 1895 1303 etiam

233 1332 537 1389 Christum
570 1350 693 1390 esse
723 1334 1035 1391 Dominum
1064 1337 1245 1391 Deum
1268 1336 1296 1390 ?
1330 1337 1468 1391 Item
1499 1337 1547 1391 si
1590 1342 1759 1392 Pater
1788 1341 1897 1403 est,

235 1421 340 1477 cui
373 1422 473 1477 uni
501 1422 746 1479 Domino
783 1424 895 1479 Deo
928 1441 993 1479 ac
1026 1424 1134 1480 soli
1184 1423 1555 1481 serviendum
1588 1428 1715 1494 est;
1753 1441 1895 1497 quo-

236 1511 420 1566 modo
460 1512 877 1584 obtemperetis
925 1513 1060 1568 huic
1112 1519 1423 1585 praecepto,
1470 1514 1570 1585 qui
1613 1520 1896 1585 tanquam

236 1599 490 1656 Domino
520 1600 634 1656 Deo
667 1601 900 1656 servitis
940 1606 997 1656 et
1043 1601 1323 1657 Christo?
1356 1603 1555 1674 Neque
1605 1601 1762 1658 enim
1814 1601 1899 1656 illi

236 1688 355 1744 soli
381 1689 578 1757 servit,
613 1690 713 1761 qui
745 1690 923 1745 servit
951 1695 1007 1745 et
1037 1689 1193 1745 huic.
1232 1692 1566 1747 Secundum
1598 1691 1772 1747 ﬁdem
1794 1708 1897 1745 au-

235 1781 364 1832 tem
409 1783 651 1848 rectam,
686 1780 1025 1851 quicunque
1076 1781 1265 1851 ipsam
1318 1780 1666 1835 Trinitatem
1713 1795 1897 1835 unum

238 1866 562 1922 Dominum
596 1867 778 1923 Deum
814 1885 939 1923 esse
970 1872 1237 1924 nostrum
1272 1868 1607 1935 didicimus,
1645 1868 1897 1940 profecto

239 1972 381 2011 cum
422 1957 473 2011 ei
513 1956 621 2011 soli
667 1972 734 2011 ea
764 1974 890 2028 quas
943 1962 1052 2012 Deo
1103 1959 1349 2013 debetur
1417 1958 1694 2012 servitute
1770 1974 1895 2012 ser-

236 2044 461 2116 vimus,
523 2045 764 2101 Domino
851 2046 966 2101 Deo
1052 2044 1160 2102 soli
1220 2064 1325 2101 nos
1384 2048 1599 2103 servire
1655 2046 1900 2104 confidi-

254 2149 415 2188 IDUS.

325 2222 379 2276 2.
410 2223 570 2292 Ergo,
603 2222 821 2295 inquis,
856 2228 999 2279 Deus
1049 2226 1213 2279 Pater
1254 2242 1385 2295 pars
1438 2230 1515 2280 est
1557 2227 1675 2280 Dei.
1707 2225 1893 2282 Absit.

246 2312 397 2367 Tres
429 2311 584 2367 enim
626 2328 885 2383 personae
939 2318 1079 2369 sunt
1108 2314 1279 2369 Pater
1309 2319 1365 2369 et
1414 2314 1594 2369 Filius
1633 2320 1689 2369 et
1715 2314 1897 2386 Spiri-

241 2404 349 2455 tus
379 2405 652 2456 sanctus:
677 2405 733 2457 et
762 2401 820 2456 hi
852 2406 971 2457 tres
992 2403 1131 2473 quia
1156 2404 1331 2458 unius
1362 2403 1704 2459 substantiae
1735 2408 1893 2469 sunt,

240 2506 433 2544 unum
468 2494 690 2560 sunt,et
717 2507 951 2546 summe
973 2508 1154 2546 unum
1177 2497 1336 2557 sunt,
1360 2492 1458 2547 ubi
1484 2492 1645 2547 nulla
1668 2501 1896 2548 natura-

241 2595 403 2645 rum,
437 2578 598 2633 nulla
625 2583 715 2635 est
748 2580 1056 2636 diversitas
1078 2580 1540 2637 voluntatum.Si
1572 2587 1767 2637 autem
1791 2598 1892 2636 na-
1918 2578 1919 2585 “

244 2672 383 2722 tura
418 2684 602 2723 unum
636 2674 850 2736 essent,
884 2675 941 2725 et
971 2671 1352 2726 consensione
1382 2687 1497 2726 non
1528 2676 1744 2737 essent,
1777 2688 1892 2726 non

248 2773 486 2812 summe
505 2774 686 2812 unum
711 2763 926 2814 essent:
952 2760 1000 2815 si
1016 2776 1148 2814 vero
1171 2764 1379 2815 natura
1392 2760 1654 2831 dispares
1675 2765 1889 2829 essent,

246 2862 436 2902 unum
471 2864 585 2901 non
617 2853 832 2903 essent.
867 2848 937 2902 Hi
968 2865 1103 2921 ergo
1134 2850 1372 2919 tres,qui
1400 2866 1585 2904 unum
1609 2853 1749 2904 sunt
1766 2866 1892 2921 pro-

242 2939 377 3007 pter
407 2936 763 2992 ineffabilem
797 2938 1267 3008 conjunctionem
1299 2937 1893 3009 deitatis,quaineﬂ‘a-

242 3024 442 3079 biliter
465 3025 1000 3097 copulantur,unus
1023 3027 1177 3082 Deus
1194 3027 1481 3082 est.Porro
1512 3033 1704 3082 autem
1727 3028 1889 3081 Chri-

243 3118 377 3169 stus
412 3131 530 3169 una
564 3132 811 3186 persona
851 3121 941 3171 est
975 3117 1217 3188 geminae
1258 3116 1623 3183 substantiae,
1654 3116 1793 3187 quia
1833 3120 1891 3171 et

240 3207 400 3257 Deus
424 3207 481 3257 et
512 3202 686 3258 homo
716 3208 826 3259 est.
853 3204 967 3261 Nec
996 3210 1192 3259 tamen
1217 3204 1368 3260 Deus
1401 3222 1535 3275 pars
1568 3206 1742 3275 hujus
1765 3220 1888 3276 per-

242 3307 400 3347 sonae
433 3292 547 3347 dici
578 3296 769 3363 potest
819 3309 833 3347 :
887 3292 1143 3363 alioquin
1177 3292 1357 3348 Filius
1397 3294 1495 3348 Dei
1543 3299 1692 3349 Deus
1720 3298 1885 3349 ante-

238 3396 423 3453 quam
454 3381 777 3453 susciperet
816 3382 1065 3437 l‘ormam
1098 3368 1267 3452 servi,
1317 3400 1431 3437 non
1460 3387 1587 3438 erat
1616 3388 1795 3450 totus,
1830 3387 1888 3438 et

236 3470 425 3525 crevit
454 3486 584 3525 cum
615 3470 790 3526 homo
822 3471 1109 3527 divinitati
1158 3472 1286 3541 ejus
1335 3472 1596 3541 accessit.
1641 3472 1802 3535 Quod
1836 3472 1886 3529 si

254 3573 374 3613 una
398 3556 651 3630 persona
681 3559 1106 3615 absurdissime
1135 3560 1517 3632 dicitur,quia
1537 3577 1669 3631 pars
1692 3562 1772 3617 rei
1795 3562 1885 3616 ul-

242 3646 365 3702 lius
407 3664 534 3703 esse
586 3664 699 3703 non
750 3653 942 3720 potest
988 3649 1184 3716 Deus;
1247 3655 1464 3720 quanto
1518 3651 1705 3721 magis
1747 3668 1883 3722 pars

237 3736 546 3792 Trinitatis
576 3753 704 3793 esse
735 3754 849 3793 non
882 3741 1089 3809 potest,
1122 3737 1459 3809 quicunque
1506 3755 1659 3793 unus
1691 3739 1749 3793 in
1781 3740 1883 3794 tri-

234 3824 401 3880 bus?
429 3825 643 3882 Deinde
674 3826 775 3881 ubi
810 3826 892 3881 ait
920 3828 1255 3898 Apostolus,
1294 3829 1401 3895 Qui
1430 3828 1669 3883 adhaeret
1695 3829 1884 3885 Domi-

234 3930 334 3983 no,
359 3932 501 3970 unus
529 3918 760 3987 spiritus
788 3924 902 3985 est;
939 3918 982 3986 (Ι
1010 3921 1134 3974 σον.
1155 3935 1231 3987 x1,
1254 3920 1374 3987 i7);
1408 3918 1673 3989 nunquid
1710 3919 1883 3987 hujus

238 4005 419 4059 unius
438 4022 573 4077 pars
595 4010 684 4060 est
707 4006 1028 4061 Dominus?
1050 4007 1105 4061 Si
1139 4007 1292 4061 enim
1328 4006 1434 4062 hoc
1463 4007 1881 4078 dicimus,quid

236 4093 399 4150 aliud
452 4094 641 4150 dicere
688 4095 1201 4166 deprehendimur,
1237 4096 1350 4151 nisi
1397 4097 1551 4167 quod
1603 4100 1887 4168 augeatur

235 4183 571 4239 adhaerente
602 4183 923 4251 homine,et
954 4186 1254 4241 recedente
1284 4185 1631 4240 minuatur?
1663 4188 1726 4240 In
1758 4186 1883 4241 Tri-

233 4272 421 4327 nitate
464 4272 642 4345 igitur
672 4290 799 4345 quae
845 4273 998 4328 Deus
1046 4278 1153 4345 est,
1188 4277 1244 4329 et
1286 4275 1454 4330 Pater
1483 4274 1635 4329 Deus
1689 4279 1798 4338 est,
1829 4279 1885 4330 et

236 4360 423 4417 Filius
457 4362 605 4418 Deus
634 4366 742 4427 est,
766 4365 823 4417 et.
850 4362 1105 4433 Spiritus
1130 4369 1367 4418 sanctus
1398 4364 1551 4418 Deus
1582 4368 1689 4431 est,
1717 4368 1774 4419 et
1804 4364 1881 4419 si-

231 4450 363 4505 mul
397 4450 455 4505 bi
488 4454 605 4507 tres
637 4468 791 4507 unus
822 4451 1009 4507 Deus:
1036 4468 1140 4507 nec
1173 4452 1350 4522 hujus
1380 4452 1684 4507 Trinitatis
1714 4453 1885 4508 tertia

232 4555 375 4611 pars
406 4544 496 4595 est
528 4557 705 4607 unus,
738 4556 842 4595 nec
874 4542 1062 4611 major
1092 4558 1226 4612 pars
1258 4542 1373 4596 duo
1404 4558 1577 4613 quam
1611 4558 1765 4596 unus
1796 4546 1884 4597 est

231 4628 319 4684 ibi
348 4646 362 4695 ;
393 4644 495 4684 nec
526 4629 720 4699 majus
752 4628 975 4701 aliquid
1009 4635 1148 4685 sunt
1177 4647 1379 4686 omnes
1410 4647 1587 4702 quam
1621 4629 1877 4702 singuli:

232 4718 381 4789 quia
411 4717 758 4790 spiritualis,
790 4735 905 4775 non
931 4718 1247 4791 corporalis
1279 4724 1367 4775 est
1397 4719 1881 4792 magnitudo.Qui

232 4809 440 4880 potest
463 4823 687 4879 capere,
741 4806 929 4880 capiat
975 4809 1184 4880 (Matth.
1217 4826 1331 4876 XIX,
1385 4810 1471 4881 12)
1505 4825 1517 4862 :
1555 4809 1653 4880 qui
1686 4814 1881 4864 autem

234 4913 359 4952 non
394 4899 602 4968 potest,
636 4896 855 4967 credat,
881 4901 937 4952 et
961 4902 1083 4952 oret
1113 4902 1177 4952 ut
1196 4898 1344 4969 quod
1368 4898 1552 4954 credit
1572 4897 1878 4970 intelligat.

230 4985 452 5041 Verum
485 4989 570 5041 est
600 4985 756 5040 enim
789 4987 943 5056 quod
978 4984 1191 5041 dicitur
1222 5003 1324 5057 per
1366 4986 1729 5059 prophetam,
1761 4988 1884 5043 Nisi

227 5073 616 5141 credideritis,
644 5090 755 5129 non
787 5075 1108 5145 intelligetis
1138 5076 1286 5146 (Isai.
1316 5092 1415 5143 vn,
1447 5075 1524 5147 9).

305 5164 361 5218 3.
390 5164 477 5218 Tu
509 5179 717 5233 nempe
747 5162 964 5229 dixisti,
988 5180 1162 5219 unum
1192 5165 1363 5219 Deum
1388 5180 1498 5219 non
1526 5179 1599 5219 ex
1622 5165 1881 5235 partibus

221 5268 348 5312 esse
375 5254 744 5323 compositum.
777 5253 846 5307 Et
875 5253 1012 5325 quia
1042 5254 1113 5307 de
1158 5254 1325 5308 Patre
1356 5253 1463 5308 hoc
1492 5254 1579 5309 vis
1610 5252 1877 5325 intelligi,

220 5345 352 5410 Ille,
384 5342 605 5414 inquis,
657 5341 798 5413 quod
827 5346 923 5411 est,
955 5344 1128 5398 virtus
1175 5351 1251 5397 est
1298 5344 1571 5413 ingenita,
1621 5343 1876 5413 simplex.

221 5436 300 5490 Et
329 5438 525 5487 tamen
560 5431 619 5485 in
650 5429 758 5486 hac
791 5430 1041 5501 simplici
1076 5432 1287 5487 virtute
1318 5448 1495 5502 quam
1519 5430 1706 5486 multa
1726 5446 1879 5486 com-

221 5520 669 5586 memoraveris,
693 5519 841 5585 vide,
867 5520 1012 5575 Nam
1045 5522 1347 5593 superiora
1375 5520 1550 5575 verba
1575 5525 1677 5575 tua
1700 5524 1873 5575 sunt:

220 5616 371 5671 Deus
402 5612 571 5666 Deum
617 5609 827 5681 genuit,
864 5610 1131 5665 Dominus
1169 5612 1466 5666 Dominum
1515 5611 1723 5681 genuit,
1766 5611 1879 5665 Rea:

223 5708 436 5776 Regem
454 5701 665 5771 genuit,
689 5698 915 5754 Creator
935 5699 1243 5755 Creatorem
1262 5699 1649 5771 genuit,bonus
1681 5698 1877 5753 bonum

213 5792 443 5869 genuit,
473 5790 695 5862 sapiens
723 5790 1027 5861 sapientem
1042 5793 1254 5863 genuit,
1273 5790 1502 5848 clemens
1530 5788 1873 5863 clementem,

1586 404 1819 464 LIBER
1864 404 2302 470 SECUNDUS.

3526 409 3643 469 766

1998 543 2191 610 potens
2216 545 2508 611 potentem.
2545 541 2660 596 Cur
2680 558 2815 613 ergo
2846 542 2905 597 in
2937 542 3148 597 virtute
3178 540 3455 612 simplici,
3487 541 3641 611 quod

1998 632 2088 684 est
2118 629 2291 697 Deus,
2326 647 2440 685 non
2472 630 2719 687 timuisti
2751 636 2835 686 tot
2863 647 3323 686 commemorare
3360 629 3644 685 virtutes?

2000 717 2071 773 Ut
2101 718 2256 773 enim
2289 719 2559 774 omittam
2593 725 2844 791 quatuor
2875 738 3019 791 quas
3053 721 3173 775 loco
3207 720 3507 791 superiore
3536 737 3640 790 po-

1999 806 2193 871 suisti,
2226 812 2281 863 et
2311 808 2456 863 alias
2488 813 2740 879 quatuor
2770 809 2985 874 dicam,
3019 826 3164 880 quas
3196 808 3498 863 enuntiare
3529 808 3647 863 usi-

1998 897 2136 951 tatis
2159 897 2499 952 nominibus
2521 898 2857 969 possimus;
2894 899 3179 969 numquid
3216 898 3443 953 bonitas
3474 902 3530 951 et
3559 914 3647 953 sa-

1999 985 2216 1056 pientia
2247 993 2302 1041 et
2332 985 2636 1042 clementia
2679 992 2735 1042 et
2788 988 3046 1058 potentia
3075 991 3267 1057 partes
3300 994 3436 1042 sunt
3466 988 3644 1041 unius

1996 1073 2250 1143 virtutis,
2284 1092 2459 1146 quam
2505 1075 2831 1147 simplicem
2866 1093 2993 1131 esse
3024 1075 3267 1131 dixisti?
3314 1076 3373 1130 Si
3406 1076 3640 1146 dixeris,

2000 1164 2196 1219 Partes
2228 1170 2367 1220 sunt
2393 1182 2405 1231 ;
2436 1164 2682 1236 simplex
2714 1182 2849 1236 ergo
2879 1165 3066 1220 virtus
3093 1181 3160 1219 ex
3184 1165 3441 1235 partibus
3472 1181 3642 1219 cons-

1999 1256 2106 1321 tat,
2165 1258 2222 1307 et
2279 1253 2529 1325 simplex
2597 1254 2710 1309 ista
2769 1255 2952 1309 virtus
3008 1258 3063 1307 te
3122 1253 3434 1309 deiiniente
3490 1270 3646 1309 unus

1998 1344 2085 1395 est
2122 1342 2287 1397 Deus.
2323 1342 2513 1397 Unum
2548 1359 2683 1414 ergo
2716 1343 2898 1398 Deum
2930 1360 2998 1397 ex
3049 1342 3319 1414 partibus
3350 1341 3643 1413 composi-

1999 1434 2125 1484 tum
2157 1447 2281 1486 esse
2310 1431 2456 1487 dicis
2477 1432 2505 1487 ?
2548 1432 2672 1487 Non
2724 1432 2872 1501 dico,
2918 1431 3132 1501 inquis.
3184 1431 3309 1485 Non
3341 1434 3480 1484 sunt
3508 1446 3643 1502 ergo

2002 1524 2195 1590 partes
2226 1536 2240 1575 :
2274 1525 2332 1574 et
2362 1526 2554 1576 tamen
2587 1526 2837 1591 quatuor
2888 1526 3046 1585 sunt,
3080 1524 3138 1575 et
3169 1537 3288 1575 una
3316 1519 3501 1573 virtus
3531 1523 3639 1589 est,

2001 1607 2322 1678 eademque
2354 1608 2600 1680 simplex
2629 1613 2735 1664 est.
2757 1609 2813 1664 Si
2846 1625 2981 1679 ergo
3014 1609 3072 1662 in
3105 1625 3221 1663 una
3243 1607 3427 1663 Patris
3450 1624 3643 1679 perso-

2000 1712 2095 1765 na,
2125 1699 2182 1750 et
2216 1696 2381 1767 plura
2412 1697 2656 1763 invenis,
2682 1702 2738 1752 et
2766 1701 2958 1769 partes
2983 1714 3097 1752 non
3128 1696 3389 1763 invenis;
3422 1699 3641 1768 quanto

2002 1783 2188 1853 magis
2220 1784 2385 1839 Pater
2431 1791 2487 1839 et
2518 1784 2701 1839 Filius
2739 1790 2795 1840 et
2822 1785 3075 1856 Spiritus
3109 1789 3349 1839 sanctus
3381 1788 3437 1839 et
3467 1800 3641 1856 prop-

2000 1875 2089 1926 ter
2119 1872 2479 1927 individuam
2509 1874 2783 1928 deitatem
2818 1890 2979 1941 unus
3003 1873 3154 1927 Deus
3184 1877 3292 1937 est,
3327 1877 3384 1927 et
3409 1877 3644 1943 propter

2003 1960 2469 2032 uniuscujusque
2501 1962 2912 2033 proprietatem
2946 1969 3065 2016 tres
3106 1977 3366 2032 personae
3397 1966 3556 2030 sunt,
3589 1967 3646 2016 et

2006 2056 2234 2121 propter
2266 2049 2633 2121 singulorum
2668 2050 3081 2121 perfectionem
3118 2054 3311 2121 partes
3338 2049 3513 2104 unius
3546 2049 3641 2103 Dei

2000 2153 2114 2191 non
2145 2138 2331 2192 sunt?
2361 2138 2553 2193 Virtus
2575 2144 2662 2193 est
2693 2139 3066 2209 Pater,virtus
3093 2137 3488 2203 Filius,virtus
3512 2137 3639 2209 Spi-

2000 2226 2147 2280 ritus
2180 2230 2438 2282 sanctus.
2466 2231 2582 2282 Hoc
2605 2244 2803 2282 verum
2838 2228 2985 2282 dicis
3012 2244 3024 2282 :
3051 2228 3152 2282 sed
3180 2227 3336 2298 quod
3366 2227 3640 2281 virtutem

1999 2314 2069 2369 de
2091 2316 2305 2371 virtute
2332 2316 2675 2387 genitam,et
2694 2317 2970 2371 virtutem
2996 2317 3065 2371 de
3085 2316 3295 2370 virtute
3325 2316 3642 2386 proceden-

2000 2408 2116 2457 tem
2148 2421 2262 2459 non
2294 2405 2379 2459 vis
2412 2407 2677 2460 eamdem
2712 2406 2925 2460 habere
2958 2410 3250 2469 naturam,
3284 2403 3392 2458 hoc
3427 2403 3642 2459 falsum

1997 2491 2281 2558 dicis,hoc
2314 2498 2516 2548 contra
2546 2494 2721 2549 ﬁdem
2756 2499 2971 2548 rectam
3003 2498 3059 2547 et
3089 2492 3431 2547 catholicam
3468 2492 3635 2546 dicis.

2068 2580 2298 2637 CAPUT
2328 2583 2420 2638 ΧΙ.
2456 2614 2521 2623 -
2554 2584 2727 2637 Redis
2762 2586 2825 2637 ut
2856 2599 3083 2653 quaeras
3128 2599 3161 2636 a
3200 2598 3314 2645 me,
3346 2582 3638 2651 quomodo

1998 2670 2073 2725 sit
2101 2670 2409 2727 invisibilis
2442 2671 2643 2737 Filius,
2669 2673 2822 2727 unde
2847 2673 2971 2742 jam
3005 2671 3118 2725 dixi
3154 2670 3446 2741 superius,
3481 2670 3635 2741 quod

1994 2759 2186 2814 visum
2217 2766 2305 2815 est
2325 2760 2656 2816 dicendum.
2692 2761 2801 2815 Sed
2834 2764 2881 2815 si
2911 2762 2973 2816 ob
3004 2759 3535 2830 hoc,inquis,Filius
3554 2760 3638 2814 in-

1994 2850 2231 2904 visibilis
2256 2866 2290 2903 a
2311 2859 2358 2905 te
2376 2852 2865 2917 pronuntiatur,eo
2886 2850 3027 2921 quod
3043 2849 3215 2904 oculis
3235 2849 3491 2903 humanis
3510 2864 3636 2903 con-

1994 2939 2254 3005 templari
2280 2955 2390 2994 non
2415 2942 2615 3009 possit;
2643 2956 2744 2994 cur
2762 2955 2873 2993 non
2901 2948 2951 2993 et
2973 2939 3204 2993 caelestes
3236 2940 3461 2993 virtutes
3478 2938 3632 3007 pari-

1994 3029 2076 3080 ter
2105 3028 2409 3082 inbisibiles
2435 3031 2781 3099 pronuntias,
2814 3027 3027 3098 quando
3073 3043 3168 3081 nec
3198 3029 3332 3097 ipsa
3361 3026 3634 3081 obtutibus

1993 3114 2252 3170 humanis
2282 3116 2462 3171 videri
2488 3121 2760 3187 possunt?
2793 3118 2876 3171 lta
2908 3116 3015 3171 hoc
3046 3115 3211 3185 dicis,
3246 3115 3416 3186 quasi
3449 3116 3635 3186 possit

1991 3204 2064 3259 ab
2095 3203 2332 3259 homine
2363 3205 2775 3276 comprehendi
2814 3204 2946 3275 quis
2978 3204 3073 3258 ille
3124 3205 3201 3259 sit
3253 3204 3483 3267 modus,
3517 3221 3633 3275 quo

1989 3292 2252 3347 ccelestes
2295 3298 2433 3348 sunt
2465 3294 2817 3360 invisibiles;
2852 3300 2955 3348 aut
3002 3295 3069 3348 ad
3116 3293 3225 3348 hoc
3255 3294 3630 3364 quaerendum

1988 3396 2115 3436 esse
2143 3382 2457 3437 debeamus
2490 3382 2716 3450 intenti,
2750 3383 2979 3437 dicente
3000 3382 3318 3453 Scriptura,
3344 3383 3549 3436 Altiora
3579 3386 3633 3437 te

1985 3488 2057 3526 ne
2077 3474 2360 3543 quaesieris
2380 3472 2940 3545 (Eecli.m,2‘2).Quod
2971 3477 3321 3544 praeceptum
3353 3470 3476 3542 ipse
3499 3487 3633 3524 con-

1987 3563 2463 3626 temnens,ausus
2487 3577 2547 3615 es
2570 3560 2755 3615 dicere
2777 3560 3049 3632 angelum
3072 3558 3247 3613 videri
3282 3560 3353 3614 ab
3385 3559 3627 3613 archan-

1986 3648 2132 3720 gelo,
2168 3650 2577 3721 archangelum
2623 3649 2693 3703 ab
2725 3649 2928 3721 angelo
2962 3666 3071 3703 non
3106 3648 3305 3702 videri.
3340 3648 3492 3702 Satis
3524 3648 3623 3715 sit,

1987 3738 2140 3809 quod
2172 3738 2398 3793 ostendi
2434 3756 2542 3793 non
2601 3754 2726 3793 esse
2758 3754 3120 3808 consequens
3153 3741 3215 3791 ut
3248 3737 3374 3791 ideo
3424 3736 3629 3791 creda-

1987 3844 2120 3883 mus
2148 3827 2205 3882 in
2242 3829 2426 3883 forma
2457 3829 2554 3882 Dei
2589 3828 2871 3882 visibilem
2908 3826 3138 3894 Filium,
3162 3827 3299 3897 quia
3331 3826 3621 3896 scriptum

1987 3922 2095 3984 est,
2125 3918 2403 3973 Invisibili
2432 3918 2538 3972 soli
2567 3918 2671 3973 Deo
2701 3918 2744 3987 (Ι
2779 3919 2911 3971 Tim.
2934 3934 2974 3979 ι,
3000 3916 3108 3987 17).
3137 3915 3295 3978 Quod
3331 3921 3388 3969 tu
3423 3916 3493 3969 de
3525 3914 3628 3969 Pa-

1987 4010 2073 4061 tre
2106 4006 2187 4061 sic
2233 4012 2291 4061 te
2323 4007 2580 4077 accipere
2610 4006 3077 4075 demonstrabas,
3126 4010 3401 4074 tanquam
3451 4002 3628 4057 Filius

1986 4094 2300 4151 invisibilis
2332 4112 2444 4151 non
2479 4096 2575 4163 sit,
2607 4111 2738 4149 cum
2783 4110 2916 4149 eum
2966 4101 3022 4148 et
3054 4092 3432 4147 invisibilium
3468 4109 3628 4147 crea-

1984 4187 2168 4239 torem
2210 4185 2506 4255 Scriptura
2553 4188 2818 4239 testetur.
2873 4187 3283 4238 Verumtamen
3335 4186 3518 4236 restat
3566 4186 3631 4235 ut

1986 4271 2166 4342 dicas,
2200 4273 2383 4327 Ambo
2414 4273 2650 4343 quidem
2686 4271 3006 4326 invisibiles
3038 4277 3196 4335 sunt,
3226 4270 3280 4324 id
3312 4274 3419 4337 est,
3434 4274 3491 4323 et
3524 4269 3627 4322 Pa-

1985 4365 2073 4416 ter
2101 4371 2155 4416 et
2188 4360 2391 4425 Filius,
2416 4361 2513 4415 sed
2550 4361 2713 4415 Pater
2740 4357 3087 4413 invisibilior
3116 4362 3240 4413 est:
3276 4373 3342 4411 ac
3373 4356 3453 4410 sic
3484 4356 3625 4410 dan-

1985 4449 2058 4504 do
2089 4450 2303 4519 aliquid
2336 4450 2488 4504 Patri
2522 4449 2674 4520 quod
2706 4466 2821 4504 non
2860 4449 2937 4502 sit
2981 4446 3126 4515 Filii,
3162 4446 3499 4501 mendacem
3534 4446 3629 4500 fa-

1985 4538 2106 4595 cias
2136 4540 2409 4593 eumdem
2445 4539 2651 4592 Filium
2694 4538 3003 4601 dicentem,
3041 4535 3243 4590 Omnia
3275 4550 3400 4607 qua:
3431 4536 3615 4600 Pater,

1984 4645 2105 4684 mea
2135 4636 2261 4683 sunt
2292 4630 2468 4697 (Joan.
2504 4644 2617 4690 xvr,
2650 4627 2756 4695 15).

2056 4717 2285 4772 CAPUT
2327 4716 2443 4771 X11.
2471 4747 2536 4756 —
2560 4716 2608 4770 1.
2648 4718 2759 4769 Hoc
2790 4718 2845 4769 et
2875 4716 2946 4769 de
2978 4712 3232 4785 potentia
3252 4712 3433 4784 sapis,
3467 4711 3620 4781 quod

1985 4806 2202 4862 scilicet
2234 4808 2311 4860 sit
2343 4806 2577 4876 quidem
2613 4811 2815 4875 potens
2845 4808 2903 4858 et
2948 4803 3150 4867 Filius,
3202 4802 3302 4856 sed
3336 4801 3626 4872 potentior

1984 4894 2154 4950 Pater
2185 4893 2328 4949 Filio
2366 4910 2377 4949 :
2412 4900 2474 4948 ut
2505 4893 2845 4947 auctoribus
2876 4898 2932 4947 et
2962 4892 3297 4948 doctoribus
3326 4888 3488 4944 vobis
3523 4906 3621 4960 po-
3652 4883 3655 4885 ’

1983 4984 2159 5039 tuerit
2184 4988 2472 5054 potentem
2500 4986 2729 5052 potens,
2759 4996 2861 5036 nec
2891 4980 3142 5052 potuerit
3164 4978 3625 5048 omnipotentem

1982 5074 2220 5145 gignere
2246 5072 2635 5143 omnipotens.
2661 5079 2739 5124 Ac
2764 5086 2866 5141 per
2892 5069 2998 5124 hoc
3030 5070 3078 5124 si
3106 5069 3279 5123 habet
3310 5068 3477 5121 Pater
3508 5083 3629 5121 om-

1983 5161 2367 5233 nipotentiam
2418 5177 2595 5232 quam
2637 5177 2751 5214 non
2804 5159 2974 5214 habet
3027 5157 3230 5227 Filius,
3274 5155 3483 5211 falsum
3542 5158 3631 5210 est

1984 5252 2136 5322 quod
2172 5251 2251 5305 ait
2282 5250 2481 5316 Filius,
2517 5250 2714 5305 Omnia
2760 5264 2885 5319 qua:
2919 5248 3075 5302 habet
3119 5252 3301 5311 Pater,
3332 5262 3453 5299 mea
3477 5253 3627 5324 sunt.

1982 5339 2201 5395 Deinde
2225 5341 2272 5394 si
2303 5339 2525 5410 aliquid
2562 5339 2697 5393 facit
2739 5337 2925 5399 Pater,
2964 5337 3116 5407 quod
3150 5336 3336 5390 facere
3368 5351 3482 5389 non
3527 5352 3626 5406 po--

1980 5432 2095 5483 test
2146 5428 2348 5495 Filius,
2392 5427 2594 5483 merito
2644 5427 2859 5481 dicitur
2900 5426 3190 5497 potentior
3228 5425 3399 5479 Pater
3447 5441 3625 5495 quam

1982 5517 2205 5573 Filius:
2252 5535 2381 5572 cum
2441 5505 2586 5572 νθτό
2609 5516 2781 5586 dicat,
2835 5518 3200 5585 Quaecumque
3247 5516 3414 5569 Pater
3468 5516 3626 5585 facit,

1980 5608 2093 5663 haec
2151 5617 2201 5663 et
2250 5609 2430 5664 Filius
2463 5604 2732 5660 similiter
2779 5606 2918 5676 facit
2952 5606 3130 5671 (Joan.
3170 5620 3225 5674 v,
3274 5604 3405 5673 is);
3439 5618 3631 5659 nonne

1982 5698 2190 5753 melius
2222 5698 2459 5751 auditur
2490 5695 2613 5766 ipse
2646 5711 2821 5765 quam
2867 5711 2969 5749 vos
3004 5694 3336 5765 meliusque
3369 5693 3479 5763 ipsi
3511 5709 3633 5748 cre-

1980 5788 2138 5847 ditur
2164 5785 2393 5845 docenti
2417 5801 2593 5858 quam
2626 5784 3057 5857 decipientibus
3078 5782 3286 5841 vobis?
3313 5782 3415 5841 Sed
3439 5788 3632 5855 potem
