4040 6450
415 356 535 418 767

420 490 562 546 tiam
590 492 774 557 Pater,
808 490 1028 562 inquis,
1058 508 1093 547 a
1141 492 1382 560 nemine,
1422 492 1598 548 Filius
1629 508 1752 548 vero
1782 492 1996 562 accepit
2027 505 2061 545 a

423 583 612 634 Patre.
648 580 921 636 Fatemur
950 585 1006 635 et
1036 598 1139 636 nos
1176 581 1381 636 Filium
1410 582 1482 637 ab
1512 581 1612 638 illo
1645 581 1935 654 accepisse
1965 596 2066 652 po-

423 668 688 736 tentiam,
717 668 788 725 de
836 686 951 740 quo
983 674 1157 725 natus
1209 675 1297 726 est
1327 675 1533 743 potens
1573 687 1586 725 :
1622 671 1777 726 Patri
1808 686 1939 725 vero
1972 685 2067 740 po-

425 758 669 813 tentiam
703 756 899 813 nullus
932 759 1112 827 dedit,
1148 761 1289 831 quia
1320 760 1518 815 nullus
1550 776 1681 816 eum
1713 760 1932 831 genuit.
1968 758 2063 813 Gi-

424 846 656 919 gnendo
706 846 859 902 enim
912 849 1071 903 dedit
1124 850 1447 920 potentiam
1491 850 1653 905 Pater
1699 848 1861 915 Filio,
1914 847 2066 902 sicut

424 936 624 991 omnia
652 952 778 1007 quas
822 936 998 991 habet
1026 937 1084 991 in
1120 939 1450 993 substantia
1480 955 1606 1007 sua,
1640 937 1931 1011 gignendo
1962 936 2060 990 de-

422 1023 510 1079 dit
538 1024 588 1080 ei
617 1040 793 1097 quem
819 1025 1021 1097 genuit
1043 1027 1115 1081 de
1145 1027 1477 1082 substantia
1503 1028 1746 1082 sua.Sed
1780 1025 2060 1096 quaeritur

420 1116 621 1168 utrum
661 1117 906 1182 tantam,
949 1120 1168 1186 quanta
1217 1116 1325 1187 ipsi
1375 1120 1481 1184 est,
1544 1115 1859 1188 potentiam
1895 1115 2063 1171 Pater

416 1202 559 1258 Filio
600 1203 845 1269 dederit,
879 1220 951 1259 an
1002 1204 1308 1260 minorem.
1341 1204 1395 1259 Si
1425 1209 1673 1275 tantam,
1703 1221 1819 1260 non
1868 1202 2057 1260 solum

417 1295 713 1363 potentem
760 1295 985 1364 potens,
1016 1309 1214 1348 verum
1265 1295 1439 1348 etiam
1472 1293 1931 1365 omnipotentem
1961 1308 2059 1365 ge-

415 1380 616 1436 nuisse
654 1381 899 1452 dicatur,
934 1381 1224 1450 credatur,
1258 1382 1619 1455 intelligatur
1648 1382 2057 1454 omnipotens:

417 1468 467 1525 si
501 1467 806 1536 minorem,
837 1470 1127 1542 quomodo
1154 1470 1353 1527 omnia
1376 1488 1499 1541 quae
1531 1471 1709 1527 habet
1735 1471 1919 1538 Pater,
1933 1470 2057 1525 Filii

415 1558 601 1614 sunt?
630 1557 817 1614 Patris
849 1558 1269 1631 omnipotentia
1325 1559 1451 1615 Filii
1484 1577 1599 1615 non
1631 1565 1741 1627 est,
1768 1561 2057 1631 quomodo

416 1662 753 1721 quaecunque
779 1649 941 1703 Pater
966 1650 1124 1720 facit,
1160 1649 1275 1705 haec
1313 1657 1364 1705 et
1391 1651 1565 1705 Filius
1594 1650 1854 1705 similiter
1878 1651 2060 1721 facit?

419 1737 576 1808 quod
610 1730 812 1807 utique
843 1754 958 1792 non
990 1742 1203 1809 potest,
1231 1737 1281 1794 si
1312 1738 1680 1810 omnipotens
1710 1755 1825 1794 non
1876 1742 1982 1794 est.

478 1825 533 1880 2.
566 1827 645 1880 Ac
675 1842 776 1896 per
806 1825 914 1882 hoc
946 1827 1100 1897 quod
1132 1826 1212 1882 ait
1241 1826 1576 1899 Apostolus,
1612 1830 1805 1884 Beatus
1832 1836 1885 1883 et
1910 1828 2057 1883 solus

406 1923 645 1987 potens:
670 1932 783 1970 non
816 1931 988 1987 cogor
1017 1915 1088 1971 de
1120 1916 1284 1972 Patre
1319 1918 1728 1972 tantummodo
1760 1917 2052 1989 accipere;

413 2004 515 2059 sed
549 2004 619 2058 de
650 2003 787 2073 Deo,
818 2004 967 2076 quod
1015 2009 1104 2060 est
1135 2005 1264 2077 ipsa
1290 2005 1565 2063 Trinitas.
1604 2006 1865 2078 Loquens
1896 2006 2053 2062 enim

415 2092 488 2149 ad
518 2092 886 2147 Timotheum
922 2109 936 2149 :
971 2095 1256 2166 Pracipio,
1302 2094 1515 2166 inquit,
1563 2096 1663 2151 tibi
1710 2111 1893 2150 coram
1921 2096 2052 2166 Deo,

417 2182 515 2253 qui
540 2182 783 2253 viviﬁcat
811 2183 1016 2253 omnia,
1055 2186 1106 2238 et
1147 2183 1359 2240 Christo
1388 2186 1515 2239 Jesu
1555 2186 1653 2255 qui
1682 2186 2057 2241 testimonium

421 2270 661 2327 reddidit
688 2272 784 2325 sub
803 2273 996 2327 Pontio
1009 2273 1192 2328 Pilato
1222 2275 1416 2329 bonam
1435 2276 1917 2345 eon/essionem,ut
1936 2290 2056 2331 ser-

410 2375 497 2416 ves
524 2358 850 2415 mandatum
879 2363 1001 2416 sine
1028 2362 1960 2435 macula,irreprehensibile,usque
1982 2363 2057 2418 ad

411 2448 698 2505 adventum
719 2450 938 2505 Domini
950 2452 1133 2507 nostri
1148 2453 1273 2507 Jesu
1298 2451 1527 2519 Christi;
1544 2468 1702 2523 quem
1726 2452 2056 2524 temporibus

407 2538 649 2609 propriis
680 2539 920 2593 ostendet
952 2539 1137 2595 beatus
1166 2543 1217 2595 et
1238 2540 1388 2596 solus
1414 2545 1625 2612 potens,
1652 2541 1763 2596 Rea:
1782 2556 1976 2612 regum
2004 2545 2055 2597 et

408 2626 669 2682 Dominus
697 2626 1102 2684 dominantium
1127 2647 1140 2698 ;
1173 2630 1271 2701 qui
1299 2630 1446 2686 solus
1474 2630 1632 2686 habet
1654 2630 2052 2687 immortalita-

411 2722 538 2782 tem,
571 2724 625 2771 et
644 2715 817 2771 lucem
846 2717 1124 2774 inhabitat
1156 2718 1673 2788 innascessibitem;
1703 2736 1863 2791 quem
1893 2736 2054 2777 nemo

412 2804 694 2860 hominum
714 2805 867 2871 vidit,
892 2823 993 2862 nec
1014 2808 1195 2863 videre
1223 2812 1423 2880 potest;
1447 2811 1536 2864 cui
1555 2818 1630 2865 est
1659 2810 1848 2865 homor
1875 2814 1928 2865 et
1942 2810 2055 2879 glo-

410 2895 501 2949 ria
530 2896 590 2949 in
636 2897 847 2952 saecula
889 2896 1239 2953 saeculorum.
1271 2899 1441 2954 Amen
1470 2902 1518 2968 (Ι
1548 2900 1681 2953 Tim.
1726 2916 1805 2965 v1,
1838 2900 2050 2971 13-16).

413 2982 570 3040 Nihil
601 2982 694 3038 hic
725 2983 887 3040 video
918 2985 1140 3041 dictum
1174 2988 1326 3058 quod
1359 3004 1474 3043 non
1526 2988 1830 3043 conveniat
1859 2987 2052 3043 Trini-

408 3070 539 3125 tati.
571 3072 679 3126 Sed
711 3075 778 3127 ut
821 3089 975 3128 nunc
1006 3078 1228 3130 taceam
1267 3076 1335 3131 de
1364 3075 1583 3148 Spiritu
1616 3080 1840 3144 sancto,
1875 3093 2050 3149 quem

410 3175 516 3214 nec
549 3157 756 3215 saltem
789 3161 1075 3218 minorem
1113 3162 1252 3219 Filio
1281 3163 1463 3219 Deum
1496 3163 1673 3219 vultis
1705 3164 1844 3236 quia
1872 3164 2054 3221 omni—

408 3264 483 3303 no
514 3248 696 3304 Deum
728 3266 855 3305 esse
902 3268 1018 3306 non
1067 3252 1267 3320 vultis,
1302 3252 1520 3309 sufficit
1549 3258 1614 3308 ut
1658 3270 1759 3310 vos
1789 3255 1859 3310 de
1892 3255 2054 3310 Patre

408 3338 824 3396 convincamus
855 3344 912 3395 et
953 3340 1114 3397 Filio.
1166 3342 1464 3414 Numquid
1523 3343 1677 3399 enim
1728 3343 1866 3415 quia
1910 3343 2054 3399 dixit

408 3427 742 3499 Apostolus,
777 3431 1045 3502 Testiﬁcor
1065 3431 1169 3487 tibi
1194 3448 1378 3487 coram
1409 3434 1512 3488 Deo
1543 3435 1640 3504 qui
1664 3435 1906 3505 viviﬁcat
1934 3450 2051 3488 om-

411 3520 551 3579 nia;
586 3519 752 3575 Pater
782 3518 965 3588 solus,
999 3538 1111 3577 non
1147 3525 1202 3578 et
1235 3522 1412 3578 Filius
1442 3523 1691 3578 viviﬁcat
1721 3522 1963 3579 omnia?
1992 3523 2051 3579 Si

414 3608 631 3667 dixeris
662 3607 886 3665 Patrem
937 3609 1139 3666 solum,
1174 3610 1464 3668 vivificare
1510 3611 1723 3681 omnia,
1760 3613 2051 3684 quomodo

411 3714 547 3771 ergo
577 3714 907 3771 quaecunque
927 3706 1093 3755 Pater
1118 3702 1271 3772 [acit,
1307 3701 1427 3758 haec
1472 3705 1523 3756 et
1568 3702 1747 3757 Filius
1797 3702 2054 3758 similiter

407 3790 584 3860 facit?
613 3789 1095 3859 Quandoquidem
1128 3793 1316 3861 Pater,
1335 3793 1401 3845 ut
1431 3793 1625 3861 putas,
1654 3789 1906 3846 vivificat
1926 3808 2051 3846 om-

409 3877 528 3945 nia,
562 3876 717 3947 quod
758 3877 937 3933 Filius
988 3895 1104 3934 non
1154 3877 1311 3934 facit.
1363 3877 1581 3933 Deinde
1628 3878 1725 3933 ubi
1759 3879 1860 3945 ait,
1903 3879 2055 3935 Sicut

410 3968 575 4023 Pater
601 3970 828 4022 suscitat
850 3977 1096 4024 mortuos
1125 3976 1177 4023 et
1205 3967 1639 4039 viviﬁcat(Joan.
1672 3983 1723 4037 v,
1746 3968 1837 4039 21)
1862 3986 1876 4035 ;
1910 3985 2054 4039 quo-

412 4056 585 4112 modo
617 4072 814 4112 verum
852 4062 958 4125 est,
1010 4057 1059 4113 si
1107 4056 1273 4111 Pater
1303 4056 1427 4111 sine
1479 4055 1620 4110 Filio
1651 4056 1898 4113 viviﬁcat
1928 4075 2052 4113 om-

413 4144 512 4202 nia
532 4145 559 4199 ?
596 4145 843 4201 Proinde
875 4146 1029 4217 quod
1062 4144 1306 4213 addidit,
1341 4148 1406 4199 Et
1437 4143 1650 4200 Christo
1678 4146 1800 4202 Iesu
1827 4148 1924 4217 qui
1951 4156 2053 4204 tes-

411 4236 706 4291 timonium
733 4236 966 4291 reddidit
984 4236 1082 4291 sub
1110 4235 1301 4290 Pontio
1322 4234 1502 4289 Pilato
1534 4235 1731 4290 bonam
1759 4238 2053 4308 confessio-

408 4339 575 4386 nem;
608 4325 678 4379 de
710 4324 850 4379 Filio
892 4323 1122 4396 proprie
1170 4322 1359 4379 dicere
1406 4322 1635 4380 voluit:
1689 4325 1827 4395 quia
1877 4326 2053 4383 Filius

413 4412 649 4484 quidem
684 4413 837 4468 sicut
866 4414 1035 4469 Pater
1076 4412 1331 4469 viviﬁcat
1366 4413 1595 4480 omnia;
1630 4414 1731 4469 sed
1764 4414 1874 4469 sub
1905 4415 2051 4471 Pon-

408 4499 489 4555 tio
520 4499 703 4556 Pilato
734 4502 791 4555 in
827 4502 1013 4557 forma
1040 4501 1188 4557 servi
1236 4500 1445 4556 Filium
1492 4501 1759 4559 novimus
1809 4520 2049 4575 passum

412 4589 615 4657 fuisse,
650 4606 763 4645 non
798 4590 1050 4646 Patrem.
1083 4590 1299 4646 Deinde
1339 4591 1740 4664 subjungitur,
1777 4598 1849 4650 Ut
1872 4610 2053 4651 serves

412 4679 739 4734 mandatum
766 4682 887 4736 sine
917 4680 1163 4747 macula,
1215 4682 1719 4752 irreprehensibile,
1764 4699 1951 4755 usque,
1983 4683 2053 4739 ad

414 4769 709 4826 adventum
742 4770 959 4824 Domini
986 4771 1165 4825 nostri
1189 4770 1315 4825 Jesu
1348 4769 1581 4832 Christi;
1613 4787 1771 4843 quem
1790 4774 2051 4844 tempori-

417 4857 514 4913 bus
542 4860 793 4931 propriis
831 4858 1076 4914 ostendet
1124 4858 1313 4913 beatus
1341 4868 1391 4914 et
1430 4860 1579 4914 solus
1604 4870 1796 4931 potens
1820 4878 1840 4917 :
1871 4878 2050 4932 quem,

411 4947 635 5005 scilicet
680 4950 992 5005 adventum
1024 4947 1255 5004 Domini
1287 4948 1539 5018 Christi;
1581 4950 1819 5007 ostendet
1847 4953 2051 5023 utique

408 5037 581 5104 Deus,
617 5039 771 5110 quod
816 5056 933 5095 non
963 5037 1128 5094 solus
1176 5042 1265 5093 est
1312 5037 1497 5107 Pater,
1547 5039 1687 5110 quia
1724 5042 2046 5097 secundum

401 5126 747 5199 veritatem,
822 5144 938 5183 non
1024 5126 1349 5183 secundum
1416 5131 1674 5183 vestrum
1757 5145 2045 5197 errorem,

403 5216 659 5272 Trinitas
729 5234 883 5273 unus
957 5219 1046 5272 est
1110 5216 1266 5272 Deus
1326 5232 1339 5271 :
1402 5216 1586 5271 beatus
1642 5225 1694 5273 et
1744 5219 1889 5274 solus
1944 5235 2046 5292 p0-

405 5307 543 5373 tens,
593 5308 710 5362 Rex
757 5322 987 5378 regnum
1014 5308 1065 5360 et
1108 5305 1369 5360 Dominus
1399 5304 1824 5364 dominantium.
1864 5309 2048 5365 Num-

406 5393 547 5465 quid
602 5394 757 5449 enim
816 5394 903 5450 vel
959 5410 1062 5450 vos
1121 5393 1312 5449 dicere
1379 5395 1605 5450 audetis
1662 5397 1873 5452 Filium
1928 5414 2045 5453 non

407 5498 535 5538 esse
576 5484 790 5555 Regem
838 5499 1040 5556 regum
1093 5487 1147 5539 et
1198 5482 1510 5539 Dominum
1560 5484 2047 5543 dominantium?

405 5571 487 5628 De
518 5588 632 5643 quo
681 5572 834 5628 inter
880 5577 1085 5627 caetera
1131 5573 1413 5645 scriptum
1464 5578 1552 5628 est
1598 5574 1657 5629 in
1698 5574 2045 5647 Apocalypsi

399 5662 646 5719 Joannis
679 5678 690 5717 :
724 5663 789 5717 Et
820 5664 933 5735 ipse
961 5663 1137 5717 calcat
1176 5663 1421 5719 torcular
1449 5664 1568 5719 vini
1612 5666 1868 5734 potentis,
1899 5668 1949 5721 et
1981 5666 2041 5721 in

392 5753 585 5809 tunica
612 5759 665 5810 et
693 5753 756 5809 in
782 5753 989 5825 femore
1017 5752 1178 5811 habet
1208 5768 1409 5811 nomen
1450 5754 1739 5826 scriptum,
1789 5754 1902 5812 Rea.
1948 5769 2040 5813 re-

897 357 1208 421 CONTRA
1251 357 1721 423 MAXIMINUM
1762 356 2237 420 ARIANORUM
2279 354 2753 431 EPISCOPUM,
2799 357 2866 420 S.
2907 357 3336 423 AUGUSTINI

3705 361 3839 423 768

2168 506 2308 563 gum
2334 492 2386 545 et
2413 490 2677 545 Dominus
2725 490 3130 547 dominantium
3177 491 3363 564 (Apoc.
3415 509 3532 562 xxx,
3568 492 3658 560 15,
3710 492 3829 564 16).

2168 579 2278 634 Sed
2310 594 2383 633 ne
2413 579 2559 635 forte
2591 579 2800 635 dicatis
2832 581 2987 652 quod
3018 596 3230 636 nomen
3263 580 3449 637 Patris
3496 580 3682 636 Filius
3710 581 3830 637 ha-

2168 667 2267 724 bet
2297 669 2581 739 scriptum
2614 668 2672 723 in
2701 672 2859 724 veste
2889 673 2944 724 et
2975 668 3032 724 in
3067 669 3321 737 femore;
3358 669 3469 725 alio
3500 668 3627 726 loco
3658 672 3825 741 ejus-

2170 758 2301 812 dem
2334 756 2469 811 libri
2501 755 2770 827 superius
2798 755 3048 829 legitur:
3075 760 3145 813 Et
3166 759 3349 829 Agnus
3371 759 3555 813 vincet
3572 775 3828 830 eos,quo-

2166 846 2320 901 niam
2349 848 2615 902 Dominus
2645 846 3054 902 dominantium
3100 851 3183 902 est
3229 850 3281 903 et
3327 850 3442 904 Rea:
3471 865 3664 919 regum
3714 848 3821 917 (Id.

2167 952 2303 1003 xvu,
2339 935 2447 1007 14).
2479 937 2841 1007 QuaprOpter
2869 937 3195 992 secundum
3218 938 3463 1004 vos,duo
3489 940 3628 993 sunt
3648 953 3823 1009 reges

2168 1040 2374 1096 regum
2403 1028 2459 1079 et
2488 1024 2707 1080 domini
2742 1024 3171 1080 dominantium
3204 1042 3216 1081 ε
3251 1029 3308 1080 et
3338 1029 3542 1081 contra
3568 1042 3671 1082 vos
3703 1031 3820 1095 est,

2165 1112 2214 1168 si
2262 1113 2333 1168 de
2381 1112 2546 1168 Patre
2577 1116 2807 1168 tantum
2858 1111 2941 1168 ait
2969 1112 3308 1185 Apostolus,
3353 1114 3559 1170 Beatus
3586 1124 3638 1171 et
3665 1116 3823 1171 solus

2164 1207 2379 1274 potens,
2410 1202 2527 1258 Rea:
2554 1218 2751 1271 regum
2778 1213 2831 1258 et
2854 1204 3118 1259 Dominus
3147 1202 3569 1259 dominantium.
3591 1203 3822 1261 Verum

2169 1294 2363 1347 autem
2407 1291 2731 1347 secundum
2760 1294 2981 1347 rectam
3014 1291 3188 1347 fidem
3216 1292 3344 1364 ipsa
3372 1293 3628 1349 Trinitas
3656 1310 3822 1352 unus

2166 1383 2256 1435 est
2285 1380 2459 1449 Deus,
2494 1380 2680 1436 beatus
2709 1388 2761 1437 et
2784 1381 2933 1437 solus
2962 1383 3172 1451 potens,
3206 1382 3317 1437 Rea:
3345 1396 3540 1453 regum
3568 1383 3823 1439 etDomi-

2160 1484 2266 1525 nus
2294 1468 2662 1524 dominatium
2689 1470 2784 1542 qui
2811 1470 2959 1525 solus
2989 1469 3152 1526 habet
3180 1470 3690 1541 immortalitem,et
3720 1474 3822 1528 tu-

2159 1573 2276 1613 cem
2304 1557 2562 1614 habititat
2587 1558 3117 1615 inaccessibitem.Et
3138 1560 3427 1630 quomodo
3445 1560 3557 1615 erit
3580 1576 3817 1631 verum,

2160 1648 2404 1705 Accedite
2431 1649 2500 1704 ad
2529 1667 2681 1718 eum,
2725 1658 2776 1706 et
2823 1648 3235 1705 illuminamini
3260 1650 3432 1719 (Psat.
3473 1668 3678 1722 xxxm,
3710 1654 3816 1723 6);

2162 1738 2276 1793 nisi
2307 1738 2446 1810 quia
2475 1738 2585 1793 hoc
2613 1755 2784 1795 nemo
2816 1743 3024 1810 potest,
3058 1739 3107 1793 si
3140 1740 3211 1795 de
3260 1756 3323 1795 se
3362 1740 3610 1811 quisque
3657 1757 3814 1812 prae-

2162 1827 2500 1900 sumpserit,
2534 1828 2636 1882 sed
2678 1827 2725 1883 si
2758 1826 2882 1900 ipse
2928 1827 3815 1886 donaverit71mmortalitatem

2160 1919 2358 1971 autem
2393 1916 2542 1971 Deus
2572 1915 2784 1971 habere
2814 1915 3027 1971 dicitur
3069 1915 3251 1983 solus,
3300 1915 3437 1988 quia
3465 1921 3556 1973 est
3585 1917 3815 1975 immu-

2158 2003 2358 2060 tabilis
2388 2004 2570 2061 solus.
2604 2004 2670 2060 In
2711 2004 2870 2061 omni
2921 2005 3077 2061 enim
3123 2005 3390 2061 mutabili
3423 2010 3635 2062 natura
3665 2024 3817 2063 non-

2159 2091 2323 2148 nulla
2352 2110 2510 2149 mors
2552 2099 2641 2149 est
2689 2093 2820 2166 ipsa
2850 2092 3121 2159 mutatio,
3153 2094 3291 2163 quia
3320 2094 3456 2149 fecit
3487 2093 3715 2166 aliquid
3747 2096 3814 2152 in

2159 2197 2228 2237 ea
2245 2199 2358 2237 non
2382 2199 2510 2238 esse
2530 2187 2686 2254 quod
2713 2186 2855 2238 erat.
2882 2182 3127 2238 Proinde
3147 2187 3204 2238 et
3222 2183 3351 2255 ipsa
3369 2183 3567 2240 anima
3590 2184 3812 2241 huma-

2160 2287 2256 2337 na,
2289 2287 2417 2342 quas
2466 2277 2771 2345 propterea
2819 2271 3035 2328 dicitur
3094 2271 3467 2344 immortalis,
3521 2274 3813 2345 quoniam

2159 2359 2663 2433 qualitercumque
2730 2361 3056 2417 secundum
3100 2361 3342 2417 modum
3412 2379 3588 2418 suum
3656 2380 3815 2420 nun-

2158 2465 2335 2521 quam
2368 2449 2584 2506 desinit
2613 2449 3003 2520 vivere,habet
3026 2454 3220 2506 tamen
3252 2466 3355 2523 pro
3386 2450 3515 2523 ipso
3545 2468 3653 2508 suo
3688 2469 3815 2509 mo-

2157 2538 2231 2593 do
2263 2538 2582 2609 quamdam
2615 2541 2861 2594 mortem
2895 2553 3064 2593 suam
3099 2554 3113 2595 :
3147 2537 3286 2610 quia
3313 2537 3363 2593 si
3384 2539 3547 2609 juste
3575 2538 3815 2596 vivebat

2157 2630 2215 2683 et
2235 2626 2966 2700 peccat,moriturjustitim
2988 2644 3001 2695 ;
3028 2626 3079 2682 si
3097 2626 3386 2699 peccatrix
3405 2632 3529 2683 erat
3549 2632 3609 2684 et
3624 2629 3812 2698 justi-

2157 2715 2385 2782 ficatur,
2419 2716 2670 2772 moritur
2699 2720 2934 2789 peccato
2967 2734 2980 2772 :
3016 2720 3079 2771 ut
3109 2715 3256 2772 alias
3286 2716 3413 2788 ejus
3444 2718 3815 2775 mutationes

2156 2807 2482 2874 taceam,de
2511 2806 2726 2878 quibus
2756 2805 2998 2878 longum
3029 2808 3118 2862 est
3147 2804 3464 2877 disputare.
3485 2806 3553 2861 Et
3582 2812 3817 2862 creatu-

2156 2912 2355 2952 rarum
2395 2900 2607 2951 natura
2633 2895 2958 2951 caelestium
2991 2894 3139 2951 mori
3170 2894 3538 2967 potuit,quia
3564 2912 3819 2968 peccare

2157 2985 2346 3057 potuit
2368 3001 2383 3041 :
2403 3001 2541 3039 nam
2564 2983 2832 3057 etAngeli
2857 2986 3325 3055 peccaverunt,et
3345 2985 3643 3041 daemones
3669 2986 3815 3042 facti

2134 3077 2313 3141 sunt,
2330 3088 2580 3145 quorum
2608 3077 2697 3128 est
2720 3071 2990 3129 diabolus
3012 3072 3304 3145 princeps.
3324 3073 3392 3128 Et
3413 3073 3511 3145 qui
3537 3090 3657 3130 non
3682 3092 3819 3147 pec-

2155 3166 2697 3233 caverunt,peccare
2722 3162 3131 3233 potuerunt.Et
3158 3162 3507 3233 cuicumque
3524 3167 3816 3219 creatura:

2156 3251 2423 3307 rationali
2448 3255 2759 3324 praestatur
2775 3255 2839 3306 ut
2861 3267 3097 3323 peccare
3116 3266 3229 3306 non
3249 3251 3577 3323 possit,non
3590 3256 3683 3308 est
3700 3252 3815 3309 hoc

2155 3345 2377 3397 naturas
2394 3339 2768 3412 proprias,sed
2792 3339 2889 3395 Dei
2909 3338 3215 3412 gratias.Ac
3231 3355 3333 3411 per
3348 3339 3456 3395 hoc
3472 3339 3633 3396 solus
3653 3340 3819 3398 Deus

2159 3430 2335 3487 habet
2350 3428 2979 3502 immortalitatem,qui
2997 3446 3108 3484 non
3125 3430 3474 3501 cujusquam
3490 3429 3817 3502 gratia,sed

2155 3524 2365 3576 natura
2390 3535 2628 3589 sua,nec
2650 3518 2856 3590 potuit,
2875 3535 2979 3574 nec
3003 3521 3196 3591 potest
3217 3517 3415 3590 aliqua
3430 3520 3818 3577 conversione

2156 3608 2392 3678 mutari,
2412 3625 2519 3664 nec
2541 3608 2730 3680 potuit
2750 3623 2855 3663 nec
2878 3607 3086 3680 poterit
3106 3606 3303 3680 aliqua
3323 3608 3647 3665 mutatione
3674 3626 3815 3682 pec-

2155 3714 2306 3755 care.
2341 3699 2523 3764 Quem
2556 3697 2881 3753 secundum
2912 3700 3183 3753 naturam
3212 3713 3330 3768 qua
3358 3696 3513 3753 Deus
3531 3702 3814 3767 est,nemo

2157 3786 2441 3843 hominum
2462 3786 2725 3853 vidit,nec
2743 3786 2929 3842 videre
2945 3788 3157 3858 potest:
3178 3785 3279 3842 sed
3302 3786 3514 3859 poterit
3540 3785 3814 3858 aliquan-

2159 3876 2309 3943 do,si
2333 3876 2404 3932 ad
2432 3874 2599 3931 illum
2628 3890 2937 3931 numerum
2959 3874 3265 3930 hominum
3288 3875 3559 3947 pertinet,
3579 3876 3652 3932 de
3671 3878 3812 3948 qui-

2158 3966 2268 4021 bus
2299 3966 2521 4020 dictum
2553 3968 2661 4033 est,
2706 3966 2863 4020 Beati
2888 3963 3098 4021 mundo
3144 3964 3320 4035 corde,
3362 3966 3648 4036 quoniam,
3696 3968 3817 4039 ipsi

2157 4055 2326 4110 Deum
2354 4053 2613 4109 videbunt
2638 4052 2853 4126 (Matth.
2886 4069 2941 4121 v,
2961 4053 3036 4125 8).
3070 4052 3171 4108 Cui
3203 4052 3404 4124 Deo,id
3436 4058 3526 4109 est
3555 4054 3719 4111 Patri
3752 4061 3815 4112 et

2157 4142 2300 4198 Filio
2321 4148 2377 4199 et
2397 4142 2641 4216 Spiritui
2663 4148 3019 4214 sancto,quas
3039 4142 3296 4199 Trinitas
3319 4159 3475 4199 unus
3502 4148 3593 4198 est
3623 4143 3812 4213 Deus,

2156 4232 2344 4289 honor
2371 4237 2429 4288 et
2455 4232 2642 4304 gloria
2671 4232 2731 4287 in
2761 4231 2975 4288 sacula
3001 4230 3370 4288 saeculorum.
3410 4234 3619 4289 Amen.

2227 4323 2281 4379 3.
2312 4321 2483 4378 Absit
2512 4325 2706 4377 autem
2740 4326 2805 4377 ut
2834 4322 3125 4391 quomodo
3158 4326 3352 4393 putas,
3387 4321 3517 4378 ideo
3543 4322 3619 4378 sit
3638 4322 3816 4380 Pater

2156 4412 2447 4485 potentior
2478 4411 2642 4482 Filio,
2677 4410 2815 4483 quia
2844 4415 3161 4467 creatorem
3194 4410 3396 4484 genuit
3426 4412 3814 4479 Pater,Filius

2158 4506 2354 4558 autem
2386 4518 2501 4558 non
2535 4500 2737 4573 genuit
2766 4506 3106 4556 creatorem.
3132 4504 3331 4572 Neque
3360 4501 3516 4556 enim
3550 4518 3669 4559 non
3703 4520 3814 4573 po-

2161 4590 2277 4647 tuit
2307 4592 2405 4662 (a),
2437 4590 2536 4646 sed
2586 4606 2703 4645 non
2731 4590 3007 4661 oportuit,
3043 4589 3432 4646 lmmoderata
3462 4590 3618 4646 enim
3650 4598 3819 4649 esset

2160 4680 2357 4735 divina
2385 4678 2755 4752 generatio,si
2787 4677 3020 4751 genitus
3042 4676 3225 4734 Filius
3246 4684 3513 4750 nepotem
3541 4680 3817 4752 gigneret

2162 4768 2310 4825 Patri
2345 4785 2358 4823 :
2394 4768 2530 4840 quia
2554 4771 2611 4822 et
2639 4767 2764 4839 ipse
2794 4766 3115 4839 nepos,nisi
3147 4783 3251 4823 avo
3282 4783 3389 4824 suo
3420 4775 3812 4842 pronepotem

2158 4858 2441 4931 gigneret,
2460 4857 2782 4914 secundum
2814 4860 3067 4912 vestram
3091 4855 3417 4914 mirabilem
3447 4859 3812 4930 sapientiam

2154 4947 2448 5020 impotens
2480 4947 2790 5003 diceretur.
2812 4944 3090 5002 Similiter
3111 4946 3287 5002 etiam
3318 4945 3417 5002 ille
3446 4946 3496 5003 si
3527 4953 3811 5020 nepotem

2153 5054 2271 5094 non
2303 5037 2566 5110 gigneret
2594 5053 2698 5092 avo
2730 5052 2858 5105 suo,
2890 5039 2947 5092 et
2988 5039 3369 5109 pronepotem
3418 5053 3632 5109 proavo
3672 5056 3809 5111 suo,

2154 5143 2269 5183 non
2288 5143 2323 5183 a
2338 5126 2508 5183 nobis
2530 5124 2925 5198 appellaretur
2940 5127 3443 5198 omnipotensmec
3458 5125 3813 5199 impleretur

2151 5215 2545 5290 generationis
2575 5213 2831 5283 series,si
2853 5229 3087 5286 semper
3105 5212 3250 5270 alter
3282 5229 3353 5271 ex
3389 5213 3573 5271 altero
3603 5232 3811 5275 nasce-

2213 5388 2280 5448 (a)
2310 5386 2638 5452 Pleriqueac
2664 5385 2900 5452 melioris
2928 5384 3421 5452 notre__Mss.,Neque
3446 5386 3585 5452 enirn
3611 5390 3807 5452 potuit.

2155 5448 2679 5523 Attamen.5|tagi_ster
2708 5449 2856 5499 Sent.
2888 5450 2945 5497 in
2977 5452 3020 5523 ς,
3054 5448 3178 5523 dist.
3208 5448 3637 5523 7,.cit_at..Nequ'e
3665 5454 3807 5523 enim

2150 5527 2253 5563 non
2276 5512 2444 5575 potuit
2470 5527 2489 5561 :
2519 5511 2572 5561 id
2603 5516 2840 5576 estnon
2871 5525 2937 5561 ex
2984 5511 3308 5576 impotentia
3335 5511 3469 5572 Filii,
3504 5511 3599 5562 sed
3630 5527 3700 5564 ex
3728 5516 3806 5566 rei

2157 5574 2353 5639 natura
2384 5576 2533 5639 venit
2560 5579 2620 5624 ut
2647 5574 2808 5623 Filius
2839 5587 2945 5623 non
2975 5574 3209 5639 generet.
3242 5576 3425 5638 Neque
3448 5575 3702 5639 cogimur
3725 5580 3805 5628 in-

2155 5638 2408 5709 telligere,
2440 5638 2915 5709 Filium,_potuisse
2944 5637 3127 5709 aliu‘m‘
3154 5637 3407 5709 generare
3435 5637 3804 5709 illiﬁm,3uod

2153 5700 2526 5766 Augustinum
2540 5700 2869 5766 existimasse
2898 5700 3065 5751 credit
3094 5701 3338 5751 Petavius
3366 5701 3425 5753 in
3450 5700 3542 5755 lib.
3573 5706 3601 5753 7
3631 5700 3801 5756 Theo-

2151 5762 2265 5830 ιοεῐ
2286 5764 2467 5829 dogm.
2496 5763 2563 5816 de
2589 5762 2863 5816 Trinitate.
2892 5777 3010 5828 cap.
3040 5766 3117 5825 13,
3146 5776 3204 5817 n.
3231 5766 3280 5817 6.
