4040 6524
235 465 359 524 773

233 596 423 651 Deus?
449 594 520 649 Et
550 592 723 666 paulo
754 595 885 664 post
917 591 1061 647 dicis
1087 610 1100 649 :
1128 594 1337 661 Quanto
1370 594 1546 665 magis
1567 594 1703 648 Deus
1725 594 1890 648 Pater

234 683 684 756 incorruplibilis
714 683 1232 754 ineorruptz’bilz'ter
1253 685 1443 749 genuit
1476 684 1723 739 Filium?
1758 683 1789 737 J
1797 699 1891 737 am

237 791 423 847 supra
447 773 586 843 dixi,
611 772 833 827 nescire
852 788 943 827 me
964 772 1103 843 quid
1131 772 1382 828 volueris
1405 773 1475 828 de
1506 772 1699 828 anima
1722 770 1893 826 intel-

238 862 367 935 ligi,
399 863 471 917 de
501 879 615 934 qua
636 861 799 933 prius
821 861 1018 917 dixisti
1051 862 1201 932 quod
1242 880 1355 917 non
1394 866 1668 918 nascatur
1700 860 1895 916 anima

240 951 316 1008 de
345 951 555 1017 anima,
585 956 642 1007 et
674 956 894 1023 postea,
928 952 1079 1022 quod
1133 952 1331 1007 anima
1374 950 1896 1023 incorruptibiliter

240 1042 448 1115 gignat
480 1040 685 1107 ﬁlium,
710 1040 759 1097 si
790 1041 1045 1096 animam
1078 1040 1286 1113 gignit,
1308 1042 1598 1112 quomodo
1621 1057 1736 1096 non
1758 1056 1895 1094 nas-

242 1131 398 1187 citur
426 1129 624 1185 anima
652 1130 723 1185 de
753 1130 995 1186 anima?
1023 1130 1082 1186 Si
1117 1147 1375 1198 carnem,
1420 1134 1483 1184 tu
1514 1129 1726 1185 videris
1760 1145 1898 1200 quo-

243 1220 419 1276 modo
453 1219 529 1275 sit
558 1235 690 1274 caro
724 1234 896 1275 verus
937 1220 1145 1274 anima
1194 1217 1371 1274 ﬁlius.
1405 1218 1671 1274 Christus
1715 1217 1894 1293 enim,

242 1313 483 1382 prOpter
516 1324 692 1381 quem
723 1308 943 1380 putasti
980 1308 1132 1363 hanc
1163 1308 1554 1363 adhibendam
1587 1305 1897 1362 similtudi-

244 1414 586 1466 nem,verus
609 1401 699 1452 est
715 1397 815 1453 Dei
840 1397 1037 1452 Filius.
1072 1396 1131 1453 Si
1163 1402 1357 1452 autem
1382 1394 1901 1468 incorruptibiliter

243 1488 487 1561 gignere
517 1486 777 1542 animam
809 1485 998 1541 ﬁlium
1037 1486 1119 1542 sic
1134 1486 1317 1558 accipi
1336 1484 1897 1555 voluisti,quomodo

245 1576 332 1632 ait
359 1575 695 1648 Apostolus,
724 1577 788 1631 In
820 1574 1033 1630 Christo
1066 1577 1218 1631 enim
1245 1576 1373 1632 Jesu
1400 1592 1497 1648 per
1525 1574 1900 1647 Evangelium

243 1682 344 1737 ego
374 1682 465 1722 vos
490 1666 659 1735 genui
686 1665 732 1737 (Ι
759 1664 887 1719 Cor.
921 1682 997 1732 Iv,
1036 1665 1148 1737 15);
1173 1682 1279 1720 cur
1308 1682 1422 1720 non
1450 1662 1897 1734 attendis,quod

239 1757 375 1827 jam
434 1759 597 1810 erant
628 1754 739 1809 illa
793 1754 1002 1810 anima
1049 1754 1107 1809 in
1156 1758 1345 1810 vetere
1413 1754 1549 1820 vita,
1601 1770 1746 1825 quas
1802 1767 1906 1823 per

246 1844 629 1918 Evangelium
693 1844 1020 1899 renovando
1078 1844 1394 1916 Apostolus
1452 1843 1717 1916 genuit?
1777 1843 1904 1897 Ver-

249 1936 397 1990 bum
426 1938 620 1989 autem
652 1932 752 1989 Dei
789 1933 940 1989 Deus
984 1933 1325 2004 unigenitus
1366 1933 1568 2005 Filius,
1601 1934 1754 1988 sicut
1776 1932 1901 2003 jam

250 2022 709 2096 disputavimus,
739 2038 854 2078 non
912 2023 1073 2094 prius
1121 2021 1341 2095 aliquid
1390 2024 1518 2093 fuit,
1570 2027 1627 2077 et
1666 2038 1902 2077 renova-

248 2113 414 2168 tione
444 2116 532 2169 est
561 2116 872 2185 generatus
904 2129 937 2166 a
966 2115 1134 2167 Patre
1178 2112 1279 2168 sed
1310 2129 1442 2167 cum
1478 2111 1643 2167 Patre
1674 2125 1906 2181 semper

250 2201 387 2265 fuit;
420 2201 571 2257 sicut
616 2206 705 2257 est
744 2217 975 2273 semper
1032 2205 1209 2273 atque
1263 2201 1375 2257 erit
1420 2199 1674 2256 mirabili
1734 2204 1904 2270 atque

245 2288 533 2345 ineffabili
587 2289 758 2344 modo
788 2289 1020 2361 genitus
1053 2290 1124 2345 ab
1155 2293 1368 2345 aterno
1399 2294 1743 2345 coaternus.
1791 2288 1901 2344 Sed

248 2379 303 2436 si
329 2379 401 2435 ob
432 2377 961 2435 hocintroduxistis
991 2378 1137 2433 hanc
1166 2378 1512 2434 dissimilem
1565 2377 1905 2435 similitudi-

250 2484 412 2535 nem,
440 2472 504 2522 ut
533 2482 824 2522 assereres
877 2467 1059 2522 Deum
1110 2472 1339 2523 Patrem
1386 2466 1907 2539 incorruptibiliter

251 2557 559 2631 genuisse:
608 2555 723 2611 noli
756 2554 1046 2624 laborare;
1082 2556 1363 2612 conﬁteor
1384 2557 1904 2612 omninoincorru-

252 2645 543 2719 ptibiliter
563 2646 837 2717 genuisse
868 2644 1049 2700 Deum
1084 2646 1311 2701 Patrem
1345 2647 1443 2701 sed
1479 2646 1632 2717 quod
1664 2651 1752 2702 est
1782 2647 1907 2717 ipse

253 2735 556 2807 genuisse.
592 2737 808 2791 Iterum
841 2734 995 2790 enim
1020 2735 1147 2790 dico
1200 2735 1316 2802 hic,
1360 2737 1513 2808 quod
1560 2736 1723 2793 vobis
1756 2754 1907 2807 sape

256 2826 575 2880 dicendum
606 2828 694 2880 est
728 2840 740 2879 :
767 2827 880 2879 Aut
910 2826 980 2879 de
1010 2824 1208 2895 aliqua
1230 2825 1560 2881 substantia
1599 2830 1773 2881 natus
1821 2830 1910 2882 est

260 2914 364 2971 Dei
395 2914 574 2969 Filius
596 2918 698 2969 aut
728 2915 796 2970 de
827 2912 1005 2968 nulla.
1041 2914 1099 2969 Si
1134 2915 1203 2969 de
1228 2914 1409 2983 nulla,
1433 2932 1567 2987 ergo
1600 2917 1669 2970 de
1693 2915 1905 2983 nihilo;

258 3005 421 3076 quod
454 3020 551 3059 vos
612 3020 716 3058 nos
748 3003 936 3057 dicere
959 3004 1083 3074 jam
1130 3007 1419 3059 tenemus.
1470 3004 1527 3059 Si
1550 3004 1769 3075 aliqua,
1808 3021 1909 3060 nec

257 3098 460 3149 tamen
493 3093 563 3147 de
596 3090 799 3157 Patris,
836 3108 950 3147 non
976 3108 1146 3147 verus
1188 3098 1277 3147 est
1298 3092 1495 3147 Filius.
1530 3093 1584 3147 Si
1609 3093 1679 3149 de
1704 3093 1908 3162 Patris,

258 3181 443 3238 unius
472 3181 849 3252 ejusdemque
880 3180 1220 3235 substantia
1248 3186 1387 3236 sunt
1425 3186 1595 3237 Pater
1622 3188 1679 3237 et
1712 3181 1910 3238 Pilius.

259 3271 571 3339 Quomodo
614 3274 809 3325 autem
852 3268 999 3324 nihil
1033 3269 1175 3325 Filio
1210 3271 1516 3338 subtraxit,
1552 3276 1617 3325 ut
1663 3272 1830 3339 dicis,
1866 3270 1915 3326 si

258 3362 528 3433 ejusdem
562 3359 905 3416 substantia
937 3363 1047 3428 est;
1076 3365 1133 3415 et
1161 3364 1359 3415 tamen
1393 3361 1552 3416 mino
1582 3364 1670 3416 est
1699 3378 1804 3416 nec
1836 3361 1915 3417 si-

260 3456 367 3508 cut
396 3450 592 3505 infans
625 3464 849 3505 crecere
881 3448 1117 3520 potest?

337 3558 391 3612 5.
412 3556 543 3612 Jam
564 3572 696 3611 vero
720 3556 791 3610 de
811 3553 1249 3610 immortalitate
1266 3555 1649 3627 Dei,quianon
1666 3557 1919 3626 Patrem,

267 3646 373 3704 sed
408 3651 587 3699 Deum
612 3644 709 3716 qui
734 3648 788 3699 et
834 3647 1005 3698 Pater
1045 3648 1133 3699 est
1155 3648 1211 3698 et
1237 3643 1417 3699 Filius
1439 3649 1495 3699 ct
1514 3646 1764 3717 Spiritus
1786 3663 1919 3702 san-

270 3742 429 3804 ctus,
446 3732 636 3789 solum
666 3733 877 3787 habere
902 3732 1399 3788 immortalitatem
1423 3734 1567 3789 dixit
1589 3736 1919 3807 Apostolus,

271 3823 424 3882 satis
444 3822 713 3895 superius
740 3821 1049 3894 disputavi,
1067 3823 1300 3893 quando
1320 3822 1516 3894 ipsum
1540 3823 1924 3895 apostolicum

274 3910 684 3969 testimonium
715 3914 772 3966 et
800 3910 1194 3982 posuitotum,
1226 3916 1282 3967 et
1310 3912 1569 3983 exposui.

357 4029 410 4083 6.
438 4026 709 4099 Displicet
731 4027 860 4094 tibi,
903 4027 1056 4098 quod
1104 4026 1383 4098 aqualem
1403 4028 1559 4083 Patri
1608 4031 1929 4088 asserimus

282 4117 531 4174 Filium:
558 4115 727 4188 quasi
759 4115 945 4186 possit
987 4132 1114 4171 esse
1148 4116 1476 4187 inaqualis,
1510 4118 1609 4189 qui
1640 4136 1811 4174 verus
1843 4125 1933 4175 est

279 4206 486 4277 Filius,
523 4222 634 4261 non
667 4211 840 4260 natus
875 4221 943 4260 ex
971 4210 1253 4276 tempore,
1285 4208 1385 4261 sed
1411 4208 1669 4278 gignenti
1697 4214 1928 4264 coater-

280 4314 421 4361 nus,
450 4296 601 4351 sicut
624 4292 898 4367 splendor
918 4296 990 4350 ab
1022 4295 1154 4367 igne
1188 4296 1421 4367 genitus
1451 4298 1709 4368 gignenti
1743 4300 1929 4354 mani-

279 4387 533 4442 festatur
560 4402 866 4456 aquavus.
901 4385 1010 4439 Sed
1043 4385 1219 4451 habet,
1254 4384 1471 4456 inquis,
1507 4388 1608 4441 Dei
1636 4388 1807 4442 Filius
1826 4406 1931 4443 au-

278 4479 489 4531 ctorem
521 4478 740 4528 Patrem
792 4473 849 4526 Si
880 4477 1182 4545 propterea
1208 4472 1390 4527 Deum
1427 4474 1649 4529 Patrem
1684 4479 1798 4531 Deo
1842 4477 1931 4531 Fi-

277 4563 361 4619 lio
404 4563 553 4618 dicis
602 4568 921 4626 auctorem,
956 4561 1097 4632 quia
1147 4560 1243 4617 ille
1289 4562 1510 4633 genuit,
1554 4564 1788 4635 genitus
1847 4570 1936 4622 est

279 4652 419 4719 iste;
453 4652 590 4723 quia
621 4650 728 4706 iste
749 4652 819 4705 de
849 4650 947 4706 illo
979 4656 1089 4719 est,
1122 4667 1235 4705 non
1270 4649 1365 4705 ille
1388 4652 1458 4707 de
1488 4651 1633 4720 isto;
1668 4654 1850 4710 fateor
1881 4660 1936 4711 et
1986 4676 1989 4679 ν

282 4742 558 4799 concedo.
593 4741 651 4796 Si
683 4745 878 4795 autem
921 4756 1024 4811 per
1073 4756 1283 4795 nomen
1343 4742 1598 4796 auctoris
1649 4744 1934 4800 minorem

280 4832 374 4886 vis
406 4831 593 4885 facere
623 4829 833 4885 Filium
882 4833 1232 4899 Patremque
1271 4830 1576 4900 majorem,
1622 4848 1727 4888 nec
1780 4834 1936 4903 ejus-

248 4922 420 4995 ,dem
453 4920 795 4975 substantia
814 4918 1027 4973 Filium
1060 4919 1229 4988 cujus
1262 4924 1349 4973 est
1381 4919 1585 4988 Pater;
1610 4921 1939 4976 detestabor

282 5014 346 5066 et
376 5025 683 5080 respuam:
720 5008 858 5080 quia
887 5014 943 5064 et
964 5007 1121 5062 ﬁlius
1152 5006 1429 5078 hominis,
1448 5007 1506 5062 in
1541 5014 1824 5078 quantum
1850 5016 1940 5066 est

284 5098 468 5163 ﬁlius,
504 5097 680 5153 habet
709 5103 1003 5153 auctorem
1035 5097 1106 5152 de
1157 5113 1270 5168 quo
1324 5100 1498 5152 natus
1529 5101 1638 5167 est,
1672 5106 1893 5169 patrem
1922 5116 1935 5166 ;

285 5204 396 5243 nec
426 5192 617 5242 tamen
651 5187 779 5243 ideo
812 5204 925 5242 non
966 5192 1054 5241 est
1084 5186 1350 5257 ejusdem
1384 5186 1724 5241 substantia
1772 5190 1941 5259 cujus

285 5280 379 5332 est
409 5281 602 5347 pater;
636 5280 692 5331 et
721 5277 874 5348 quod
922 5275 1033 5331 iste
1088 5274 1299 5339 minor,
1336 5275 1523 5345 major
1572 5281 1662 5331 est
1690 5276 1806 5344 ille,
1836 5295 1939 5349 po-

284 5370 407 5421 test
436 5368 631 5419 tamen
664 5365 733 5420 ad
777 5366 1021 5420 formam
1056 5363 1241 5436 patris
1272 5362 1707 5435 valentiamque
1745 5382 1939 5436 perve-

286 5454 418 5511 nire
449 5454 782 5523 crescendo,
815 5455 875 5509 in
906 5471 1023 5526 qua
1052 5458 1278 5525 patrem
1302 5458 1608 5524 prepterea
1635 5471 1750 5509 non
1783 5456 1942 5511 omni

287 5542 467 5599 modo
522 5542 740 5599 invenit
796 5543 999 5613 talem,
1032 5542 1171 5616 quia
1229 5546 1286 5598 et
1343 5540 1443 5597 ille
1484 5542 1697 5598 defecit
1743 5560 1943 5601 senes-

286 5633 498 5688 cendo.
532 5633 625 5688 Sic
656 5632 812 5689 enim
839 5648 1072 5688 necesse
1113 5636 1200 5686 est
1245 5630 1504 5685 varietur
1535 5635 1700 5686 atate
1733 5638 1946 5690 morta-

285 5720 453 5792 litas,
481 5722 581 5777 ubi
610 5721 950 5794 temporalis
979 5727 1088 5787 est,
1113 5736 1229 5775 non
1257 5724 1472 5775 aterna
1501 5719 1793 5776 nativitas.
1820 5722 1945 5781 Non

288 5814 492 5869 autem
506 5809 609 5867 illa
628 5811 711 5869 sic
745 5817 854 5882 est,
878 5810 977 5867 ubi
1021 5825 1125 5865 nec
1149 5807 1362 5865 crescit
1403 5807 1605 5877 Filius,
1639 5825 1743 5865 nec
1774 5826 1946 5868 sene-

286 5898 407 5959 scit
425 5899 828 5961 Pater.Etideo
857 5900 1165 5960 amborum
1185 5913 1301 5955 non
1321 5897 1513 5971 impar
1532 5901 1623 5957 est
1638 5900 1949 5975 atas;quia

1610 460 1841 521 LIBER
1886 460 2322 525 SECUNDUS.

3537 470 3654 527 774

2004 594 2103 649 ubi
2125 598 2213 649 est
2234 595 2544 662 aternitas,
2578 611 2691 650 non
2715 598 2803 651 est
2825 599 2989 651 atas:
3030 595 3158 652 ideo
3187 597 3373 653 forma
3396 615 3512 653 non
3546 599 3653 654 im-

2003 700 2108 756 par
2135 685 2462 751 amborum;
2484 685 2761 756 quoniam
2783 701 2954 741 verus
2974 685 3176 755 Filius,
3202 686 3298 758 qui
3324 704 3435 743 non
3458 692 3521 743 ut
3546 706 3649 744 au-

2005 777 2239 844 geretur
2268 778 2356 829 est
2386 779 2578 837 natus,
2622 791 2694 829 ne
2740 780 3064 829 renameret
3094 777 3365 849 degener,
3409 779 3651 849 aqualis

2005 865 2093 917 est
2109 862 2403 917 natus.Sit
2424 878 2559 935 ergo
2581 862 2877 917 nativitate
2899 863 3158 919 humana
3177 865 3345 937 longe
3368 866 3568 922 melior
3597 873 3656 922 et

2005 950 2375 1006 excellentior
2402 952 2595 1006 divina
2626 951 2919 1017 nativitas,
2939 952 3367 1024 incorruptibili
3392 960 3450 1010 et
3479 956 3657 1012 invio-

2005 1039 2167 1094 labili
2194 1040 2563 1113 generatione
2598 1058 2609 1094 :
2641 1056 2756 1095 non
2788 1043 2984 1095 tamen
3004 1041 3083 1096 sit
3114 1043 3386 1109 deterior,
3421 1045 3661 1101 diversi-

2004 1132 2121 1184 tate
2152 1134 2392 1184 natura.

2074 1218 2127 1269 7.
2153 1218 2262 1274 Sed
2294 1220 2471 1273 vitam
2490 1220 2685 1285 Filius,
2724 1218 2933 1290 inquit,
2975 1221 3180 1289 accepit
3207 1237 3239 1274 a
3262 1226 3453 1277 Patre.
3483 1224 3655 1279 Acce-

2007 1305 2091 1377 pit
2108 1306 2260 1361 sicut
2287 1306 2520 1378 genitus
2543 1325 2576 1361 a
2600 1306 2893 1378 gignente.
2917 1307 3131 1374 Omnia,
3156 1309 3368 1380 inquit,
3399 1326 3524 1383 qua
3551 1312 3654 1366 ha-

2008 1395 2090 1449 bet
2120 1396 2299 1464 Pater,
2332 1413 2453 1451 mea
2480 1400 2610 1452 sunt
2640 1398 2815 1467 (Joan.
2854 1414 2967 1463 xvr,
2996 1397 3102 1467 15).
3127 1398 3337 1454 Omnia
3358 1415 3493 1472 ergo
3525 1417 3652 1472 qua

2007 1482 2185 1538 habet
2213 1485 2401 1551 Pater,
2438 1486 2597 1541 dedit
2628 1484 2723 1539 ille
2772 1485 3086 1557 gignendo,
3133 1488 3357 1559 accepit
3399 1490 3508 1545 iste
3546 1507 3651 1545 na-

2007 1572 2373 1628 scendo.Nec
2403 1574 2595 1628 dando
2626 1573 2719 1627 ille
2751 1574 3117 1645 amisitquod
3147 1576 3387 1643 habuit;
3423 1578 3654 1634 neciste

2008 1676 2140 1716 cum
2173 1668 2328 1717 esset
2358 1668 2414 1717 et
2444 1680 2558 1717 non
2582 1662 2817 1717 haberet
2832 1664 3049 1734 accepit
3072 1680 3085 1718 :
3112 1665 3208 1718 sed
3234 1664 3385 1720 sicut
3407 1665 3501 1722 ille
3520 1684 3650 1739 per-

2009 1755 2229 1810 mansit
2253 1754 2473 1810 habens
2508 1756 2724 1823 omnia,
2759 1772 2891 1810 cum
2923 1772 2989 1811 ea
3021 1774 3145 1827 qua
3179 1758 3351 1813 habet
3382 1759 3523 1815 Filio
3553 1760 3651 1815 de-

2010 1844 2155 1898 derit
2185 1844 2383 1899 omnia
2410 1864 2424 1907 ;
2458 1844 2539 1899 sic
2580 1844 2689 1898 iste
2738 1861 3035 1914 nunquam
3064 1846 3171 1899 fuit
3202 1848 3326 1902 sine
3358 1849 3652 1914 omnibus,

2009 1950 2132 2004 qua
2166 1951 2278 1988 non
2313 1933 2555 2005 egendo,
2591 1934 2690 1988 sed
2744 1935 3033 1989 nascendo
3078 1936 3298 2006 accepit
3330 1941 3392 1990 ut
3424 1937 3603 1993 Filius
3640 1954 3653 1993 :

2011 2022 2147 2093 quia
2178 2038 2481 2094 nunquam
2529 2022 2718 2093 potuit
2776 2036 2904 2076 esse
2954 2039 3067 2077 non
3102 2028 3296 2094 natus,
3330 2030 3384 2079 et
3434 2041 3502 2080 ea
3532 2026 3659 2082 sine

2012 2111 2227 2183 quibus
2278 2128 2393 2166 non
2453 2115 2542 2165 est
2592 2116 2787 2178 natus,
2823 2115 2877 2165 et
2908 2117 2997 2166 est
3042 2111 3431 2168 immutabilis
3461 2119 3655 2185 natus,

2011 2217 2242 2272 semper
2270 2200 2492 2267 habuit,
2522 2200 2660 2271 quia
2690 2216 2923 2271 semper
2952 2206 3039 2255 est
3070 2203 3333 2257 natus.Si
3366 2204 3520 2258 enim
3554 2202 3659 2258 ali-

2011 2290 2147 2361 quid
2180 2303 2380 2345 eorum
2423 2306 2550 2360 qua
2580 2288 2756 2343 habet
2792 2289 2955 2343 Pater
3001 2306 3115 2343 non
3164 2290 3323 2345 dedit
3356 2291 3517 2357 Filio,
3554 2291 3659 2346 fal-

2011 2395 2144 2433 sum
2176 2383 2264 2433 est
2285 2378 2435 2449 quod
2481 2377 2561 2432 ait
2589 2377 2768 2432 Filius
2803 2395 2815 2432 :
2853 2377 3049 2434 Omnia
3096 2394 3220 2449 quae
3269 2380 3430 2436 habet
3473 2383 3658 2449 Pater,

2010 2484 2135 2523 mea
2166 2472 2312 2523 sunt.
2355 2468 2464 2523 Sed
2494 2468 2630 2539 quia
2660 2483 2860 2522 verum
2893 2472 2982 2522 est
3013 2485 3253 2539 prorsus
3298 2472 3494 2526 omnia
3535 2487 3660 2542 qua

2012 2558 2189 2613 habet
2224 2558 2407 2619 Pater,
2447 2556 2623 2626 dedit,
2656 2559 2719 2610 ut
2760 2556 3038 2623 diximus,
3073 2556 3167 2613 ille
3197 2558 3510 2630 gignendo,
3564 2574 3661 2614 ac-

2014 2647 2166 2719 cepit
2194 2646 2303 2701 iste
2336 2645 2650 2700 nascendo.
2697 2648 2775 2699 Ac
2820 2661 2922 2716 per
2954 2645 3061 2700 hoc
3111 2646 3269 2701 dedit
3310 2646 3408 2702 ille
3456 2648 3654 2716 vitam,

2013 2736 2149 2807 quia
2179 2735 2379 2807 genuit
2406 2733 2851 2805 vitam;accipit
2910 2734 3018 2789 iste
3061 2735 3264 2799 vitam,
3298 2736 3436 2808 quia
3492 2745 3662 2792 natus

2014 2829 2101 2881 est
2130 2826 2283 2879 vita:
2318 2824 2365 2878 si
2404 2823 2614 2886 minor,
2644 2823 2691 2877 si
2725 2822 3008 2878 dccolor‘.
3043 2825 3089 2878 si
3124 2825 3369 2892 diversa,
3391 2843 3504 2881 non
3525 2840 3661 2898 ergo

2016 2931 2190 2986 quam
2228 2914 2393 2968 Pater
2424 2912 2630 2966 habuit
2676 2911 2827 2966 hanc
2873 2912 3032 2966 dedit
3064 2912 3223 2967 Filio.
3263 2919 3326 2967 Iit
3371 2915 3663 2985 quomodo

2014 3019 2213 3059 verum
2241 3008 2348 3069 est,
2376 3001 2572 3056 Omnia
2601 3016 2725 3074 quae
2763 3001 2923 3055 habet
2964 3004 3155 3075 Pater,
3184 3020 3302 3059 mea
3333 3003 3501 3059 sunt?
3548 3004 3660 3058 Sed

2018 3093 2150 3164 quis
2183 3092 2394 3146 audeat
2426 3091 2634 3157 dicere,
2668 3090 2879 3145 Verum
2930 3108 3043 3146 non
3095 3097 3185 3147 est
3226 3094 3382 3165 quod
3432 3092 3664 3148 Veritas

2018 3180 2201 3236 dixit?
2231 3182 2592 3250 Quapmpter
2621 3180 2761 3234 sicut
2800 3181 2961 3235 habet
2989 3182 3152 3235 Pater
3184 3184 3349 3236 vitam
3372 3184 3429 3236 in
3460 3189 3664 3237 semet-

2019 3273 2156 3342 ipso,
2188 3270 2270 3324 sic
2297 3269 2443 3323 dedit
2473 3277 2523 3323 et
2553 3270 2695 3323 Filio
2729 3271 2896 3323 vitam
2927 3270 3126 3326 habere
3154 3274 3211 3326 in
3241 3272 3532 3344 semetipso
3562 3270 3663 3343 (Id.

2018 3359 2210 3430 v.26).
2234 3359 2392 3413 Sicut
2409 3357 2581 3412 habet
2611 3358 2789 3425 dedit,
2838 3359 2991 3430 quod
3022 3359 3197 3415 habet
3224 3360 3403 3429 dedit,
3435 3359 3665 3432 qualem

2023 3449 2220 3515 habet,
2254 3446 2427 3501 talem
2460 3446 2656 3512 dedit;
2692 3451 2972 3517 quantam
3001 3447 3195 3515 habet,
3229 3453 3452 3504 tantam
3484 3448 3664 3504 dedit.

2025 3536 2243 3594 Omnia
2265 3552 2395 3608 qua
2420 3535 2594 3591 habet
2623 3535 2939 3602 Pater,Filii
2969 3537 3262 3593 sunt.Non
3285 3554 3421 3611 ergo
3443 3537 3667 3609 aliquid

2027 3629 2224 3682 minus
2271 3641 2443 3694 quam
2492 3625 2658 3679 Pater
2704 3625 2877 3681 habet
2935 3626 3075 3680 Filio
3126 3627 3323 3695 dedit;
3366 3644 3469 3682 nec
3519 3626 3664 3682 ami-

2029 3717 2105 3773 sit
2137 3717 2300 3771 Pater
2348 3715 2526 3768 vitam
2589 3730 2765 3785 quam
2821 3714 2962 3769 Filio
2995 3715 3173 3770 dedit.
3206 3716 3461 3772 Vivendo
3510 3715 3668 3772 enim

2028 3805 2236 3871 tenuit,
2272 3819 2447 3874 quam
2480 3803 2771 3874 gignendo
2803 3804 2979 3858 dedit.
3014 3803 3147 3859 Vita
3176 3809 3264 3859 est
3309 3809 3504 3859 autem
3547 3805 3673 3876 ipse

2030 3896 2215 3961 Pater,
2248 3893 2366 3947 vita
2394 3897 2483 3947 est
2504 3892 2627 3963 ipse
2658 3891 2854 3947 Filius.
2889 3893 2956 3946 Et
2986 3892 3081 3947 ille
3114 3893 3330 3965 quippe
3359 3899 3416 3948 et
3471 3895 3584 3949 iste
3612 3894 3673 3949 id

2031 3985 2206 4041 habet
2234 3982 2389 4055 quod
2420 3986 2476 4036 et
2505 3982 2663 4053 ipse”
2686 3999 2698 4037 :
2723 3982 2824 4036 sed
2857 3980 2953 4037 ille
2974 3983 3044 4037 de
3073 3982 3231 4037 nullo
3253 3983 3392 4049 vita,
3415 3982 3525 4038 iste
3555 3982 3677 4038 vita

2033 4075 2105 4130 de
2132 4074 2280 4139 vita;
2312 4072 2411 4126 sed
2435 4069 2567 4125 talis
2597 4070 2786 4141 qualis
2818 4070 2936 4137 illa,
2970 4074 3134 4126 tanta
3163 4076 3382 4143 quanta
3414 4072 3532 4143 illa,
3565 4072 3676 4126 hoc

2034 4161 2295 4218 omnimo
2328 4160 2482 4233 quod
2509 4158 2632 4224 illa;
2668 4160 2803 4229 quia
2835 4177 3003 4214 verus
3030 4165 3118 4216 est
3152 4160 3349 4227 Filius,
3385 4161 3522 4231 quia
3555 4175 3678 4232 per-

2034 4254 2319 4307 fectusest
2348 4248 2549 4312 Filius,
2583 4248 2720 4319 quia
2752 4266 2859 4302 non
2894 4254 2984 4303 est
3014 4248 3264 4320 degener
3301 4249 3373 4303 ab
3405 4265 3521 4303 uno
3562 4254 3677 4303 Deo

2034 4340 2200 4395 Patre
2231 4339 2382 4393 Deus
2416 4337 2621 4392 unicus
2649 4337 2848 4406 Filius,
2874 4337 3026 4391 Patri
3058 4353 3194 4409 ergo
3222 4336 3461 4408 aqualis
3482 4342 3571 4393 est
3592 4336 3680 4391 Fi-

2033 4430 2169 4484 lius.
2204 4426 2496 4497 Quidquid
2515 4442 2647 4480 eum
2682 4425 2826 4479 dicis
2859 4444 2889 4479 a
2925 4426 3412 4497 Patreaccepisse,
3432 4427 3681 4481 fatemur

2036 4523 2092 4574 et
2121 4534 2256 4572 nos:
2286 4530 2524 4588 prorsus
2548 4514 2714 4568 Pater
2744 4515 2920 4580 dedit,
2948 4515 3125 4570 Filius
3141 4516 3381 4587 accepit.
3404 4516 3514 4571 Sed
3544 4530 3681 4570 cum

2038 4609 2201 4663 Pater
2231 4605 2428 4660 omnia
2459 4619 2588 4674 qua
2618 4602 2793 4657 habet
2834 4603 3119 4674 gignendo
3168 4604 3347 4674 dedit,
3398 4604 3682 4676 aqualem

2038 4703 2242 4766 utique
2264 4691 2765 4765 genuit,quoniam
2793 4692 2933 4746 nihil
2962 4693 3155 4747 minus
3182 4693 3360 4748 dedit.
3385 4693 3684 4757 Quomodo

2038 4801 2174 4857 ergo
2205 4790 2266 4838 tu
2296 4782 2615 4851 dicis,quia
2644 4780 2741 4835 ille
2763 4781 2943 4847 dedit,
2971 4781 3065 4836 ille
3083 4782 3467 4853 accepit,ideo
3490 4797 3683 4852 aqua-

2038 4875 2151 4930 lem
2186 4871 2394 4927 Filium
2431 4870 2583 4924 Patri
2618 4886 2731 4924 non
2756 4886 2883 4924 esse
2908 4888 2919 4925 :
2944 4887 3077 4925 cum
3101 4888 3234 4926 eum
3267 4871 3359 4925 cui
3387 4871 3521 4925 data
3550 4873 3689 4925 sunt

2041 4962 2238 5020 omnia
2269 4967 2324 5015 et
2354 4960 2540 5030 ipsam
2574 4958 2965 5028 aequalitatem
2995 4960 3189 5015 videas
3219 4957 3539 5030 accepisse?
3561 4958 3683 5013 Sri-

2042 5059 2206 5126 ptum
2240 5054 2329 5104 est
2352 5048 2611 5119 quidem.
2639 5048 2866 5102 Beatum
2898 5058 2974 5103 est
2998 5049 3183 5116 magis
3213 5048 3342 5102 dare
3363 5065 3520 5119 quam
3539 5048 3687 5101 acci-

2040 5160 2167 5217 pere
2213 5144 2459 5209 (Actu,
2486 5140 2576 5209 35)
2612 5156 2626 5194 :
2671 5140 2770 5193 sed
2822 5140 2880 5193 in
2933 5141 3036 5194 hac
3080 5140 3198 5193 vita
3230 5138 3323 5193 ubi
3356 5143 3444 5192 est
3475 5135 3690 5208 inopia,

2043 5251 2158 5306 qua
2190 5232 2387 5300 utique
2446 5228 2650 5283 melior
2698 5232 2787 5283 est
2826 5230 3012 5299 copia,
3047 5228 3252 5283 Melius
3285 5227 3439 5281 enim
3472 5231 3561 5281 est
3590 5226 3691 5280 ha-

2043 5323 2198 5389 bere,
2226 5336 2403 5392 quam
2434 5334 2632 5389 egere;
2665 5322 2723 5371 et
2754 5317 2963 5372 melius
2994 5321 3083 5373 est
3111 5316 3348 5381 donare,
3392 5332 3568 5386 quam
3601 5332 3692 5370 ac-

2045 5409 2300 5483 cipere“;
2341 5422 2600 5478 erogare,
2632 5423 2807 5477 quam
2841 5407 3186 5461 mendicare.
3225 5404 3330 5460 Ubi
3364 5409 3558 5459 autem
3593 5404 3695 5476 qui

2045 5500 2224 5563 dedit,
2255 5496 2546 5569 gignendo
2576 5495 2767 5560 dedit;
2797 5500 2853 5550 et
2883 5495 2982 5567 qui
3016 5494 3259 5566 accepit,
3285 5494 3577 5549 nascendo
3600 5510 3695 5549 ac-

2046 5588 2229 5661 cepit:
2255 5602 2369 5640 non
2403 5584 2561 5655 inopi
2592 5584 2939 5640 subventum
2970 5590 3075 5655 est,
3102 5585 3202 5640 sed
3238 5584 3369 5655 ipsa
3398 5584 3566 5655 cepia
3596 5600 3693 5655 ge-

2046 5680 2248 5732 nerata
2276 5677 2385 5729 est.
2418 5672 2532 5727 Nec
2563 5677 2751 5744 potest
2782 5673 2879 5744 qui
2913 5674 3136 5746 accepit
3165 5673 3215 5729 ei
3250 5672 3351 5744 qui
3382 5672 3542 5728 dedit
3570 5688 3699 5728 esse

2113 5786 2127 5817 ί
2161 5780 2317 5836 Editi,
2351 5777 2586 5826 discolor.
2622 5778 2687 5827 At
2715 5779 2855 5838 Msa,
2888 5778 3107 5827 decolor.

2116 5846 2138 5881 ³
2169 5844 2255 5894 Sic
2281 5842 2403 5892 Mss.
2434 5840 2751 5905 Editivero,
2774 5841 2915 5905 quod
2939 5851 3012 5891 est
3042 5842 3166 5905 ipse.

2118 5909 2140 5945 ⁸
2167 5908 2287 5961 Am.
2315 5905 2413 5957 Err
2453 5908 2508 5955 et
2542 5903 2942 5968 Mss.omittunt,
2973 5903 3129 5971 quam
3162 5904 3426 5968 accipere;
3460 5913 3694 5967 erogare.
