4040 6506
425 431 545 492 775

425 561 753 633 inaequalis,
786 559 923 632 quia
942 560 1146 624 ethoc,
1172 558 1393 630 accepit
1411 562 1475 613 ut
1502 562 1656 614 esset
1684 556 1943 629 aequalis.
1972 557 2069 613 Ni-

429 653 513 709 hil
543 653 698 709 enim
731 653 896 708 Patre
939 652 1136 707 minus
1196 652 1367 706 habet
1403 650 1498 706 ille
1529 650 1629 721 qui
1678 650 1837 715 dicit,
1871 650 2067 706 Omnia

428 760 549 815 quae
578 743 738 813 habet
772 746 953 811 Pater,
994 759 1120 798 mea
1147 746 1293 797 sunt.
1325 742 1583 812 [Equalis
1613 746 1701 797 est
1729 740 1926 813 igitur.
1959 740 2065 796 Sed

425 832 561 905 quia
587 833 935 903 semetipsum
967 831 1299 899 exinanivit,
1339 833 1575 901 formam
1603 832 1748 885 servi
1774 832 2067 901 accipiens,

429 938 544 978 non
585 924 831 978 formam
862 922 963 979 Dei
987 922 1273 993 perdens;
1330 921 1409 976 ita
1441 920 1629 975 factus
1660 923 1748 975 est
1775 920 1834 974 in
1864 921 2068 976 eadem

422 1014 575 1069 servi
607 1014 793 1070 forma
823 1013 1080 1070 obediens
1126 1029 1295 1084 usque
1323 1012 1395 1067 ad
1442 1016 1674 1067 mortem
1704 1013 1881 1066 crucis
1915 1011 2069 1083 (Phi-

422 1101 555 1174 lipp.
588 1120 650 1173 ιι,
679 1106 738 1170 7,
766 1103 922 1174 8),in
954 1119 1071 1173 qua
1101 1101 1273 1173 paulo
1304 1101 1501 1156 minus
1532 1101 1853 1156 minoratus
1885 1104 1975 1155 est
1992 1101 2065 1156 ab

418 1193 660 1264 Angelis
690 1193 862 1264 (Psat.
895 1209 1016 1260 VIII,
1048 1192 1124 1263 6),
1160 1197 1224 1246 ut
1252 1191 1402 1246 Patri
1434 1192 1492 1246 in
1526 1189 1713 1246 forma
1742 1191 1839 1247 Dei
1875 1207 2069 1247 mane-

418 1288 508 1340 ret
539 1282 778 1354 aequalis
803 1299 815 1338 :
842 1285 980 1355 quia
1009 1299 1122 1337 non
1147 1285 1234 1336 est
1263 1282 1444 1336 forma
1466 1280 1566 1336 illa
1596 1280 1919 1337 mutabilis.

490 1373 546 1429 8.
579 1375 726 1440 Quid
758 1375 955 1445 itaque
987 1373 1199 1428 mirum
1232 1378 1339 1443 est,
1373 1373 1423 1428 si
1453 1390 1520 1428 ea
1551 1390 1678 1444 quas
1708 1388 2064 1428 commemo-

423 1482 540 1537 ras,
572 1465 731 1533 dicit,
765 1466 874 1533 Ego
923 1481 1041 1536 qua
1068 1465 1273 1536 placita
1302 1472 1430 1519 sunt
1461 1466 1637 1531 Patri,
1684 1466 1828 1535 facio
1856 1481 2067 1535 semper

420 1554 596 1625 (Joan.
626 1572 747 1621 vui,
778 1554 868 1622 29)
894 1559 984 1609 :et
1010 1562 1082 1608 ait
1114 1558 1564 1608 monumentum
1618 1553 1830 1623 Lazari,
1874 1559 2061 1624 Pater,

416 1645 625 1713 gratias
653 1659 755 1714 ago
785 1643 903 1712 tibi,
938 1644 1066 1714 quia
1095 1642 1302 1697 audisti
1330 1659 1449 1704 me;
1479 1646 1529 1697 et
1560 1659 1656 1713 ego
1686 1644 1920 1697 sciebam
1933 1645 2063 1713 quia

411 1748 629 1802 semper
657 1749 746 1787 me
801 1732 981 1799 audis,
1024 1732 1117 1787 sed
1152 1737 1378 1803 propter
1409 1748 1497 1787 eos
1555 1734 1653 1802 qui
1705 1734 2064 1788 circumstant

412 1823 551 1891 dixi,
584 1827 647 1877 ut
679 1821 900 1877 credant
922 1822 1052 1894 quia
1083 1830 1141 1876 tu
1160 1838 1247 1876 me
1267 1823 1473 1876 misisti
1491 1821 1589 1892 (Id.
1624 1839 1699 1891 χι,
1724 1822 1812 1887 41,
1846 1822 1935 1893 42)
1962 1839 1973 1877 :
2007 1826 2063 1877 et

411 1911 647 1979 iterum,
692 1912 771 1967 Me
798 1914 1005 1983 oportet
1048 1914 1270 1982 operari
1298 1927 1458 1983 opera
1505 1914 1622 1984 ejus
1654 1914 1750 1983 qui
1787 1928 1872 1968 me
1909 1914 2064 1969 misit

415 2000 515 2072 (Id.
549 2018 626 2069 1x,
653 2001 705 2072 4)
732 2018 745 2056 :
768 2005 827 2056 et
855 2004 1167 2072 antequam
1201 2018 1382 2072 panes
1414 2001 1721 2073 frangeret,
1746 2002 1911 2073 prius
1954 2004 2061 2057 Pa-

430 2093 506 2147 tri
533 2093 752 2161 gratias
780 2093 889 2162 egit
918 2091 1126 2162 (Matth.
1158 2108 1309 2159 xxvx,
1341 2093 1429 2159 26;
1464 2093 1873 2159 Mare.vm,6,et
1899 2094 2056 2148 Joan.

415 2199 491 2251 γι,
522 2180 648 2251 11)?
693 2182 752 2236 Si
787 2182 875 2236 bis
904 2185 1077 2253 atque
1108 2181 1446 2252 hujusmodi
1477 2182 1828 2238 testimoniis
1875 2182 1930 2237 id
1967 2200 2058 2238 os-

415 2275 653 2328 tendere
681 2272 984 2339 voluisses,
1019 2272 1173 2344 quod
1204 2272 1262 2326 in
1296 2274 1481 2327 forma
1495 2274 1643 2328 servi
1668 2272 1849 2329 Filius
1870 2273 2063 2330 minor

416 2366 504 2418 est
534 2367 725 2430 Patre,
755 2367 811 2418 et
844 2364 902 2418 in
924 2362 1049 2433 ipsa
1078 2364 1265 2418 forma
1298 2364 1392 2418 Dei
1427 2364 1537 2419 iste
1571 2365 1642 2419 de
1684 2363 1782 2419 illo
1814 2383 1928 2420 non
1962 2365 2059 2420 ille

415 2455 484 2511 de
511 2455 621 2510 isto
644 2460 751 2524 est;
788 2456 941 2526 quod
975 2472 1126 2526 saepe
1156 2454 1515 2527 significans,
1552 2456 1741 2511 multa
1786 2457 1865 2511 ita
1896 2457 2055 2528 dicit,

415 2549 480 2601 ut
508 2563 642 2601 eum
672 2563 789 2601 non
832 2545 1223 2617 intelligentes
1270 2546 1443 2601 etiam
1491 2546 1549 2601 in
1592 2548 1720 2616 ira
1759 2548 2059 2603 divinitate

416 2635 775 2690 arbitrentur
804 2634 1236 2689 minoremzsic
1279 2640 1503 2691 teneres
1548 2641 1763 2691 rectam
1796 2637 2056 2708 regulam

414 2723 570 2793 fidei,
605 2728 671 2779 ut
699 2740 816 2779 non
857 2723 1284 2780 contradiceres
1321 2724 1587 2793 veritati;
1638 2741 1741 2780 nec
1781 2742 1883 2798 per
1920 2724 2060 2781 talia

412 2812 753 2868 testimonia
781 2828 1149 2884 oppugnares
1194 2813 1593 2885 Evangelium,
1645 2822 1744 2870 sed
1800 2816 2055 2871 doceres.

413 2902 547 2967 Quae
577 2905 716 2957 sunt
742 2901 898 2955 enim
931 2901 1144 2972 placita
1160 2902 1501 2973 Patris,quaa
1525 2920 1637 2957 non
1662 2908 1802 2959 sunt
1823 2908 1879 2958 et
1900 2903 2059 2959 Filii?

415 2990 683 3045 autunde
701 2994 893 3062 potest
922 2991 1109 3045 facere
1141 2989 1339 3058 Filius,
1375 2991 1485 3046 nisi
1519 3008 1647 3062 quae
1673 2992 1886 3063 placita
1922 2999 2060 3047 sunt

415 3077 624 3145 Patris,
657 3096 691 3133 a
739 3095 855 3148 quo
905 3078 1080 3133 habet
1127 3079 1326 3134 omnia
1354 3080 1412 3134 in
1459 3079 1672 3150 quibus
1701 3080 1941 3152 aequalis
1972 3084 2060 3136 est

418 3166 616 3221 Patri?
646 3166 943 3230 Quomodo
962 3184 1075 3221 non
1110 3167 1328 3239 gratias
1360 3169 1482 3240 agit
1520 3168 1672 3223 Patri
1704 3170 1775 3224 de
1804 3186 1917 3241 quo
1948 3174 2056 3235 est,

419 3255 744 3327 praesertim
780 3255 838 3309 in
870 3255 1059 3310 forma
1089 3254 1259 3323 servi,
1301 3256 1360 3310 in
1404 3273 1521 3327 qua
1560 3256 1658 3313 illo
1690 3258 1884 3314 minor
1927 3258 2060 3314 est?

416 3344 713 3409 Quomodo
740 3361 853 3399 non
884 3344 1114 3399 Patrem
1146 3349 1310 3415 rogat
1349 3345 1610 3413 uthomo,
1646 3347 1749 3417 qui
1781 3364 1914 3402 cum
1945 3349 2056 3404 Pa-

412 3440 497 3489 tre
512 3434 747 3489 exaudit
768 3438 833 3489 ut
855 3433 1050 3489 Deus?
1077 3434 1217 3497 Quis
1238 3438 1433 3488 autem
1456 3434 1812 3491 christianos
1829 3437 2059 3508 ignorat

414 3523 567 3595 quod
591 3526 761 3578 Pater
780 3521 1373 3595 miserit,missusque
1399 3523 1476 3578 sit
1500 3523 1720 3580 Filius?
1744 3530 1867 3581 Non
1899 3528 2055 3582 enim

409 3611 729 3683 genitorem
757 3612 828 3666 ab
868 3628 933 3666 eo
965 3626 1138 3682 quem
1163 3613 1385 3683 genuit,
1411 3613 1511 3667 sed
1542 3614 1810 3684 genitum
1842 3632 1875 3670 a
1895 3616 2057 3687 geni-

407 3716 505 3755 ore
527 3700 678 3755 mitti
701 3701 1033 3772 oportebat:
1058 3717 1259 3756 verum
1284 3700 1404 3756 haec
1433 3718 1546 3757 non
1563 3708 1651 3758 est
1686 3704 2057 3776 inaequalitas

413 3789 886 3855 substantias,sed
910 3791 1050 3845 ordo
1083 3795 1333 3858 naturae;
1367 3807 1481 3846 non
1524 3793 1678 3862 quod
1726 3793 1869 3849 alter
1900 3794 2059 3865 prior

414 3882 570 3932 esset
600 3877 801 3945 altero,
834 3879 935 3934 sed
967 3879 1117 3950 quod
1165 3878 1313 3933 alter
1343 3884 1497 3934 esset
1537 3896 1603 3935 ex
1649 3880 1849 3938 altero.
1881 3884 2060 3955 Opor-

405 3965 567 4023 tebat
597 3983 751 4040 ergo,
784 3967 1010 4039 operari
1038 3984 1170 4023 eum
1202 3967 1299 4039 qui
1331 3968 1550 4023 missus
1589 3975 1680 4024 est
1708 3987 1882 4042 opera
1928 3973 2056 4043 ejus

407 4071 442 4111 a
463 4071 579 4126 quo
612 4056 829 4112 missus
862 4062 985 4112 est:
1011 4063 1066 4112 et
1087 4074 1213 4128 qua:
1231 4061 1370 4111 sunt
1390 4074 1565 4128 opera
1579 4057 1921 4131 Patris,quae
1939 4079 2056 4118 non

413 4150 639 4201 suntet
670 4145 827 4215 Filii;
862 4162 998 4203 cum
1046 4146 1203 4200 dicat
1249 4144 1401 4201 idem
1448 4146 1650 4214 Filius,
1702 4149 2059 4223 Quacumque

411 4239 581 4290 Pater
608 4237 765 4306 facit,
799 4236 913 4291 haec
939 4243 994 4291 et
1024 4235 1197 4292 Filius
1225 4235 1482 4290 similiter
1503 4238 1636 4307 facit
1658 4238 1833 4306 (Joan.
1858 4257 1909 4307 v,
1938 4241 2057 4309 19)?

413 4320 602 4393 Opera
616 4327 811 4378 tamen
836 4322 1021 4378 Patris
1052 4338 1180 4377 esse
1193 4322 1361 4378 dicit:
1388 4340 1499 4378 non
1520 4325 1672 4380 enim
1697 4326 2057 4384 obliviscitur

409 4426 443 4465 ο,
478 4426 593 4480 quo
628 4410 737 4479 sit;
764 4429 797 4466 a
820 4411 989 4466 Patre
1018 4411 1236 4483 quippe
1266 4410 1347 4465 illi
1371 4418 1537 4467 estut
1557 4420 1825 4485 cperator
1853 4417 2059 4473 talium

407 4514 649 4570 operum
682 4500 777 4555 sit.
804 4500 935 4555 Haec
982 4505 1177 4555 autem
1223 4517 1323 4555 vos
1347 4500 1425 4556 ita
1449 4502 1795 4576 intelligitis,
1826 4510 1890 4562 ut
1918 4507 2055 4565 hinc

404 4586 581 4641 etiam
604 4589 819 4659 putetis
847 4589 1072 4643 Patrem
1104 4588 1245 4644 Filio
1276 4605 1403 4645 esse
1425 4591 1727 4661 majorem,
1753 4596 1891 4666 quia
1913 4597 2056 4654 dixit

406 4692 704 4747 passerem
728 4696 842 4734 non
867 4679 1071 4733 cadere
1093 4678 1154 4732 in
1168 4682 1380 4733 terram
1405 4679 1527 4734 sine
1552 4681 1738 4738 Patris
1760 4685 2053 4745 voluntate

405 4765 623 4837 (Matth.
650 4767 845 4840 x,29);
885 4766 1055 4838 quasi
1086 4767 1256 4822 cadat
1285 4767 1409 4823 sine
1439 4769 1735 4826 voluntate
1769 4774 1916 4830 Filii.
1961 4783 2049 4833 Au

403 4873 589 4929 usque
620 4857 763 4912 adeo
795 4857 1081 4911 minorem
1102 4855 1279 4911 vultis
1294 4856 1524 4925 Filium,
1542 4864 1607 4913 ut
1627 4878 1741 4916 non
1758 4862 1970 4921 habeat
1992 4866 2051 4922 in

402 4950 689 5017 potestate
719 4963 824 5001 nec
854 4946 1275 5017 passeres‘t’Sed
1290 4945 1340 5000 si
1362 4962 1475 5001 non
1498 4947 1675 5004 vultis
1694 4950 1827 5008 huic
1841 4955 2049 5027 regulis

403 5036 797 5107 acquiescere,
832 5040 894 5089 ut
926 5034 1282 5105 ubicumque
1313 5034 1569 5106 legeritis
1616 5037 1674 5093 in
1708 5044 2050 5101 auctoritate

402 5125 733 5181 divinorum
766 5124 1149 5195 eloquiorum,
1173 5134 1318 5193 quoi
1354 5124 1545 5180 minor
1579 5130 1745 5185 Patre
1766 5132 1946 5189 Filius
1966 5136 2048 5190 vi-

403 5215 609 5269 deatur
625 5214 1063 5281 ostendi,autex
1084 5212 1273 5266 forma
1304 5213 1453 5267 servi
1486 5215 1704 5272 dictum
1727 5221 2045 5295 accipiatis,

398 5301 460 5358 in
483 5320 599 5373 qua
626 5319 757 5358 vere
787 5302 981 5357 minor
1010 5307 1099 5356 est
1132 5300 1331 5369 Patre;
1365 5306 1465 5357 aut
1495 5303 1623 5360 ideo
1655 5307 1898 5380 dictum,
1933 5329 2047 5383 quo

399 5406 515 5445 non
529 5392 963 5446 demonstretur
986 5390 1173 5459 major
1191 5388 1277 5445 vel
1300 5390 1492 5446 minor
1512 5392 1668 5450 ullus
1690 5413 1817 5453 esse
1843 5399 2043 5470 altero,

397 5480 499 5535 sed
531 5482 967 5535 demonstretur
996 5495 1124 5534 esse
1157 5478 1301 5534 alter
1332 5497 1399 5535 ex
1429 5481 1640 5537 altero:
1685 5486 1731 5539 si
1766 5486 1921 5556 huic,
1954 5489 2045 5545 in-

395 5569 933 5640 quam,rectissimaa
950 5566 1159 5641 regulae
1180 5585 1293 5623 nou
1313 5568 1487 5624 vultis
1500 5572 2044 5645 acquisscere;certe

392 5661 589 5713 tamen
606 5674 805 5714 verum
826 5658 922 5714 Dei
941 5658 1156 5713 Filium
1176 5657 1338 5712 nulla
1352 5658 1574 5715 ratione
1595 5662 1822 5731 dicetis,
1854 5667 1904 5720 si
1927 5685 2041 5724 non

393 5746 657 5818 ejusdem
688 5747 1050 5817 substantiae,
1068 5748 1240 5818 cujus
1253 5746 1424 5803 Pater
1448 5752 1557 5818 est,
1576 5766 1711 5807 eum
1740 5769 1868 5811 esse
1883 5757 2041 5814 dica-

390 5836 489 5894 tis.
523 5835 594 5894 Ut
622 5836 779 5894 enim
792 5836 1121 5895 humanum
1150 5834 1375 5908 aliquid
1395 5835 1587 5896 dicam
1614 5847 1853 5917 propter
1875 5844 2041 5905 inm».

461 5932 648 5996 'Editi,
675 5934 877 6002 quibus.
897 5934 1226 5989 Coneinnius
1256 5932 1409 6000 Msa,
1439 5948 1557 6001 quo.

909 428 1218 489 CONTRA
1260 425 1727 488 MAXIMINUM
1771 426 2244 489 ARIANORUM
2288 428 2758 509 EPISCOPUM,
2805 435 2869 493 S.
2917 434 3344 498 AUGUSTINI
3710 439 3815 498 7'16

2178 654 2235 704 et
2266 650 2443 718 filius,
2475 652 2552 707 sit
2581 654 2857 710 obediens
2877 656 2953 710 sit
2976 657 3122 727 patri
3161 656 3338 728 filius,
3363 662 3421 713 et
3450 659 3650 732 aliqua
3678 662 3811 716 exis-

2178 740 2338 794 tente
2367 757 2543 797 causa
2573 748 2735 815 roget
2764 750 3012 816 patrem,
3030 747 3247 817 gratias
3277 752 3412 818 agat
3436 748 3613 816 Patri,
3631 749 3811 822 aliquo

2179 826 2430 899 denique
2462 831 2731 887 mittatur
2759 850 2793 889 a
2824 839 3007 905 patre,
3042 834 3141 890 ubi
3174 852 3235 891 se
3264 836 3422 892 dicat
3452 854 3568 893 non
3598 840 3814 895 venisse

2176 915 2363 973 facere
2390 918 2747 977 voluntatem
2788 938 2978 991 suam,
3013 924 3112 979 sed
3165 925 3292 996 ejus
3339 942 3372 980 a
3430 943 3544 997 quo
3604 928 3812 985 missus

2176 1010 2295 1074 est;
2327 1010 2613 1080 numquid
2646 1010 2780 1067 hinc
2810 1013 3144 1068 ostenditur
3190 1030 3306 1069 non
3345 1016 3613 1087 ejusdem
3653 1018 3812 1089 cujus

2176 1098 2337 1165 pater
2366 1113 2495 1154 esse
2528 1098 2867 1156 substantiae
2888 1100 2915 1155 ?
2964 1102 3078 1157 Cur
3106 1117 3242 1176 ergo
3276 1104 3377 1159 ubi
3425 1105 3496 1160 de
3547 1104 3691 1161 Filio
3719 1106 3812 1163 Dei

2173 1182 2314 1238 talia
2341 1183 2557 1257 legitis,
2590 1186 2791 1243 statim
2842 1188 2902 1243 in
2951 1193 3181 1245 tantum
3226 1192 3600 1266 sacrilegium
3652 1196 3813 1252 corde

2173 1275 2347 1343 atque
2388 1290 2486 1329 ore
2532 1276 2829 1348 proruitis,
2862 1282 2927 1333 ut
2962 1279 3083 1335 veri
3130 1279 3257 1335 Filii
3290 1281 3389 1337 Dei
3426 1298 3608 1339 unam
3659 1300 3813 1341 eam-

2171 1360 2423 1433 demque
2452 1380 2585 1419 cum
2619 1364 2788 1421 Patre
2832 1367 3222 1424 substantiam
3259 1386 3374 1426 non
3405 1388 3535 1427 esse
3567 1374 3812 1431 credatis

2171 1455 2345 1522 atque
2377 1452 2621 1508 dicatis?
3198 1506 3205 1511 .

2239 1541 2292 1595 9.
2328 1540 2474 1608 Quid
2508 1543 2659 1614 quod
2701 1544 2876 1600 etiam
2915 1544 3060 1603 illud
3092 1552 3677 1608 commemorandum
3706 1570 3813 1625 pu-

2170 1630 2326 1697 tasti,
2362 1632 2516 1702 quod
2548 1632 3026 1690 manifestissime
3059 1642 3120 1693 ut
3172 1637 3347 1694 homo
3378 1639 3679 1711 loquitur:
3709 1645 3811 1699 Po-

2168 1722 2413 1775 testatem
2445 1720 2616 1778 habeo
2643 1724 2880 1793 ponendi
2909 1727 3159 1781 animam
3185 1744 3387 1797 meam,
3417 1738 3470 1785 et
3489 1737 3815 1802 potestatem

2170 1808 2335 1863 habeo
2366 1811 2568 1866 iterum
2591 1814 2849 1869 sumendi
2873 1830 3015 1870 eam.
3047 1816 3155 1871 Hoc
3183 1818 3331 1873 enim
3354 1825 3695 1891 praeceptum
3720 1839 3814 1878 ac-

2167 1898 2286 1967 cepi
2313 1916 2346 1953 a
2376 1901 2538 1955 Patre
2565 1904 2719 1956 meo?
2742 1903 2887 1967 Quid
2921 1902 3030 1959 hoc
3070 1905 3307 1975 adjuvat
3331 1923 3573 1964 causam
3602 1914 3765 1967 tuam
3786 1911 3814 1967 ‘t

2167 1986 2463 2058 Numquid
2497 1990 2651 2044 enim
2685 1990 2840 2046 aliud
2875 1992 3039 2060 dixit,
3076 1995 3211 2065 nisi,
3245 1995 3595 2054 Potestatem
3628 2000 3813 2058 habeo

2170 2076 2458 2132 moriendi
2490 2084 2548 2133 et
2578 2082 2947 2152 resurgendi?
2966 2082 3127 2146 Quod
3160 2084 3356 2156 itaque
3385 2087 3655 2151 ait.Nemo
3694 2108 3813 2147 eam

2167 2165 2317 2221 tollit
2354 2186 2388 2222 a
2417 2185 2523 2238 me,
2554 2170 2644 2225 sed
2673 2185 2770 2239 ego
2810 2186 2929 2226 eam
2956 2187 3097 2242 pono
3125 2190 3160 2228 a
3188 2191 3293 2241 me,
3326 2179 3378 2231 et
3422 2178 3625 2233 iterum
3656 2197 3815 2236 sumo

2165 2272 2290 2310 eam
2312 2256 2487 2327 (Joan.
2511 2274 2568 2323 x,
2602 2260 2709 2329 18);
2745 2259 2884 2330 quid
2919 2260 3169 2334 intelligi
3199 2262 3402 2333 voluit,
3436 2266 3549 2322 nisi
3597 2285 3658 2323 se
3697 2287 3816 2325 non

2166 2344 2345 2399 fuisse
2378 2346 2750 2414 moriturum,
2785 2348 2894 2403 nisi
2928 2350 3053 2421 ipse
3084 2349 3392 2408 voluisset?
3409 2353 3707 2427 Numquid
3732 2363 3819 2414 ta-

2166 2450 2297 2489 men
2325 2434 2437 2489 nisi
2470 2435 2644 2491 homo
2675 2443 2830 2493 esset
2856 2438 3003 2493 mori
3047 2444 3103 2494 et
3145 2456 3450 2513 resurgere
3479 2445 3819 2516 potuisset?

2165 2525 2259 2580 Sic
2288 2530 2482 2581 autem
2516 2526 2889 2583 introduxisti
2922 2527 3030 2584 hoc
3060 2530 3489 2599 testimonium,
3524 2540 3588 2590 ut
3619 2536 3823 2608 prelo-

2164 2615 2442 2685 quereris,
2476 2616 2696 2687 dicens,
2723 2618 2820 2672 Hic
2847 2634 2980 2673 sane
3007 2627 3057 2674 et
3084 2619 3150 2675 de
3175 2637 3277 2676 sua
3306 2627 3566 2692 potestate
3585 2642 3754 2697 quam
3784 2645 3821 2683 a

2160 2704 2325 2758 Patre
2376 2706 2576 2776 accepit
2634 2706 2862 2778 dicebat,
2901 2728 2928 2759 α
2976 2713 3304 2766 Potestatem
3350 2710 3520 2768 habeo
3568 2716 3813 2785 ponendi

2161 2809 2410 2848 animum
2440 2810 2634 2861 meam,
2666 2804 2717 2849 et
2744 2801 3064 2867 potestatem
3094 2800 3265 2854 habeo
3322 2800 3528 2857 iterum
3582 2820 3813 2860 sumen-

2160 2880 2221 2935 di
2243 2898 2399 2937 eam:
2435 2907 2457 2933 ι
2496 2886 2772 2954 tanquam
2805 2885 2852 2939 si
2902 2884 3073 2941 homo
3113 2903 3227 2943 non
3274 2894 3449 2955 esset,
3504 2892 3819 2961 positurus

2164 2974 2316 3024 esset
2345 2970 2622 3025 animam.
2655 2970 2729 3027 Ut
2754 2971 2926 3028 homo
2974 2989 3131 3044 ergo,
3178 2992 3296 3031 non
3331 2981 3394 3031 ut
3445 2977 3624 3051 Deus,
3661 2998 3825 3038 acce-

2164 3058 2249 3131 pit
2288 3061 2435 3116 hanc
2480 3065 2863 3132 potestatem:
2894 3065 3162 3133 quamvis
3215 3083 3330 3121 non
3379 3068 3612 3141 dixerit,
3656 3071 3824 3129 Hanc

2163 3154 2540 3219 potestatem;
2573 3151 2694 3218 sed,
2729 3151 2827 3207 hoc
2852 3163 3184 3226 praeceptum
3209 3158 3404 3229 accepi
3423 3174 3457 3212 a
3486 3164 3661 3216 Patre
3676 3178 3823 3219 meo.

2163 3240 2301 3306 Quis
2347 3245 2540 3297 autem
2591 3242 2811 3299 nesciat
2855 3243 3013 3299 aliud
3066 3261 3194 3301 esse
3242 3253 3623 3320 praeceptum,
3658 3252 3825 3308 aliud

2164 3329 2545 3399 potestatem?
2580 3330 2691 3385 [loc
2723 3330 2876 3385 enim
2910 3332 3196 3389 habemus
3225 3332 3283 3389 in
3316 3341 3620 3408 potestate,
3657 3342 3826 3412 quod

2163 3432 2294 3471 cum
2326 3416 2595 3474 volumus
2628 3436 2963 3491 possumus,
3000 3422 3353 3496 Praeceptum
3381 3443 3517 3483 vero
3550 3427 3610 3484 id
3645 3431 3829 3487 nobi-

2162 3521 2325 3560 scum
2358 3505 2501 3578 agit,
2525 3512 2590 3562 ut
2619 3509 2769 3578 quod
2794 3510 2919 3580 jam
2947 3514 3035 3566 est
3064 3510 3123 3565 in
3167 3518 3454 3585 potestate
3482 3517 3787 3577 faciamus
3811 3539 3827 3577 :

2164 3594 2211 3649 si
2253 3600 2447 3650 autem
2506 3598 2767 3652 nondum
2800 3606 2885 3654 est
2914 3598 2973 3654 in
3023 3605 3328 3672 potestate,
3361 3621 3599 3662 oremus
3642 3611 3832 3668 nobis

2161 3692 2507 3757 potestatem
2523 3689 2742 3755 dari,ut
2762 3691 2915 3761 quod
2939 3698 3295 3765 praeceptum
3319 3702 3409 3751 est
3428 3697 3828 3771 impleamus.

2162 3776 2441 3843 Quocirca
2472 3777 2519 3831 si
2553 3793 2621 3832 ea
2650 3795 2775 3850 quaa
2825 3785 3025 3851 aperta
3054 3787 3194 3838 sunt
3244 3784 3433 3842 velitis
3481 3792 3826 3864 attendere,

2164 3871 2227 3921 ut
2256 3867 2430 3922 homo
2462 3873 2762 3941 acceperat
2810 3869 2961 3926 hanc
3016 3878 3386 3944 potestatem.
3435 3877 3546 3933 Sed
3583 3889 3843 3954 propter

2162 3959 2555 4015 contentiosos
2592 3977 2697 4032 ego
2745 3962 2817 4016 ad
2867 3967 3181 4035 utrumque
3228 3966 3713 4028 concludam:Si
3770 3982 3842 4032 ut

2162 4047 2335 4104 homo
2368 4050 2589 4121 accepit
2618 4050 2766 4105 hanc
2800 4056 3167 4122 potestatem,
3200 4056 3348 4111 nihil
3389 4059 3496 4114 tibi
3535 4064 3838 4133 prodesse

2160 4137 2269 4193 hoc
2301 4138 2704 4194 testimonium
2737 4143 2793 4193 et
2813 4145 2874 4195 tu
2910 4141 3106 4210 vides;
3133 4143 3269 4213 quia
3300 4145 3349 4200 si
3380 4162 3449 4201 ex
3480 4147 3591 4204 hac
3622 4158 3837 4223 potes-

2160 4232 2275 4283 tate
2306 4246 2338 4283 a
2376 4232 2544 4284 Patre
2585 4235 2843 4301 accepta,
2894 4231 3181 4288 minorem
3232 4234 3400 4290 Patre
3450 4236 3669 4294 Filium
3740 4242 3836 4297 vis

2160 4317 2425 4388 probare,
2460 4334 2564 4373 nec
2595 4335 2701 4374 nos
2732 4319 3093 4388 dubitamus,
3123 4323 3274 4394 quod
3307 4323 3366 4379 in
3398 4332 3695 4396 quantum
3723 4331 3836 4388 ho-

2159 4422 2254 4462 mo
2305 4412 2393 4463 est
2448 4407 2736 4477 Christus,
2788 4409 2980 4465 minor
3017 4414 3107 4467 est
3154 4412 3356 4469 Patre:
3393 4416 3442 4470 si
3495 4423 3701 4474 autem
3759 4426 3839 4478 ut

2160 4499 2339 4553 Deum
2397 4498 2484 4552 vis
2544 4497 2836 4569 accepisse
2884 4498 3033 4554 hanc
3081 4504 3467 4571 potestamen.
3506 4506 3830 4580 gignendo

2156 4602 2292 4640 eum
2325 4586 2491 4641 Pater
2519 4585 2799 4657 aequalem
2827 4587 2963 4654 sibi,
2995 4588 3157 4644 dedit
3206 4590 3259 4646 ei
3292 4591 3558 4649 omnium
3612 4613 3837 4655 rerum

2157 4678 2403 4745 tantam,
2431 4680 2650 4745 quanta
2684 4675 2798 4747 ipsi
2830 4676 2986 4732 Patri
3007 4680 3141 4748 est‘,
3166 4684 3534 4749 potestatem.
3571 4684 3633 4741 Si
3656 4689 3837 4745 enim

2157 4764 2355 4819 minus
2384 4763 2556 4819 habet
2584 4766 2642 4819 in
2677 4769 2962 4836 potestate
2992 4765 3212 4839 aliquid
3258 4785 3434 4841 quam
3458 4771 3655 4845 Pater,
3692 4795 3832 4834 non

2156 4854 2431 4924 suntejus
2450 4853 2647 4909 omnia
2660 4869 2785 4925 quae
2803 4852 2978 4910 habet
2998 4854 3168 4911 Pater
3191 4873 3204 4911 :
3225 4858 3323 4913 sed
3340 4857 3478 4930 quia
3495 4862 3631 4933 ejus
3646 4873 3832 4938 sunt,

2152 4947 2377 4999 tantam
2426 4941 2627 5013 procul
2669 4943 2846 4998 dubio
2892 4942 3069 4999 habet
3119 4950 3469 5016 potestatem
3518 4960 3834 5022 quantam

2154 5033 2341 5088 Pater.
2388 5036 2746 5103 Praeceptum
2796 5048 3030 5105 quoque
3072 5040 3176 5089 aut
3227 5040 3292 5091 ut
3340 5036 3517 5095 homo
3557 5046 3835 5118 accepit,

2153 5127 2255 5177 aut
2311 5126 2377 5177 ut
2431 5121 2583 5177 Deus
2610 5140 2622 5178 :
2648 5121 2698 5176 si
2722 5124 2786 5176 ut
2837 5122 3033 5190 homo,
3067 5122 3229 5178 nulla
3258 5127 3505 5197 quaestio
3526 5135 3647 5200 est,
3674 5136 3837 5207 quia

2153 5215 2219 5266 ut
2283 5211 2477 5280 homo,
2530 5215 2620 5266 est
2676 5215 2845 5267 Patre
2908 5212 3140 5281 minor;
3203 5215 3343 5285 quia
3391 5223 3699 5279 nascendo
3770 5226 3839 5281 id

2152 5300 2391 5373 accepit,
2440 5317 2556 5356 non
2616 5300 2953 5373 indigendo.
3022 5304 3087 5355 In
3145 5301 3332 5359 Verbo
3404 5307 3567 5364 enim
3635 5314 3837 5371 unico

2150 5389 2251 5446 Dei
2291 5391 2488 5446 omnia
2535 5395 2819 5463 praecepta
2850 5394 2991 5446 sunt
3042 5390 3166 5464 Dei,
3214 5409 3342 5464 quae
3391 5395 3492 5452 ille
3551 5400 3838 5475 gignens

2150 5480 2308 5535 dedit
2364 5480 2617 5549 nacenti,
2694 5496 2808 5536 non
2858 5496 2993 5535 cum
3062 5481 3364 5552 genuisset
3421 5486 3665 5545 addidit
3727 5495 3838 5550 in-

2147 5569 2366 5642 digenti
2403 5586 2415 5625 :
2449 5586 2516 5625 ac
2563 5585 2666 5642 per
2712 5569 2826 5624 hoc
2870 5572 3099 5624 tantum
3149 5570 3354 5641 genuit
3411 5583 3686 5646 quantus
3732 5589 3837 5639 est

2145 5658 2291 5730 ipse;
2325 5657 2463 5730 quia
2496 5659 2565 5714 de
2597 5657 2787 5729 seipse
2806 5657 3009 5729 genuit
3029 5674 3232 5714 verum
3254 5659 3561 5732 Filium,et
3588 5672 3835 5741 perfec-

2143 5752 2271 5806 tum
2282 5748 2481 5822 genuit
2497 5746 2860 5821 plenitudine
2875 5746 3350 5819 divinitatis,non
3365 5754 3830 5825 perﬁciendum

2202 5935 2221 5976 ί
2250 5934 2396 6001 Msa,
2425 5938 2620 6003 quanta
2645 5933 2807 6002 ipsius
2823 5935 2898 5989 est
2922 5933 3116 5990 Patria.

3868 72 3987 467 ἦ]

2186 482 2241 488 _._
2289 482 2367 489 __
2391 482 2595 492 --.μη
2624 482 2758 509 ν.,.,
2806 482 2869 493 υ.
2917 482 3344 498 ..νυυυμηι
3721 482 3815 498 ..υ

2180 559 2440 617 mitatem
2473 564 2795 620 carnalium
2827 581 2839 621 :
2866 583 2999 622 cum
3033 566 3302 624 homines
3334 569 3448 625 duo
3480 574 3641 636 sunt,
3667 578 3815 643 pater

2180 654 2235 704 et
2266 650 2443 718 filius,
2475 652 2552 707 sit
2581 654 2857 710 obediens
2877 656 2953 710 sit
2976 657 3122 727 patri
3161 656 3338 728 filius,
3363 662 3421 713 et
3450 659 3650 732 aliqua
3678 662 3811 716 exis-
3962 482 3983 753 ι

3994 3420 3998 3601 l

3995 3844 3997 3883 4
