4040 6448
398 409 511 476 ’191
878 407 1193 474 CONTRA
1234 402 1701 472 MAXIMINUM
1748 396 2222 467 ABIANORUM
2263 396 2740 475 EPISCOPUM,
2786 402 2855 464 S.
2899 397 3326 465 AUGUSTI!“
3691 396 3814 459 792

396 546 782 620 vobis.Utique
808 545 869 602 in
899 545 1116 617 templo
1148 561 1253 601 suo
1286 544 1442 600 Deus
1466 540 1712 598 habitat:
1741 553 1877 594 nam
1903 536 2042 608 quid
2153 534 2298 591 deus
2326 539 2449 592 erat
2471 536 2663 603 (Exod.
2686 554 2789 605 xu,
2817 538 2870 606 1)
2899 552 2913 591 :
2939 535 3155 608 ubique
3177 534 3346 591 adest
3367 531 3623 606 Spiritus
3642 549 3820 590 sano-

400 642 490 695 est
520 636 805 709 templum
830 635 949 703 Dei,
974 634 1087 691 nisi
1109 632 1513 690 habitaculum
1539 629 1634 685 Dei
1656 632 1683 683 'I
1711 626 1922 682 Vidisti
1943 642 2046 681 au-
2160 627 2255 678 tus
2287 625 2355 678 ad
2384 624 2653 681 homines
2686 625 2745 681 in
2789 628 3066 681 aeternam
3097 625 3277 679 vitam
3308 623 3733 696 regnerandos,
3763 626 3825 679 et

402 731 522 784 tem
544 726 719 781 etiam
737 729 801 781 tu
834 729 1270 793 consequenter
1297 738 1426 778 esse
1458 726 1635 776 Deum
1670 722 1934 773 nostrum
1964 731 2059 770 cu-
2162 730 2273 769 non
2300 719 2386 769 est
2409 716 2491 770 eis
2514 714 2693 771 Deus!
2717 720 2839 771 lmo
2857 730 2990 771 vero
3008 718 3180 781 est,et
3201 718 3353 768 Deus
3369 729 3543 768 verus
3559 712 3825 785 est,quia

397 817 501 889 jus
532 831 737 871 sumus
768 813 1054 885 templum
1084 830 1097 868 :
1123 816 1179 867 et
1198 810 1439 867 noluisti
1463 808 1620 864 aliud
1651 804 2056 862 testimonium
2162 802 2278 858 veri
2310 803 2409 859 Dei
2447 805 2709 860 membra
2740 803 3029 875 templum
3061 805 3189 875 ejus
3220 806 3407 859 esl.Et
3442 802 3650 875 utique
3676 802 3822 858 sub-

406 918 867 962 commemorare
890 903 1044 975 quod
1070 900 1304 973 protuli,
1335 898 1560 955 Nescitis
1581 896 1711 969 quia
1731 909 1923 964 corpus
1947 907 2057 947 ves-

413 1002 561 1052 trum
587 993 859 1063 templum
889 993 949 1046 in
968 990 1121 1046 vobis
1145 989 1381 1061 Spiritus
1403 988 1581 1042 sancti
1600 991 1866 1054 est,quem
1891 981 2058 1036 habe-

2156 891 2381 962 jectum
2405 897 2493 948 est
2522 893 2806 966 templum
2841 892 2925 947 illi
2954 892 3121 962 cujus
3153 898 3245 948 est
3275 891 3559 962 templum
3612 907 3625 946 :
3669 908 3823 963 quo-

2168 982 2342 1035 modo
2360 997 2497 1053 ergo
2518 982 2672 1037 Deus
2710 999 2823 1037 non
2858 981 3065 1052 est,cui
3094 985 3235 1037 sunt
3265 981 3531 1036 membra
3555 980 3651 1035 Dei
3678 981 3822 1037 sub-

410 1084 487 1139 tis
517 1099 555 1137 a
586 1083 733 1138 Deo?
771 1081 903 1136 Jam
933 1096 1069 1152 ergo
1099 1079 1373 1134 conﬁtere
1403 1076 1585 1131 Deum
1616 1089 1746 1129 esse
1775 1069 2062 1143 Spiritum
2163 1070 2365 1140 jecta?
2392 1077 2470 1126 Ac
2501 1088 2601 1143 per
2632 1071 2738 1127 hoc
2768 1077 2825 1127 et
2855 1070 3139 1127 Dominus
3169 1073 3260 1125 est
3294 1068 3499 1142 templi
3527 1069 3620 1126 sui
3646 1084 3659 1123 :
3686 1069 3827 1142 quis

412 1170 921 1241 sanctum.Neque
952 1167 1249 1238 enim,nisi
1278 1170 1433 1223 esset
1462 1165 1635 1227 Deus,
1654 1161 1889 1216 haberet
1915 1162 2062 1214 tem-

408 1260 661 1335 plum,et
689 1258 974 1331 templum
1005 1274 1119 1312 non
1148 1251 1685 1318 manufactum,sed
1713 1248 2063 1305 aedificatum

416 1352 489 1407 de
518 1348 798 1406 membris
842 1348 941 1403 Dei
987 1364 999 1401 :
1051 1347 1298 1402 Christus
1345 1342 1501 1399 enim
1545 1357 1709 1415 super
1756 1339 1945 1394 omnia
1992 1339 2069 1393 est

414 1445 560 1499 Deus
591 1436 899 1494 benedictus
928 1438 989 1491 in
1015 1436 1217 1492 sacculo
1248 1435 1421 1504 (Rom.
1456 1450 1537 1497 ix,
1566 1432 1647 1500 5),
1679 1429 1849 1500 cujus
1880 1442 2066 1482 mem—

415 1529 523 1585 bra
570 1531 709 1583 sunt
756 1529 954 1581 nostra
985 1540 1245 1595 corpora.
1280 1523 1387 1589 Qui
1438 1521 1593 1577 enim
1641 1519 1805 1584 dixit,
1846 1517 2071 1573 Nescitis

418 1619 550 1691 quia
603 1632 796 1688 corpus
851 1620 1092 1671 vestrum
1172 1613 1435 1686 templum
1502 1612 1562 1667 in
1614 1610 1763 1666 vobis
1831 1607 2071 1679 Spiritus

419 1708 598 1765 sancti
625 1714 703 1763 est
750 1705 877 1777 ipse
935 1704 1102 1771 dixit,
1161 1702 1392 1759 Nescitis
1446 1702 1575 1772 quia
1629 1714 1859 1770 corpora
1895 1699 2075 1752 vestra

426 1799 680 1854 membra
710 1798 837 1850 sunt
870 1793 1077 1849 Christi
1104 1793 1150 1861 (Ι
1183 1792 1303 1848 Cor.
1348 1807 1426 1858 v1,
1478 1790 1563 1845 19.
1600 1789 1723 1859 15)?
1753 1788 1913 1842 Itane
1942 1800 2073 1840 vero

429 1885 523 1943 cui
580 1885 652 1941 de
722 1883 899 1956 lignis
964 1886 1020 1938 et
1094 1880 1388 1953 lapidibus
1439 1878 1711 1935 Salomon
1770 1872 2078 1929 aedificavit

429 1973 744 2045 templum,
776 1972 931 2028 Deus
962 1975 1071 2041 est,
1120 1975 1177 2025 et
1205 1969 1300 2025 cui
1342 1966 1624 2040 templum
1656 1964 1978 2021 aediﬁcatur
2006 1963 2077 2018 de

433 2061 719 2120 membris
759 2060 993 2128 Christi,
1044 2060 1152 2116 hoc
1194 2063 1305 2124 est,
1336 2058 1407 2113 de
1456 2054 1738 2112 membris
1772 2052 1890 2117 Dei,
1924 2052 2077 2108 Deus

434 2168 553 2208 non
585 2151 716 2207 est?
746 2165 879 2205 cum
914 2149 1156 2221 loquens
1188 2148 1258 2203 de
1291 2147 1406 2202 Deo
1450 2144 1829 2201 beatissimus
1861 2147 2079 2213 martyr

437 2240 774 2313 Stephanus
794 2239 1036 2293 dixerit:
1067 2238 1326 2293 Salomon
1345 2221 1636 2305 trdiﬁcavit
1655 2235 1707 2288 ei
1726 2234 1950 2287 domum
1961 2230 2084 2295 ;sed

436 2330 696 2386 Summus
716 2343 827 2383 non
856 2329 917 2382 in
944 2327 1281 2398 manufactis
1301 2325 1516 2396 templis
1538 2323 1816 2379 inhabitat
1836 2321 2077 2389 (Act.vn,

436 2420 526 2473 47.
550 2419 660 2489 48).
680 2417 751 2472 Et
765 2421 960 2471 tamen
981 2415 1194 2471 Christi
1227 2414 1554 2484 membra,q
1565 2427 1772 2467 uorum
1795 2414 1972 2482 caput
1993 2414 2083 2465 est

434 2523 613 2579 super
641 2521 845 2562 omnes
877 2504 1070 2571 caelos,
1103 2503 1385 2575 templum
1419 2506 1559 2557 sunt
1586 2500 1839 2571 Spiritus
1872 2497 2079 2567 sancti,

434 2612 611 2669 quem
640 2599 873 2650 constat
900 2592 1130 2649 venisse
1159 2593 1230 2648 de
1256 2592 1418 2647 cmlo.
1442 2592 1625 2647 Istum
1659 2604 1869 2661 negare
1899 2587 2079 2643 Deum

436 2685 577 2758 quid
609 2688 717 2749 est,
744 2683 854 2739 nisi
889 2699 1004 2739 non
1035 2698 1163 2737 esse
1194 2686 1253 2737 et
1282 2679 1434 2736 nolle
1463 2695 1591 2735 esse
1623 2676 1909 2749 templum
1927 2674 2083 2747 ejus?

439 2773 771 2845 Alloquitur
790 2788 897 2827 nos
918 2770 1230 2843 Apostolus
1250 2770 1449 2825 dicens
1474 2784 1487 2823 :
1516 2769 1744 2826 Obsecro
1765 2770 1949 2821 autem
1969 2781 2078 2821 vos.

435 2865 663 2936 fratres,
671 2877 767 2933 per
788 2862 1169 2916 miserationes
1190 2858 1304 2925 Dei,
1318 2862 1376 2913 ut
1397 2857 1699 2913 exhibeatis
1716 2871 1945 2927 corpora
1965 2869 2081 2910 ves-

436 2954 530 3006 tra
551 2952 787 3005 hostiam
804 2949 1394 3018 vivam,sanctam,Deo
1413 2943 2084 3018 placentem(Rom.xn,1).

439 3040 694 3111 Corpora
724 3038 921 3109 itaque
951 3037 1213 3093 fidelium
1246 3036 1442 3091 hostia
1471 3040 1610 3090 sunt
1640 3036 1776 3103 Deo,
1821 3034 2086 3089 membra

444 3128 682 3194 Christi,
716 3126 1000 3198 templum
1031 3125 1284 3198 Spiritus
1314 3125 1524 3191 sancti,
1556 3128 1613 3179 et
1652 3126 1800 3179 Deus
1834 3140 1948 3180 non
1997 3126 2087 3178 est

445 3216 701 3289 Spiritus
721 3213 1126 3279 sanctuleuis
1149 3214 1257 3269 hoc
1274 3213 1555 3280 dicit,nisi
1571 3213 1627 3267 in
1650 3230 1766 3285 quo
1785 3229 1898 3268 non
1924 3211 2087 3267 inha-

440 3306 624 3362 bitat?
647 3304 932 3371 Quoniam
956 3304 1015 3358 in
1035 3320 1151 3376 quo
1173 3302 1630 3373 babitat,utique
1650 3300 1934 3373 templum
1958 3302 2087 3372 ejus

439 3399 551 3451 est.
584 3394 845 3465 Denique
876 3410 1010 3448 cum
1043 3392 1288 3448 dixisset
1318 3390 1654 3464 Apostolus,
1686 3392 1924 3446 Nescitis
1955 3394 2088 3462 quia

434 3500 629 3557 corpus
659 3487 898 3540 vestrum
926 3483 1191 3554 templum
1222 3483 1281 3537 in
1312 3482 1457 3537 vobis
1484 3482 1726 3553 Spiritus
1764 3482 1944 3535 sancti
1985 3489 2084 3549 est,

441 3591 600 3647 quem
631 3574 839 3629 habetis
868 3589 902 3627 a
936 3573 1059 3638 Deo,
1092 3579 1141 3626 et
1178 3587 1288 3626 non
1317 3572 1444 3625 estis
1472 3571 1681 3626 vestri?
1721 3571 1894 3637 empti
1940 3571 2086 3623 enim

444 3665 576 3720 estis
600 3663 775 3733 pretio
805 3676 1006 3729 magno
1024 3678 1044 3720 .·
1075 3661 1352 3716 continuo
1376 3664 1612 3714 secutus
1638 3658 1929 3729 adjunxit,
1966 3657 2087 3713 Glo-

438 3752 655 3822 riﬁcate
682 3766 810 3821 ergo
843 3754 1027 3805 Deum
1050 3753 1109 3804 in
1131 3764 1357 3821 corpore
1388 3757 1561 3804 vestro
1583 3747 1855 3814 (lCor.v1,
1874 3748 1959 3818 19,
1973 3748 2083 3819 20).

438 3838 547 3895 Ubi
578 3838 831 3894 dilucide
859 3837 1115 3893 ostendit
1131 3838 1315 3892 Deum
1340 3852 1467 3892 esse
1487 3836 1769 3908 Spiritum
1794 3841 2086 3907 sanctum,

440 3926 889 4001 glorificandum
908 3925 1129 3981 scilicet
1150 3926 1208 3980 in
1232 3940 1472 3996 corpore
1493 3930 2006 3996 nostro,tanquam
2027 3924 2088 3980 in

439 4014 659 4087 templo
691 4031 818 4071 suo.
854 4016 919 4070 Et
959 4015 1113 4086 quod
1167 4013 1403 4070 Ananiae
1455 4014 1603 4069 dixit
1648 4013 1949 4086 apostolus
1981 4014 2090 4069 Pe-

439 4109 590 4174 trus,
622 4108 799 4161 Ausus
826 4121 882 4160 es
911 4104 1137 4160 mentiri
1165 4103 1410 4175 Spiritui
1438 4106 1621 4159 sancto
1642 4106 1667 4157 ?
1698 4112 1870 4174 atque
1900 4109 2091 4159 osten-

441 4195 586 4251 dens
622 4200 799 4251 Deum
830 4210 958 4250 esse
986 4193 1266 4266 Spiritum
1298 4197 1594 4261 sanctum,
1625 4191 1739 4249 Non
1767 4209 1844 4260 es,
1869 4192 2085 4264 inquit,

437 4283 755 4342 hominibus
782 4286 1066 4355 mentitus,
1098 4282 1189 4340 sed
1221 4284 1323 4339 Deo
1352 4283 1488 4355 (.lct.
1516 4299 1570 4351 v,
1602 4282 1658 4351 3,
1686 4282 1761 4353 4).

505 4374 560 4428 2.
596 4374 778 4430 Miror
807 4378 1001 4430 autem
1033 4390 1132 4429 cor
1173 4377 1458 4438 vestrum,
1500 4376 1788 4443 quantum
1820 4387 2089 4428 sermone

436 4462 723 4535 explicare
751 4479 867 4518 non
902 4479 1166 4535 possum,
1209 4462 1507 4534 quomodo
1537 4477 1671 4517 cum
1704 4461 1788 4516 sic
1835 4460 2087 4517 laudetis

433 4550 716 4624 Spiritum
747 4558 1037 4614 sanctum.
1073 4555 1139 4605 ut
1167 4566 1301 4606 eum
1343 4549 1784 4605 sanctificandis
1817 4548 2088 4605 ﬁdelibus

435 4640 655 4712 ubique
682 4640 957 4696 asseratis
987 4656 1114 4696 esse
1145 4644 1716 4710 praesentem,tamen
1745 4654 1958 4710 negare
1980 4656 2086 4694 au-

438 4730 625 4786 deatis
647 4730 850 4786 Deum.
872 4731 1032 4785 ltane
1054 4734 1203 4785 Deus
1228 4745 1342 4784 non
1365 4732 1473 4797 est,
1499 4728 1598 4799 qui
1623 4726 1865 4799 replevit
1886 4728 2085 4784 orbem

438 4823 729 4875 terrarum
751 4818 778 4873 ‘P
797 4818 1099 4891 Scriptura
1123 4817 1278 4874 enim
1310 4816 1452 4873 dicit
1472 4835 1484 4873 :
1503 4818 1741 4888 Spiritus
1761 4819 1981 4873 Domini
1998 4833 2086 4873 re-

433 4907 610 4980 plevit
639 4907 823 4964 orbem
855 4916 1134 4963 terrarum
1165 4907 1315 4978 (Sap.
1342 4906 1477 4977 1,7).
1502 4906 1609 4961 Sed
1642 4906 1779 4976 quid
1816 4906 2084 4962 dicamus

440 4998 593 5070 quod
629 4996 873 5069 replevit
901 4997 1124 5062 orbem,
1174 4996 1273 5066 qui
1306 4994 1546 5067 replevit
1575 4994 1733 5051 orbis
1762 4994 1937 5050 etiam
1970 4995 2082 5051 Re-

422 5085 846 5158 ‘demptorem?
894 5085 1178 5141 Dominus
1228 5083 1384 5140 enim
1422 5085 1576 5140 Iesus
1630 5085 1827 5156 plenus
1874 5083 2084 5156 Spiritu

433 5184 620 5232 sancto
648 5190 925 5247 regressus
952 5176 1029 5230 est
1057 5190 1091 5228 a
1118 5173 1360 5229 Iordane
1390 5174 1539 5245 (Luc.
1564 5190 1638 5243 Iv,
1666 5175 1720 5245 1)
1746 5175 1841 5230 :et
1862 5190 2080 5245 praesu-

432 5264 592 5320 mitis
619 5266 830 5331 dicere,
861 5262 999 5334 quia
1032 5263 1155 5333 ipse
1192 5262 1469 5317 Dominus
1489 5262 1666 5317 Jesus
1689 5261 1841 5317 Deus
1873 5266 2082 5332 erat,et

428 5353 685 5426 Spiritus
706 5357 945 5410 sanctus
970 5368 1084 5424 quo
1108 5350 1316 5423 plenus
1334 5355 1601 5416 erat,non
1624 5356 1747 5406 erat
1759 5351 1933 5419 Deus;
1956 5356 2075 5407 tam

428 5443 583 5497 male
606 5442 924 5498 sentientes
951 5441 1021 5497 de
1035 5441 1257 5513 Spiritu
1280 5444 1574 5506 sancto,ut
1596 5456 1711 5495 non
1735 5440 1783 5496 ei
1805 5440 2077 5498 tribuatis

427 5528 634 5586 saltem
659 5531 814 5603 quod
838 5531 1126 5587 tributum
1147 5534 1235 5585 est
1258 5529 1439 5601 Moysi
1462 5528 1679 5585 famulo
1705 5528 1932 5602 Dei,qui
1960 5546 2073 5586 non

428 5633 679 5674 munera
698 5620 1150 5691 gratiurum,sed
1175 5618 1480 5692 plagarum
1506 5617 1769 5690 prodigia
1786 5618 1845 5673 in
1870 5620 2072 5675 eodem

428 5706 649 5779 Spiritu
671 5709 1035 5779 sancto,quia
1057 5709 1179 5780 ipse
1196 5713 1286 5764 est
1305 5708 1513 5781 digitus
1526 5708 2074 5783 Dei(E;vod.vm,19),

433 5794 713 5869 [Egyptiis
740 5796 1061 5868 ingerebat,
1091 5801 1149 5852 et
1196 5802 1388 5853 tamen
1422 5797 1706 5853 Pharaoni
1742 5798 1885 5853 deus
1926 5803 2069 5856 erat.

436 5886 562 5943 Uno
590 5883 716 5944 loco
745 5889 871 5944 erat
898 5886 973 5943 ad
1003 5884 1347 5957 afﬂigendos
1374 5887 1688 5960 Egyptios,
1706 5890 1764 5945 et
1783 5888 2072 5949 Pharaoni

2169 1158 2324 1214 enim
2358 1159 2466 1214 hoc
2500 1165 2689 1233 neget,
2714 1160 2846 1231 quis
2876 1160 2957 1214 ita
2989 1158 3333 1231 desipiat,ut
3362 1157 3523 1213 dicat
3545 1174 3663 1213 non
3693 1172 3832 1214 esse

2169 1246 2418 1318 aliquem
2447 1249 2755 1305 dominum
2778 1249 2990 1304 domus
3012 1264 3129 1303 sum
3150 1247 3177 1302 ?
3209 1247 3508 1313 Quomodo
3529 1262 3665 1319 ergo
3696 1245 3829 1318 Spi-

2171 1338 2318 1392 ritus
2358 1343 2598 1394 sanctus
2642 1354 2757 1394 non
2788 1341 2878 1394 est
2920 1337 3223 1404 Dominus,
3267 1336 3369 1408 qui
3417 1335 3706 1391 Dominus
3737 1339 3834 1391 est

2172 1427 2567 1483 membrorum
2600 1426 2882 1483 Domini?
2911 1427 3042 1498 Ipse
3061 1430 3151 1482 est
3180 1425 3397 1498 quippe
3429 1424 3688 1496 Spiritus
3712 1424 3831 1480 Do-

2173 1515 2339 1583 mini,
2374 1516 2443 1572 de
2473 1533 2588 1588 quo
2619 1534 2735 1572 uno
2759 1516 3079 1587 eodemque
3109 1515 3235 1571 loco
3266 1515 3489 1569 dictum
3521 1518 3611 1570 est
3642 1530 3657 1570 :
3684 1517 3832 1570 Cum

2171 1613 2356 1661 autem
2403 1622 2689 1662 conversus
2733 1606 2906 1678 fuerit
2951 1605 3026 1660 ad
3058 1606 3372 1675 Dominum,
3419 1605 3706 1673 auferetur
3730 1619 3831 1660 ve-

2176 1695 2376 1751 lamen.
2411 1697 2674 1751 Dominus
2701 1699 2889 1751 autem
2915 1696 3161 1767 Spiritus
3208 1705 3326 1757 est;
3356 1693 3454 1749 ubi
3480 1696 3668 1750 autem
3696 1694 3833 1766 Spi-

2174 1785 2317 1840 ritus
2371 1786 2612 1853 Domini,
2644 1784 2725 1841 ibi
2754 1785 2985 1841 libertas
3014 1784 3089 1855 (II
3122 1782 3243 1840 Cor.
3277 1800 3363 1851 ιιι,
3398 1784 3485 1853 16,
3520 1784 3629 1853 17).

2246 1918 2299 1973 3.
2332 1918 2455 1973 Jam
2482 1923 2798 1974 creatorem
2823 1918 3095 1989 superius
3118 1917 3515 1973 demonstravi
3539 1916 3835 1989 Spiritum

2177 2012 2443 2063 sanctum
2470 2025 2483 2063 :
2508 2008 2803 2079 quomodo
2835 2012 3029 2063 autem
3064 2024 3162 2063 rex
3190 2022 3305 2062 non
3350 2011 3459 2071 est,
3483 2007 3653 2078 cujus
3682 2010 3835 2063 tem-

2179 2095 2343 2169 plum
2381 2102 2622 2168 estquae
2654 2096 2921 2153 membra
2968 2102 3107 2152 sunt
3150 2095 3352 2167 regis?
3382 2095 3683 2160 Quomodo
3716 2113 3838 2152 non

2180 2186 2454 2241 consedet
2503 2186 2655 2242 Patri
2712 2190 2770 2241 et
2814 2184 2979 2252 Filio,
3030 2184 3129 2256 qui
3175 2182 3417 2256 replevit
3466 2184 3700 2254 Filium,
3733 2185 3838 2256 qui

2182 2276 2443 2331 membra
2476 2274 2602 2330 Filii
2649 2292 2818 2331 suam
2870 2274 3132 2347 possidet
3177 2275 3416 2329 domum
3446 2273 3475 2329 ?
3517 2273 3641 2331 Nisi
3690 2274 3843 2331 forte

2183 2367 2416 2438 quando
2452 2365 2628 2422 Filius
2661 2382 2962 2438 regressus
2992 2369 3081 2421 est
3103 2382 3136 2420 a
3163 2363 3433 2431 Jordane,
3477 2364 3685 2437 plenus
3715 2370 3845 2420 erat

2181 2454 2398 2526 Spiritu
2435 2459 2674 2522 sancto;
2733 2458 2790 2508 et
2821 2452 3056 2524 quando
3102 2452 3303 2508 sedere
3335 2451 3508 2524 cepit
3536 2453 3607 2508 ad
3640 2453 3845 2508 dexte-

2185 2560 2309 2599 ram
2344 2542 2550 2611 Patris,
2575 2541 2823 2599 exclusit
2854 2559 2886 2597 a
2916 2558 2977 2597 se
3006 2541 3291 2613 Spiritum
3324 2541 3640 2597 sanctum?
3670 2541 3846 2597 Dein-

2183 2633 2255 2688 de
2285 2649 2417 2688 cum
2450 2634 2519 2688 de
2551 2632 2717 2688 Patre
2749 2630 3342 2704 procedat,quomodo
3365 2647 3496 2686 cum
3533 2631 3693 2686 Patre
3720 2648 3844 2687 non

2186 2722 2432 2777 sedeat?
2462 2723 2607 2779 Cum
2640 2722 2770 2793 ipsa
2800 2720 2986 2777 sessio
3018 2737 3133 2777 non
3180 2719 3257 2776 sit
3294 2720 3498 2791 utique
3529 2719 3846 2791 cogitanda

2184 2810 2532 2867 carnaliter:
2574 2810 2835 2882 alioquin
2868 2810 3162 2882 Opinaturi
3197 2826 3405 2865 sumus
3436 2808 3849 2866 honorabilius

2186 2899 2397 2955 Filium
2432 2901 2633 2956 sedere
2665 2916 2843 2971 quam
2880 2900 3145 2966 Patrem;
3186 2897 3591 2955 honorabilius
3622 2898 3845 2971 quippe

2187 2990 2426 3045 sedetur
2454 2990 2526 3044 ad
2558 2989 2854 3044 dexteram
2882 3004 2894 3043 :
2922 2994 2979 3043 et
3006 2986 3296 3043 videbitur
3315 3004 3443 3043 esse
3472 3002 3849 3059 consequens

2190 3084 2255 3133 ut
2282 3078 2450 3133 Pater
2472 3079 2669 3133 sedeat
2691 3078 2764 3133 ad
2794 3075 3118 3133 sinistram.
3143 3081 3443 3132 Postremo
3467 3075 3659 3147 qualis
3676 3078 3849 3134 vobis

2192 3167 2548 3240 persuaserit
2577 3166 2843 3239 spiritus,
2897 3171 2961 3221 ut
3000 3171 3201 3222 sancto
3251 3165 3494 3238 Spiritui
3544 3166 3852 3239 denegetis

2189 3258 2346 3329 quod
2378 3256 2593 3312 sanctis
2627 3256 2963 3311 hominibus
2989 3260 3193 3311 sancta
3224 3254 3525 3328 Scaiptura
3554 3256 3848 3324 concedit,

2188 3363 2291 3402 vos
2320 3345 2597 3401 videritis
2643 3345 2727 3402 Ait
2774 3345 2929 3400 enim
2979 3344 3301 3417 Apostolus
3355 3363 3367 3400 :
3420 3347 3563 3401 Cum
3612 3361 3857 3402 essemus

2196 3438 2405 3491 mortui
2429 3438 2687 3507 peccatis,
2719 3435 3121 3506 conviviftcavit
3148 3452 3249 3489 nos
3270 3436 3509 3500 Christo,
3530 3436 3687 3507 cuius
3717 3453 3857 3507 gra-

2189 3528 2266 3581 tia
2295 3541 2485 3580 sumus
2514 3526 2657 3580 salvi
2684 3526 2821 3593 farti
2843 3542 2866 3589 ,°
2893 3526 2943 3581 et
2969 3524 3140 3579 simul
3168 3526 3454 3594 excitavit,
3488 3527 3540 3580 et
3570 3525 3745 3580 simul
3768 3542 3858 3582 se-

2189 3615 2314 3670 dere
2336 3616 2465 3685 fecit
2496 3617 2555 3670 in
2582 3614 2888 3669 caelestibus
2922 3615 2983 3669 in
3015 3614 3226 3670 Christo
3254 3615 3382 3669 Iesu
3413 3614 3847 3687 (Ephes.n,5,6).

2192 3704 2389 3761 Sancti
2411 3720 2517 3775 ego
2541 3720 2690 3775 quos
2713 3702 3039 3760 sanctiﬁcat
3065 3703 3319 3775 Spiritus
3346 3702 3853 3771 sanctis,convivi-

2192 3792 2346 3849 ficati
2370 3792 2705 3863 Christo,ita
2734 3791 2911 3848 simul
2944 3793 3163 3848 sessuri
3196 3792 3588 3864 praadestinati
3610 3798 3851 3861 sunt,ut

2183 3882 2309 3953 jam
2329 3881 2545 3937 factum
2567 3881 2722 3937 dicat
2740 3880 3238 3953 Apostolus,quod
3259 3886 3481 3937 certum
3495 3886 3583 3937 est
3600 3882 3843 3938 adfutu-

2192 3987 2323 4026 rum
2340 3987 2353 4025 :
2370 3974 2426 4025 et
2443 3970 2549 4041 ipsi
2567 3969 2810 4042 Spiritui
2833 3974 3031 4026 sancto
3052 3970 3419 4027 subtrahitur
3441 3987 3474 4026 a
3489 3970 3652 4026 vobis
3675 3972 3847 4043 quis-

2192 4060 2326 4130 quis
2349 4063 2437 4115 est
2468 4059 2563 4114 ille
2585 4075 2919 4129 consessus,
2947 4064 3231 4132 tanquam
3270 4060 3470 4115 sedere
3505 4076 3639 4115 cum
3672 4060 3849 4118 Patre

2190 4148 2277 4203 vel
2310 4148 2454 4203 Filio
2505 4148 2910 4221 sitindignus,
2964 4149 3063 4220 qui
3112 4149 3313 4205 eadem
3355 4149 3491 4205 sede
3539 4148 3720 4204 efﬁcit
3753 4150 3847 4205 di-

2190 4236 2471 4309 gnos.Cui
2503 4238 2745 4292 movetis
2766 4237 2940 4293 etiam
2964 4239 3345 4309 quaestionem
3369 4238 3521 4309 quod
3556 4255 3673 4294 non
3696 4239 3843 4295 ado-

2191 4331 2369 4395 retur,
2402 4330 2460 4382 et
2489 4324 2596 4381 hoc
2628 4324 2830 4395 utique
2860 4325 3163 4381 simillimo
3194 4342 3409 4394 errore,
3438 4342 3571 4382 cum
3604 4325 3845 4400 legatis,

2192 4420 2256 4470 ut
2278 4417 2403 4486 jam
2433 4431 2612 4486 supra
2640 4414 2834 4486 docui,
2866 4432 2900 4471 a
2929 4416 3148 4471 sanctis
3174 4416 3350 4471 etiam
3402 4416 3668 4472 homines
3698 4417 3842 4473 ado-

2190 4509 2368 4560 ratos.
2403 4504 2469 4559 Et
2497 4510 2691 4560 tamen
2723 4509 2787 4559 ut
2816 4503 3094 4560 invidiam
3128 4504 3598 4577 blasphemantis
3624 4506 3843 4575 evites;

2190 4592 2274 4648 ita
2304 4594 2508 4649 laudas
2538 4594 2820 4665 Spiritum
2869 4598 3164 4659 sanctum,
3205 4599 3271 4649 ut
3326 4593 3553 4650 tribuas
3602 4594 3653 4651 ei
3683 4597 3840 4667 quod

2190 4699 2306 4737 non
2337 4682 2511 4738 habet
2541 4681 2660 4738 ulla
2689 4687 3040 4751 creatura,et
3064 4683 3333 4739 detrahas
3356 4683 3406 4740 ei
3439 4684 3591 4755 quod
3618 4685 3844 4758 adipis-

2191 4771 2342 4827 citur
2370 4776 2429 4828 et
2456 4772 2717 4827 humana
2747 4776 3032 4828 creatura.

2259 4906 2491 4962 CAPUT
2524 4906 2685 4962 XXII.
2720 4938 2788 4948 -
2819 4909 2870 4963 1.
2903 4907 3127 4963 Dixisse
3158 4924 3249 4965 me
3280 4909 3436 4980 quod
3476 4925 3837 4966 commemo-

2188 5011 2304 5063 ras,
2340 4995 2539 5067 fateor,
2563 5000 2619 5050 et
2650 5013 2807 5051 nunc
2836 4996 2986 5063 dico,
3012 4998 3167 5068 quod
3197 4997 3461 5053 Salvator
3491 5002 3690 5054 noster
3717 5015 3838 5055 non

2186 5082 2622 5157 dixerit,Utipsi
2647 5089 2703 5140 et
2733 5101 2838 5140 nos
2869 5103 3053 5141 unum
3080 5104 3093 5152 ;
3127 5086 3325 5155 sed,Ut
3356 5090 3464 5160 ipsi
3483 5094 3613 5144 sunt
3636 5104 3835 5145 unum.

2186 5178 2254 5229 Et
2282 5175 2353 5229 de
2385 5174 2477 5230 his
2510 5173 2857 5247 evangelicis
2904 5176 3097 5231 verbis
3130 5176 3272 5232 satis
3305 5194 3339 5232 a
3370 5193 3462 5233 me
3494 5176 3681 5233 recolo
3704 5177 3837 5247 jam

2186 5263 2366 5319 fuisse
2395 5278 2771 5335 responsum,
2794 5279 2927 5318 cum
2949 5265 3313 5321 ostenderem
3338 5265 3599 5323 refellere
3627 5270 3683 5322 te
3716 5282 3835 5323 non

2185 5353 2440 5424 potuisse
2472 5370 2595 5425 quae
2616 5351 3043 5417 dixi.Quoniam
3072 5354 3308 5425 poposci
3330 5359 3396 5409 ut
3419 5356 3704 5426 proferres
3727 5356 3830 5411 ubi

2182 5442 2601 5514 legeris,Unum
2623 5444 2769 5508 sunt,
2801 5441 3021 5496 dictum
3054 5457 3180 5499 esse
3210 5444 3283 5499 de
3322 5442 3617 5515 aliquibus
3650 5444 3828 5502 rebus

2181 5548 2309 5604 quia
2324 5548 2436 5587 non
2449 5535 2646 5588 essent
2659 5530 2832 5585 unius
2844 5530 3109 5599 ejusdem
3129 5550 3241 5604 que
3262 5534 3826 5608 substantiaazneque

2181 5618 2495 5693 protulisti.
2528 5619 2675 5683 Quid
2708 5618 2859 5675 enim
2918 5624 2973 5675 te
3016 5620 3275 5691 adjuvat,
3309 5622 3465 5693 quod
3497 5622 3829 5681 dilectionis

2180 5709 2562 5765 consensione
2580 5707 2838 5764 afﬁrmas
2856 5708 3077 5765 dictum
3096 5727 3224 5767 esse
3241 5711 3310 5767 de
3331 5710 3504 5767 Paulo
3524 5716 3581 5768 et
3596 5712 3825 5787 Apollo,

2179 5800 2296 5870 Qui
2317 5800 2535 5869 plantat
2556 5805 2738 5852 autem
2758 5801 2811 5853 et
2833 5799 2931 5870 qui
2949 5800 3295 5870 rigal,unum
3312 5804 3438 5856 sunt
3456 5801 3501 5874 (Ι
3525 5800 3824 5875 Cor.m,8);

2177 5904 2311 5947 cum
2341 5903 2439 5946 eos
2470 5902 2585 5945 non
2626 5886 2902 5947 ostendas
2946 5887 3190 5948 diversae
3226 5889 3409 5950 fuisse
3439 5890 3781 5951 substantiae
3800 5896 3831 5949 .9
