  <div class='ocr_page' id='page_1' title='image "/cluster/home/n/w/nwhite01/storage/ocr_20150623/42/umn.31951d02850084t/402.png"; bbox 0 0 4040 6440; ppageno 0'>
   <div class='ocr_carea' id='block_1_1' title="bbox 201 333 323 395">
    <p class='ocr_par' dir='ltr' id='par_1_1' title="bbox 201 333 323 395">
     <span class='ocr_line' id='line_1_1' title="bbox 201 333 323 395; baseline 0.008 -2"><span class='ocrx_word' id='word_1_1' title='bbox 201 333 323 395; x_wconf 81' lang='grc'><strong>’197</strong></span> 
     </span>
    </p>
   </div>
   <div class='ocr_carea' id='block_1_2' title="bbox 200 471 1843 547">
    <p class='ocr_par' dir='ltr' id='par_1_2' title="bbox 200 471 1843 547">
     <span class='ocr_line' id='line_1_2' title="bbox 200 471 1843 547; baseline -0.001 -20"><span class='ocrx_word' id='word_1_2' title='bbox 200 472 303 527; x_wconf 88' lang='lat' dir='ltr'><strong>sed</strong></span> <span class='ocrx_word' id='word_1_3' title='bbox 337 471 450 527; x_wconf 89' lang='lat' dir='ltr'><strong>alia</strong></span> <span class='ocrx_word' id='word_1_4' title='bbox 480 472 815 529; x_wconf 86' lang='lat' dir='ltr'><strong>testimonia</strong></span> <span class='ocrx_word' id='word_1_5' title='bbox 833 472 1031 528; x_wconf 92' lang='lat' dir='ltr'><strong>divina</strong></span> <span class='ocrx_word' id='word_1_6' title='bbox 1064 474 1374 547; x_wconf 80' lang='lat' dir='ltr'><strong>proferam,</strong></span> <span class='ocrx_word' id='word_1_7' title='bbox 1396 475 1611 547; x_wconf 90' lang='lat' dir='ltr'><strong>quibus</strong></span> <span class='ocrx_word' id='word_1_8' title='bbox 1634 480 1689 527; x_wconf 90' lang='lat' dir='ltr'><strong>te</strong></span> <span class='ocrx_word' id='word_1_9' title='bbox 1715 473 1843 527; x_wconf 90' lang='lat' dir='ltr'><strong>etin</strong></span> 
     </span>
    </p>
   </div>
   <div class='ocr_carea' id='block_1_3' title="bbox 202 562 1845 620">
    <p class='ocr_par' dir='ltr' id='par_1_3' title="bbox 202 562 1845 620">
     <span class='ocr_line' id='line_1_3' title="bbox 202 562 1845 620; baseline 0.001 -5"><span class='ocrx_word' id='word_1_10' title='bbox 202 562 318 617; x_wconf 85' lang='lat' dir='ltr'><strong>isto</strong></span> <span class='ocrx_word' id='word_1_11' title='bbox 349 578 541 617; x_wconf 90' lang='lat' dir='ltr'><strong>errore</strong></span> <span class='ocrx_word' id='word_1_12' title='bbox 556 562 1047 618; x_wconf 87' lang='lat' dir='ltr'><strong>detestabiliorem</strong></span> <span class='ocrx_word' id='word_1_13' title='bbox 1069 564 1627 620; x_wconf 68' lang='lat' dir='ltr'><strong>convincam‘.Nunc</strong></span> <span class='ocrx_word' id='word_1_14' title='bbox 1651 568 1845 617; x_wconf 88' lang='lat' dir='ltr'><strong>autem</strong></span> 
     </span>
    </p>
   </div>
   <div class='ocr_carea' id='block_1_4' title="bbox 206 651 1863 725">
    <p class='ocr_par' dir='ltr' id='par_1_4' title="bbox 206 651 1863 725">
     <span class='ocr_line' id='line_1_4' title="bbox 206 651 1863 725; baseline 0 -20"><span class='ocrx_word' id='word_1_15' title='bbox 206 656 265 706; x_wconf 89' lang='lat' dir='ltr'><strong>et</strong></span> <span class='ocrx_word' id='word_1_16' title='bbox 291 651 340 705; x_wconf 87' lang='lat' dir='ltr'><strong>si</strong></span> <span class='ocrx_word' id='word_1_17' title='bbox 368 669 543 723; x_wconf 84' lang='lat' dir='ltr'><strong>negas</strong></span> <span class='ocrx_word' id='word_1_18' title='bbox 568 652 883 705; x_wconf 85' lang='lat' dir='ltr'><strong>Dominum</strong></span> <span class='ocrx_word' id='word_1_19' title='bbox 907 652 1089 706; x_wconf 88' lang='lat' dir='ltr'><strong>Deum</strong></span> <span class='ocrx_word' id='word_1_20' title='bbox 1115 670 1242 707; x_wconf 85' lang='lat' dir='ltr'><strong>esse</strong></span> <span class='ocrx_word' id='word_1_21' title='bbox 1266 653 1541 725; x_wconf 81' lang='lat' dir='ltr'><strong>Spiritum</strong></span> <span class='ocrx_word' id='word_1_22' title='bbox 1568 656 1863 719; x_wconf 87' lang='lat' dir='ltr'><strong>sanctum,</strong></span> 
     </span>
    </p>
   </div>
   <div class='ocr_carea' id='block_1_5' title="bbox 205 740 1855 812">
    <p class='ocr_par' dir='ltr' id='par_1_5' title="bbox 205 740 1855 812">
     <span class='ocr_line' id='line_1_5' title="bbox 205 740 1855 812; baseline 0 -18"><span class='ocrx_word' id='word_1_23' title='bbox 205 744 401 795; x_wconf 84' lang='lat' dir='ltr'><strong>tamen</strong></span> <span class='ocrx_word' id='word_1_24' title='bbox 427 746 489 795; x_wconf 92' lang='lat' dir='ltr'><strong>ut</strong></span> <span class='ocrx_word' id='word_1_25' title='bbox 512 741 643 795; x_wconf 84' lang='lat' dir='ltr'><strong>istis</strong></span> <span class='ocrx_word' id='word_1_26' title='bbox 670 740 768 796; x_wconf 86' lang='lat' dir='ltr'><strong>Dei</strong></span> <span class='ocrx_word' id='word_1_27' title='bbox 796 741 1040 796; x_wconf 87' lang='lat' dir='ltr'><strong>vocibus</strong></span> <span class='ocrx_word' id='word_1_28' title='bbox 1062 743 1403 811; x_wconf 83' lang='lat' dir='ltr'><strong>conteraris,</strong></span> <span class='ocrx_word' id='word_1_29' title='bbox 1428 743 1571 797; x_wconf 89' lang='lat' dir='ltr'><strong>satis</strong></span> <span class='ocrx_word' id='word_1_30' title='bbox 1595 746 1683 797; x_wconf 89' lang='lat' dir='ltr'><strong>est</strong></span> <span class='ocrx_word' id='word_1_31' title='bbox 1704 740 1855 812; x_wconf 89' lang='lat' dir='ltr'><strong>quod</strong></span> 
     </span>
    </p>
   </div>
   <div class='ocr_carea' id='block_1_6' title="bbox 207 829 1865 901">
    <p class='ocr_par' dir='ltr' id='par_1_6' title="bbox 207 829 1865 901">
     <span class='ocr_line' id='line_1_6' title="bbox 207 829 1865 901; baseline -0.002 -17"><span class='ocrx_word' id='word_1_32' title='bbox 207 829 501 884; x_wconf 76' lang='lat' dir='ltr'><strong>Christum</strong></span> <span class='ocrx_word' id='word_1_33' title='bbox 538 829 846 883; x_wconf 91' lang='lat' dir='ltr'><strong>Dominum</strong></span> <span class='ocrx_word' id='word_1_34' title='bbox 877 830 1054 883; x_wconf 90' lang='lat' dir='ltr'><strong>Deum</strong></span> <span class='ocrx_word' id='word_1_35' title='bbox 1087 830 1382 885; x_wconf 87' lang='lat' dir='ltr'><strong>confiteris</strong></span> <span class='ocrx_word' id='word_1_36' title='bbox 1404 830 1532 901; x_wconf 91' lang='lat' dir='ltr'><strong>:qui</strong></span> <span class='ocrx_word' id='word_1_37' title='bbox 1566 830 1612 884; x_wconf 91' lang='lat' dir='ltr'><strong>si</strong></span> <span class='ocrx_word' id='word_1_38' title='bbox 1640 846 1749 885; x_wconf 92' lang='lat' dir='ltr'><strong>non</strong></span> <span class='ocrx_word' id='word_1_39' title='bbox 1775 834 1865 884; x_wconf 87' lang='lat' dir='ltr'><strong>est</strong></span> 
     </span>
    </p>
   </div>
   <div class='ocr_carea' id='block_1_7' title="bbox 210 918 1865 990">
    <p class='ocr_par' dir='ltr' id='par_1_7' title="bbox 210 918 1865 990">
     <span class='ocr_line' id='line_1_7' title="bbox 210 918 1865 990; baseline -0.001 -17"><span class='ocrx_word' id='word_1_40' title='bbox 210 934 346 973; x_wconf 93' lang='lat' dir='ltr'><strong>cum</strong></span> <span class='ocrx_word' id='word_1_41' title='bbox 379 919 543 973; x_wconf 81' lang='lat' dir='ltr'>Patre</span> <span class='ocrx_word' id='word_1_42' title='bbox 568 936 720 973; x_wconf 87' lang='lat' dir='ltr'><strong>unus</strong></span> <span class='ocrx_word' id='word_1_43' title='bbox 752 918 1028 972; x_wconf 83' lang='lat' dir='ltr'><strong>Dominus</strong></span> <span class='ocrx_word' id='word_1_44' title='bbox 1051 919 1224 990; x_wconf 85' lang='lat' dir='ltr'><strong>Deus,</strong></span> <span class='ocrx_word' id='word_1_45' title='bbox 1248 921 1361 974; x_wconf 91' lang='lat' dir='ltr'><strong>duo</strong></span> <span class='ocrx_word' id='word_1_46' title='bbox 1385 920 1607 973; x_wconf 85' lang='lat' dir='ltr'>domini</span> <span class='ocrx_word' id='word_1_47' title='bbox 1631 918 1709 972; x_wconf 91' lang='lat' dir='ltr'><strong>dii</strong></span> <span class='ocrx_word' id='word_1_48' title='bbox 1735 933 1865 972; x_wconf 88' lang='lat' dir='ltr'><strong>nos-</strong></span> 
     </span>
    </p>
   </div>
   <div class='ocr_carea' id='block_1_8' title="bbox 208 1007 1866 1077">
    <p class='ocr_par' dir='ltr' id='par_1_8' title="bbox 208 1007 1866 1077">
     <span class='ocr_line' id='line_1_8' title="bbox 208 1007 1866 1077; baseline 0 -16"><span class='ocrx_word' id='word_1_49' title='bbox 208 1008 284 1061; x_wconf 89' lang='lat' dir='ltr'><strong>tri</strong></span> <span class='ocrx_word' id='word_1_50' title='bbox 345 1013 535 1077; x_wconf 87' lang='lat' dir='ltr'><strong>erunt,</strong></span> <span class='ocrx_word' id='word_1_51' title='bbox 571 1012 628 1061; x_wconf 87' lang='lat' dir='ltr'><strong>et</strong></span> <span class='ocrx_word' id='word_1_52' title='bbox 684 1007 825 1061; x_wconf 79' lang='lat' dir='ltr'><strong>false</strong></span> <span class='ocrx_word' id='word_1_53' title='bbox 864 1008 971 1062; x_wconf 65' lang='lat' dir='ltr'><strong>illa:</strong></span> <span class='ocrx_word' id='word_1_54' title='bbox 1018 1008 1116 1063; x_wconf 86' lang='lat' dir='ltr'><strong>Dei</strong></span> <span class='ocrx_word' id='word_1_55' title='bbox 1162 1024 1329 1063; x_wconf 88' lang='lat' dir='ltr'><strong>voces</strong></span> <span class='ocrx_word' id='word_1_56' title='bbox 1377 1013 1568 1073; x_wconf 86' lang='lat' dir='ltr'><strong>erunt,</strong></span> <span class='ocrx_word' id='word_1_57' title='bbox 1602 1007 1866 1062; x_wconf 77' lang='lat' dir='ltr'><strong>Dominus</strong></span> 
     </span>
    </p>
   </div>
   <div class='ocr_carea' id='block_1_9' title="bbox 217 1097 1865 1167">
    <p class='ocr_par' dir='ltr' id='par_1_9' title="bbox 217 1097 1865 1167">
     <span class='ocr_line' id='line_1_9' title="bbox 217 1097 1865 1167; baseline 0 -15"><span class='ocrx_word' id='word_1_58' title='bbox 217 1102 362 1152; x_wconf 83' lang='lat' dir='ltr'><strong>Deus</strong></span> <span class='ocrx_word' id='word_1_59' title='bbox 390 1101 534 1164; x_wconf 82' lang='lat' dir='ltr'><strong>tuus,</strong></span> <span class='ocrx_word' id='word_1_60' title='bbox 562 1098 821 1150; x_wconf 77' lang='lat' dir='ltr'><strong>Dominus</strong></span> <span class='ocrx_word' id='word_1_61' title='bbox 851 1114 988 1151; x_wconf 81' lang='lat' dir='ltr'><strong>unus</strong></span> <span class='ocrx_word' id='word_1_62' title='bbox 1019 1103 1096 1151; x_wconf 76' lang='lat' dir='ltr'><strong>est</strong></span> <span class='ocrx_word' id='word_1_63' title='bbox 1122 1115 1133 1163; x_wconf 92' lang='lat'><strong>;</strong></span> <span class='ocrx_word' id='word_1_64' title='bbox 1170 1102 1242 1167; x_wconf 89' lang='lat' dir='ltr'><strong>et,</strong></span> <span class='ocrx_word' id='word_1_65' title='bbox 1280 1099 1394 1152; x_wconf 83' lang='lat' dir='ltr'><strong>Non</strong></span> <span class='ocrx_word' id='word_1_66' title='bbox 1423 1101 1505 1152; x_wconf 81' lang='lat' dir='ltr'><strong>est</strong></span> <span class='ocrx_word' id='word_1_67' title='bbox 1549 1097 1690 1151; x_wconf 84' lang='lat' dir='ltr'><strong>alius</strong></span> <span class='ocrx_word' id='word_1_68' title='bbox 1720 1110 1865 1167; x_wconf 67' lang='lat' dir='ltr'><strong>prae-</strong></span> 
     </span>
    </p>
   </div>
   <div class='ocr_carea' id='block_1_10' title="bbox 215 1186 1865 1256">
    <p class='ocr_par' dir='ltr' id='par_1_10' title="bbox 215 1186 1865 1256">
     <span class='ocr_line' id='line_1_10' title="bbox 215 1186 1865 1256; baseline -0.001 -15"><span class='ocrx_word' id='word_1_69' title='bbox 215 1190 302 1242; x_wconf 86' lang='lat' dir='ltr'><strong>ter</strong></span> <span class='ocrx_word' id='word_1_70' title='bbox 325 1200 429 1241; x_wconf 86' lang='lat' dir='ltr'><strong>me.</strong></span> <span class='ocrx_word' id='word_1_71' title='bbox 458 1186 565 1240; x_wconf 89' lang='lat' dir='ltr'><strong>Sed</strong></span> <span class='ocrx_word' id='word_1_72' title='bbox 592 1192 811 1256; x_wconf 81' lang='lat' dir='ltr'><strong>quanto</strong></span> <span class='ocrx_word' id='word_1_73' title='bbox 838 1186 1048 1241; x_wconf 76' lang='lat' dir='ltr'><strong>melius</strong></span> <span class='ocrx_word' id='word_1_74' title='bbox 1071 1192 1240 1240; x_wconf 80' lang='lat' dir='ltr'><strong>erunt</strong></span> <span class='ocrx_word' id='word_1_75' title='bbox 1270 1191 1462 1242; x_wconf 89' lang='lat' dir='ltr'><strong>vestra</strong></span> <span class='ocrx_word' id='word_1_76' title='bbox 1480 1186 1653 1241; x_wconf 83' lang='lat' dir='ltr'><strong>verba</strong></span> <span class='ocrx_word' id='word_1_77' title='bbox 1669 1200 1865 1240; x_wconf 88' lang='lat' dir='ltr'><strong>emen-</strong></span> 
     </span>
    </p>
   </div>
   <div class='ocr_carea' id='block_1_11' title="bbox 220 1274 1303 1346">
    <p class='ocr_par' dir='ltr' id='par_1_11' title="bbox 220 1274 1303 1346">
     <span class='ocr_line' id='line_1_11' title="bbox 220 1274 1303 1346; baseline 0 -17"><span class='ocrx_word' id='word_1_78' title='bbox 220 1275 381 1338; x_wconf 87' lang='lat' dir='ltr'><strong>data,</strong></span> <span class='ocrx_word' id='word_1_79' title='bbox 417 1291 591 1346; x_wconf 91' lang='lat' dir='ltr'><strong>quam</strong></span> <span class='ocrx_word' id='word_1_80' title='bbox 624 1274 724 1329; x_wconf 88' lang='lat' dir='ltr'><strong>Dei</strong></span> <span class='ocrx_word' id='word_1_81' title='bbox 758 1275 931 1329; x_wconf 87' lang='lat' dir='ltr'><strong>verba</strong></span> <span class='ocrx_word' id='word_1_82' title='bbox 963 1275 1303 1330; x_wconf 78' lang='lat' dir='ltr'><strong>mendacia?</strong></span> 
     </span>
    </p>
   </div>
   <div class='ocr_carea' id='block_1_12' title="bbox 285 1363 1869 1433">
    <p class='ocr_par' dir='ltr' id='par_1_12' title="bbox 285 1363 1869 1433">
     <span class='ocr_line' id='line_1_12' title="bbox 285 1363 1869 1433; baseline 0.001 -16"><span class='ocrx_word' id='word_1_83' title='bbox 285 1365 339 1418; x_wconf 88' lang='lat'><strong>2.</strong></span> <span class='ocrx_word' id='word_1_84' title='bbox 377 1363 594 1427; x_wconf 76' lang='lat' dir='ltr'><strong>Quaeris</strong></span> <span class='ocrx_word' id='word_1_85' title='bbox 631 1381 663 1418; x_wconf 88' lang='lat' dir='ltr'><strong>a</strong></span> <span class='ocrx_word' id='word_1_86' title='bbox 691 1380 781 1418; x_wconf 89' lang='lat' dir='ltr'><strong>me</strong></span> <span class='ocrx_word' id='word_1_87' title='bbox 804 1364 1257 1433; x_wconf 86' lang='lat' dir='ltr'><strong>utrum,Judaico</strong></span> <span class='ocrx_word' id='word_1_88' title='bbox 1286 1364 1443 1419; x_wconf 87' lang='lat' dir='ltr'><strong>modo</strong></span> <span class='ocrx_word' id='word_1_89' title='bbox 1465 1371 1513 1419; x_wconf 88' lang='lat' dir='ltr'><strong>te</strong></span> <span class='ocrx_word' id='word_1_90' title='bbox 1543 1365 1726 1418; x_wconf 79' lang='lat' dir='ltr'><strong>horter</strong></span> <span class='ocrx_word' id='word_1_91' title='bbox 1744 1378 1869 1433; x_wconf 86' lang='lat' dir='ltr'><strong>pro-</strong></span> 
     </span>
    </p>
   </div>
   <div class='ocr_carea' id='block_1_13' title="bbox 216 1451 1873 1525">
    <p class='ocr_par' dir='ltr' id='par_1_13' title="bbox 216 1451 1873 1525">
     <span class='ocr_line' id='line_1_13' title="bbox 216 1451 1873 1525; baseline 0 -18"><span class='ocrx_word' id='word_1_92' title='bbox 216 1451 365 1522; x_wconf 76' lang='lat' dir='ltr'><strong>ﬁteri</strong></span> <span class='ocrx_word' id='word_1_93' title='bbox 392 1468 568 1506; x_wconf 89' lang='lat' dir='ltr'><strong>unum</strong></span> <span class='ocrx_word' id='word_1_94' title='bbox 601 1452 767 1507; x_wconf 90' lang='lat' dir='ltr'><strong>Deum</strong></span> <span class='ocrx_word' id='word_1_95' title='bbox 793 1468 811 1511; x_wconf 85' lang='lat'><strong>;</strong></span> <span class='ocrx_word' id='word_1_96' title='bbox 843 1468 915 1505; x_wconf 86' lang='lat' dir='ltr'><strong>an</strong></span> <span class='ocrx_word' id='word_1_97' title='bbox 966 1452 1030 1507; x_wconf 86' lang='lat' dir='ltr'><strong>de</strong></span> <span class='ocrx_word' id='word_1_98' title='bbox 1054 1453 1392 1525; x_wconf 78' lang='lat' dir='ltr'><strong>subjeciione</strong></span> <span class='ocrx_word' id='word_1_99' title='bbox 1427 1452 1559 1506; x_wconf 80' lang='lat' dir='ltr'>Filii</span> <span class='ocrx_word' id='word_1_100' title='bbox 1584 1454 1767 1523; x_wconf 84' lang='lat' dir='ltr'><strong>potius</strong></span> <span class='ocrx_word' id='word_1_101' title='bbox 1794 1467 1873 1507; x_wconf 88' lang='lat' dir='ltr'><strong>se-</strong></span> 
     </span>
    </p>
   </div>
   <div class='ocr_carea' id='block_1_14' title="bbox 215 1540 1875 1612">
    <p class='ocr_par' dir='ltr' id='par_1_14' title="bbox 215 1540 1875 1612">
     <span class='ocr_line' id='line_1_14' title="bbox 215 1540 1875 1612; baseline -0.001 -17"><span class='ocrx_word' id='word_1_102' title='bbox 215 1540 457 1595; x_wconf 83' lang='lat' dir='ltr'><strong>cundum</strong></span> <span class='ocrx_word' id='word_1_103' title='bbox 494 1540 635 1612; x_wconf 87' lang='lat' dir='ltr'><strong>quod</strong></span> <span class='ocrx_word' id='word_1_104' title='bbox 664 1542 798 1611; x_wconf 84' lang='lat' dir='ltr'><strong>ﬁdes</strong></span> <span class='ocrx_word' id='word_1_105' title='bbox 829 1541 987 1595; x_wconf 83' lang='lat' dir='ltr'><strong>habet</strong></span> <span class='ocrx_word' id='word_1_106' title='bbox 1014 1540 1349 1609; x_wconf 81' lang='lat' dir='ltr'><strong>Christiana,</strong></span> <span class='ocrx_word' id='word_1_107' title='bbox 1382 1541 1704 1597; x_wconf 78' lang='lat' dir='ltr'><strong>ostendatur</strong></span> <span class='ocrx_word' id='word_1_108' title='bbox 1729 1555 1875 1594; x_wconf 89' lang='lat' dir='ltr'><strong>unus</strong></span> 
     </span>
    </p>
   </div>
   <div class='ocr_carea' id='block_1_15' title="bbox 214 1629 1867 1701">
    <p class='ocr_par' dir='ltr' id='par_1_15' title="bbox 214 1629 1867 1701">
     <span class='ocr_line' id='line_1_15' title="bbox 214 1629 1867 1701; baseline -0.002 -15"><span class='ocrx_word' id='word_1_109' title='bbox 214 1646 331 1686; x_wconf 83' lang='lat' dir='ltr'><strong>esse</strong></span> <span class='ocrx_word' id='word_1_110' title='bbox 364 1632 521 1694; x_wconf 90' lang='lat' dir='ltr'><strong>Deus,</strong></span> <span class='ocrx_word' id='word_1_111' title='bbox 556 1634 720 1701; x_wconf 83' lang='lat' dir='ltr'><strong>cujus</strong></span> <span class='ocrx_word' id='word_1_112' title='bbox 750 1630 929 1684; x_wconf 82' lang='lat' dir='ltr'><strong>Filius</strong></span> <span class='ocrx_word' id='word_1_113' title='bbox 956 1634 1143 1684; x_wconf 79' lang='lat' dir='ltr'><strong>noster</strong></span> <span class='ocrx_word' id='word_1_114' title='bbox 1169 1635 1250 1685; x_wconf 86' lang='lat' dir='ltr'><strong>est</strong></span> <span class='ocrx_word' id='word_1_115' title='bbox 1282 1634 1545 1685; x_wconf 88' lang='lat' dir='ltr'><strong>Deus.lta</strong></span> <span class='ocrx_word' id='word_1_116' title='bbox 1567 1630 1676 1685; x_wconf 90' lang='lat' dir='ltr'><strong>hoc</strong></span> <span class='ocrx_word' id='word_1_117' title='bbox 1698 1629 1867 1697; x_wconf 91' lang='lat' dir='ltr'><strong>dicis,</strong></span> 
     </span>
    </p>
   </div>
   <div class='ocr_carea' id='block_1_16' title="bbox 217 1718 1878 1789">
    <p class='ocr_par' dir='ltr' id='par_1_16' title="bbox 217 1718 1878 1789">
     <span class='ocr_line' id='line_1_16' title="bbox 217 1718 1878 1789; baseline -0.001 -16"><span class='ocrx_word' id='word_1_118' title='bbox 217 1718 391 1789; x_wconf 90' lang='lat' dir='ltr'><strong>quasi</strong></span> <span class='ocrx_word' id='word_1_119' title='bbox 435 1719 771 1774; x_wconf 68' lang='lat' dir='ltr'><strong>Judaaorum</strong></span> <span class='ocrx_word' id='word_1_120' title='bbox 825 1718 901 1774; x_wconf 85' lang='lat' dir='ltr'><strong>sit</strong></span> <span class='ocrx_word' id='word_1_121' title='bbox 957 1736 1084 1785; x_wconf 87' lang='lat' dir='ltr'><strong>vox,</strong></span> <span class='ocrx_word' id='word_1_122' title='bbox 1126 1719 1287 1785; x_wconf 85' lang='lat' dir='ltr'><strong>Audi,</strong></span> <span class='ocrx_word' id='word_1_123' title='bbox 1343 1718 1566 1780; x_wconf 84' lang='lat' dir='ltr'><strong>Israel;</strong></span> <span class='ocrx_word' id='word_1_124' title='bbox 1615 1720 1878 1774; x_wconf 90' lang='lat' dir='ltr'><strong>Dominus</strong></span> 
     </span>
    </p>
   </div>
   <div class='ocr_carea' id='block_1_17' title="bbox 217 1808 1878 1877">
    <p class='ocr_par' dir='ltr' id='par_1_17' title="bbox 217 1808 1878 1877">
     <span class='ocr_line' id='line_1_17' title="bbox 217 1808 1878 1877; baseline -0.002 -14"><span class='ocrx_word' id='word_1_125' title='bbox 217 1808 361 1863; x_wconf 85' lang='lat' dir='ltr'><strong>Deus</strong></span> <span class='ocrx_word' id='word_1_126' title='bbox 391 1817 537 1873; x_wconf 88' lang='lat' dir='ltr'><strong>tuus,</strong></span> <span class='ocrx_word' id='word_1_127' title='bbox 566 1808 827 1863; x_wconf 77' lang='lat' dir='ltr'><strong>Dominus</strong></span> <span class='ocrx_word' id='word_1_128' title='bbox 856 1824 1001 1863; x_wconf 86' lang='lat' dir='ltr'><strong>unus</strong></span> <span class='ocrx_word' id='word_1_129' title='bbox 1021 1814 1137 1875; x_wconf 84' lang='lat' dir='ltr'><strong>est;</strong></span> <span class='ocrx_word' id='word_1_130' title='bbox 1171 1814 1295 1872; x_wconf 89' lang='lat' dir='ltr'><strong>aut,</strong></span> <span class='ocrx_word' id='word_1_131' title='bbox 1323 1810 1429 1877; x_wconf 84' lang='lat' dir='ltr'><strong>Ego</strong></span> <span class='ocrx_word' id='word_1_132' title='bbox 1450 1825 1572 1862; x_wconf 90' lang='lat' dir='ltr'><strong>sum</strong></span> <span class='ocrx_word' id='word_1_133' title='bbox 1595 1809 1878 1876; x_wconf 80' lang='lat' dir='ltr'><strong>Dominus,</strong></span> 
     </span>
    </p>
   </div>
   <div class='ocr_carea' id='block_1_18' title="bbox 218 1896 1877 1969">
    <p class='ocr_par' dir='ltr' id='par_1_18' title="bbox 218 1896 1877 1969">
     <span class='ocr_line' id='line_1_18' title="bbox 218 1896 1877 1969; baseline -0.002 -17"><span class='ocrx_word' id='word_1_134' title='bbox 218 1898 274 1952; x_wconf 74' lang='lat' dir='ltr'><strong>et</strong></span> <span class='ocrx_word' id='word_1_135' title='bbox 302 1914 416 1953; x_wconf 88' lang='lat' dir='ltr'><strong>non</strong></span> <span class='ocrx_word' id='word_1_136' title='bbox 446 1900 521 1951; x_wconf 87' lang='lat' dir='ltr'><strong>est</strong></span> <span class='ocrx_word' id='word_1_137' title='bbox 553 1898 701 1952; x_wconf 83' lang='lat' dir='ltr'><strong>alius</strong></span> <span class='ocrx_word' id='word_1_138' title='bbox 744 1901 955 1969; x_wconf 67' lang='lat' dir='ltr'><strong>praeter</strong></span> <span class='ocrx_word' id='word_1_139' title='bbox 1002 1913 1105 1951; x_wconf 91' lang='lat' dir='ltr'><strong>me.</strong></span> <span class='ocrx_word' id='word_1_140' title='bbox 1158 1898 1287 1969; x_wconf 91' lang='lat' dir='ltr'><strong>Ipse</strong></span> <span class='ocrx_word' id='word_1_141' title='bbox 1331 1897 1485 1953; x_wconf 90' lang='lat' dir='ltr'><strong>Deus</strong></span> <span class='ocrx_word' id='word_1_142' title='bbox 1532 1897 1642 1951; x_wconf 91' lang='lat' dir='ltr'><strong>hoc</strong></span> <span class='ocrx_word' id='word_1_143' title='bbox 1690 1896 1877 1951; x_wconf 84' lang='lat' dir='ltr'><strong>dixit:</strong></span> 
     </span>
    </p>
   </div>
   <div class='ocr_carea' id='block_1_19' title="bbox 224 1986 1883 2058">
    <p class='ocr_par' dir='ltr' id='par_1_19' title="bbox 224 1986 1883 2058">
     <span class='ocr_line' id='line_1_19' title="bbox 224 1986 1883 2058; baseline -0.001 -17"><span class='ocrx_word' id='word_1_144' title='bbox 224 2002 502 2057; x_wconf 83' lang='lat' dir='ltr'><strong>agnosce,</strong></span> <span class='ocrx_word' id='word_1_145' title='bbox 535 1992 593 2041; x_wconf 91' lang='lat' dir='ltr'><strong>et</strong></span> <span class='ocrx_word' id='word_1_146' title='bbox 622 1992 782 2052; x_wconf 83' lang='lat' dir='ltr'><strong>tace;</strong></span> <span class='ocrx_word' id='word_1_147' title='bbox 816 1986 904 2041; x_wconf 86' lang='lat' dir='ltr'><strong>vel</strong></span> <span class='ocrx_word' id='word_1_148' title='bbox 940 1986 1137 2057; x_wconf 88' lang='lat' dir='ltr'><strong>potius</strong></span> <span class='ocrx_word' id='word_1_149' title='bbox 1171 1988 1429 2042; x_wconf 84' lang='lat' dir='ltr'><strong>edissere</strong></span> <span class='ocrx_word' id='word_1_150' title='bbox 1468 1986 1761 2058; x_wconf 90' lang='lat' dir='ltr'><strong>quomodo</strong></span> <span class='ocrx_word' id='word_1_151' title='bbox 1796 2001 1883 2040; x_wconf 89' lang='lat' dir='ltr'><strong>ve-</strong></span> 
     </span>
    </p>
   </div>
   <div class='ocr_carea' id='block_1_20' title="bbox 220 2074 1875 2147">
    <p class='ocr_par' dir='ltr' id='par_1_20' title="bbox 220 2074 1875 2147">
     <span class='ocr_line' id='line_1_20' title="bbox 220 2074 1875 2147; baseline 0 -18"><span class='ocrx_word' id='word_1_152' title='bbox 220 2091 357 2130; x_wconf 86' lang='lat' dir='ltr'><strong>rum</strong></span> <span class='ocrx_word' id='word_1_153' title='bbox 390 2075 619 2141; x_wconf 81' lang='lat' dir='ltr'><strong>dixerit,</strong></span> <span class='ocrx_word' id='word_1_154' title='bbox 651 2092 822 2147; x_wconf 85' lang='lat' dir='ltr'><strong>quem</strong></span> <span class='ocrx_word' id='word_1_155' title='bbox 857 2074 1054 2130; x_wconf 89' lang='lat' dir='ltr'><strong>nullus</strong></span> <span class='ocrx_word' id='word_1_156' title='bbox 1078 2080 1343 2131; x_wconf 88' lang='lat' dir='ltr'><strong>nostrum</strong></span> <span class='ocrx_word' id='word_1_157' title='bbox 1391 2076 1566 2130; x_wconf 90' lang='lat' dir='ltr'><strong>audet</strong></span> <span class='ocrx_word' id='word_1_158' title='bbox 1582 2075 1875 2130; x_wconf 87' lang='lat' dir='ltr'><strong>alIirmare</strong></span> 
     </span>
    </p>
   </div>
   <div class='ocr_carea' id='block_1_21' title="bbox 225 2163 1870 2235">
    <p class='ocr_par' dir='ltr' id='par_1_21' title="bbox 225 2163 1870 2235">
     <span class='ocr_line' id='line_1_21' title="bbox 225 2163 1870 2235; baseline -0.001 -16"><span class='ocrx_word' id='word_1_159' title='bbox 225 2166 562 2219; x_wconf 90' lang='lat' dir='ltr'><strong>mentitum.</strong></span> <span class='ocrx_word' id='word_1_160' title='bbox 594 2165 881 2229; x_wconf 83' lang='lat' dir='ltr'><strong>Edissere,</strong></span> <span class='ocrx_word' id='word_1_161' title='bbox 907 2164 1176 2235; x_wconf 88' lang='lat' dir='ltr'><strong>inquam,</strong></span> <span class='ocrx_word' id='word_1_162' title='bbox 1210 2165 1501 2235; x_wconf 90' lang='lat' dir='ltr'><strong>quomodo</strong></span> <span class='ocrx_word' id='word_1_163' title='bbox 1539 2180 1741 2219; x_wconf 89' lang='lat' dir='ltr'><strong>verum</strong></span> <span class='ocrx_word' id='word_1_164' title='bbox 1774 2163 1870 2229; x_wconf 87' lang='lat' dir='ltr'><strong>sit,</strong></span> 
     </span>
    </p>
   </div>
   <div class='ocr_carea' id='block_1_22' title="bbox 224 2252 1881 2318">
    <p class='ocr_par' dir='ltr' id='par_1_22' title="bbox 224 2252 1881 2318">
     <span class='ocr_line' id='line_1_22' title="bbox 224 2252 1881 2318; baseline -0.001 -9"><span class='ocrx_word' id='word_1_165' title='bbox 224 2254 490 2309; x_wconf 79' lang='lat' dir='ltr'><strong>Dominus</strong></span> <span class='ocrx_word' id='word_1_166' title='bbox 522 2255 659 2308; x_wconf 90' lang='lat' dir='ltr'><strong>Deus</strong></span> <span class='ocrx_word' id='word_1_167' title='bbox 688 2262 836 2318; x_wconf 88' lang='lat' dir='ltr'><strong>tuus,</strong></span> <span class='ocrx_word' id='word_1_168' title='bbox 871 2256 1143 2308; x_wconf 85' lang='lat' dir='ltr'><strong>Dominus</strong></span> <span class='ocrx_word' id='word_1_169' title='bbox 1171 2270 1312 2308; x_wconf 90' lang='lat' dir='ltr'><strong>unus</strong></span> <span class='ocrx_word' id='word_1_170' title='bbox 1342 2258 1419 2308; x_wconf 90' lang='lat' dir='ltr'><strong>est</strong></span> <span class='ocrx_word' id='word_1_171' title='bbox 1445 2272 1457 2311; x_wconf 91' lang='lat'><strong>:</strong></span> <span class='ocrx_word' id='word_1_172' title='bbox 1491 2254 1537 2308; x_wconf 91' lang='lat' dir='ltr'><strong>si</strong></span> <span class='ocrx_word' id='word_1_173' title='bbox 1557 2252 1881 2308; x_wconf 83' lang='lat' dir='ltr'><strong>dominidii</strong></span> 
     </span>
    </p>
   </div>
   <div class='ocr_carea' id='block_1_23' title="bbox 226 2342 1887 2413">
    <p class='ocr_par' dir='ltr' id='par_1_23' title="bbox 226 2342 1887 2413">
     <span class='ocr_line' id='line_1_23' title="bbox 226 2342 1887 2413; baseline -0.001 -16"><span class='ocrx_word' id='word_1_174' title='bbox 226 2343 435 2413; x_wconf 82' lang='lat' dir='ltr'><strong>nostri,</strong></span> <span class='ocrx_word' id='word_1_175' title='bbox 467 2347 529 2398; x_wconf 90' lang='lat' dir='ltr'><strong>ut</strong></span> <span class='ocrx_word' id='word_1_176' title='bbox 559 2342 773 2407; x_wconf 89' lang='lat' dir='ltr'><strong>dicitis,</strong></span> <span class='ocrx_word' id='word_1_177' title='bbox 804 2343 919 2397; x_wconf 90' lang='lat' dir='ltr'><strong>duo</strong></span> <span class='ocrx_word' id='word_1_178' title='bbox 951 2347 1110 2408; x_wconf 91' lang='lat' dir='ltr'><strong>sunt,</strong></span> <span class='ocrx_word' id='word_1_179' title='bbox 1147 2360 1301 2397; x_wconf 89' lang='lat' dir='ltr'><strong>unus</strong></span> <span class='ocrx_word' id='word_1_180' title='bbox 1336 2343 1541 2413; x_wconf 85' lang='lat' dir='ltr'><strong>major,</strong></span> <span class='ocrx_word' id='word_1_181' title='bbox 1576 2342 1729 2397; x_wconf 90' lang='lat' dir='ltr'><strong>alius</strong></span> <span class='ocrx_word' id='word_1_182' title='bbox 1777 2342 1887 2396; x_wconf 88' lang='lat' dir='ltr'><strong>mi-</strong></span> 
     </span>
    </p>
   </div>
   <div class='ocr_carea' id='block_1_24' title="bbox 226 2432 1889 2504">
    <p class='ocr_par' dir='ltr' id='par_1_24' title="bbox 226 2432 1889 2504">
     <span class='ocr_line' id='line_1_24' title="bbox 226 2432 1889 2504; baseline -0.002 -15"><span class='ocrx_word' id='word_1_183' title='bbox 226 2449 337 2489; x_wconf 88' lang='lat' dir='ltr'><strong>nor</strong></span> <span class='ocrx_word' id='word_1_184' title='bbox 367 2448 379 2487; x_wconf 89' lang='lat'><strong>:</strong></span> <span class='ocrx_word' id='word_1_185' title='bbox 414 2432 671 2487; x_wconf 86' lang='lat' dir='ltr'><strong>edissere</strong></span> <span class='ocrx_word' id='word_1_186' title='bbox 693 2432 986 2504; x_wconf 91' lang='lat' dir='ltr'><strong>quomodo</strong></span> <span class='ocrx_word' id='word_1_187' title='bbox 1020 2448 1219 2486; x_wconf 89' lang='lat' dir='ltr'><strong>verum</strong></span> <span class='ocrx_word' id='word_1_188' title='bbox 1251 2433 1345 2497; x_wconf 85' lang='lat' dir='ltr'><strong>sit,</strong></span> <span class='ocrx_word' id='word_1_189' title='bbox 1378 2433 1487 2501; x_wconf 85' lang='lat' dir='ltr'><strong>Ego</strong></span> <span class='ocrx_word' id='word_1_190' title='bbox 1528 2448 1651 2486; x_wconf 89' lang='lat' dir='ltr'><strong>sum</strong></span> <span class='ocrx_word' id='word_1_191' title='bbox 1701 2432 1889 2486; x_wconf 89' lang='lat' dir='ltr'><strong>Domi—</strong></span> 
     </span>
    </p>
   </div>
   <div class='ocr_carea' id='block_1_25' title="bbox 226 2518 1890 2591">
    <p class='ocr_par' dir='ltr' id='par_1_25' title="bbox 226 2518 1890 2591">
     <span class='ocr_line' id='line_1_25' title="bbox 226 2518 1890 2591; baseline -0.002 -15"><span class='ocrx_word' id='word_1_192' title='bbox 226 2538 356 2591; x_wconf 83' lang='lat' dir='ltr'><strong>nus,</strong></span> <span class='ocrx_word' id='word_1_193' title='bbox 388 2530 438 2575; x_wconf 82' lang='lat' dir='ltr'><strong>et</strong></span> <span class='ocrx_word' id='word_1_194' title='bbox 465 2537 578 2576; x_wconf 90' lang='lat' dir='ltr'><strong>non</strong></span> <span class='ocrx_word' id='word_1_195' title='bbox 607 2522 684 2575; x_wconf 86' lang='lat' dir='ltr'><strong>est</strong></span> <span class='ocrx_word' id='word_1_196' title='bbox 727 2522 881 2575; x_wconf 86' lang='lat' dir='ltr'><strong>alius</strong></span> <span class='ocrx_word' id='word_1_197' title='bbox 908 2522 1119 2590; x_wconf 62' lang='lat' dir='ltr'><strong>praeter</strong></span> <span class='ocrx_word' id='word_1_198' title='bbox 1147 2536 1250 2576; x_wconf 86' lang='lat' dir='ltr'><strong>me.</strong></span> <span class='ocrx_word' id='word_1_199' title='bbox 1286 2520 1425 2585; x_wconf 87' lang='lat' dir='ltr'><strong>Quis</strong></span> <span class='ocrx_word' id='word_1_200' title='bbox 1455 2521 1610 2574; x_wconf 81' lang='lat' dir='ltr'><strong>enim</strong></span> <span class='ocrx_word' id='word_1_201' title='bbox 1666 2520 1771 2575; x_wconf 93' lang='lat' dir='ltr'><strong>hoc</strong></span> <span class='ocrx_word' id='word_1_202' title='bbox 1803 2518 1890 2573; x_wconf 91' lang='lat' dir='ltr'><strong>di-</strong></span> 
     </span>
    </p>
   </div>
   <div class='ocr_carea' id='block_1_26' title="bbox 232 2607 1889 2681">
    <p class='ocr_par' dir='ltr' id='par_1_26' title="bbox 232 2607 1889 2681">
     <span class='ocr_line' id='line_1_26' title="bbox 232 2607 1889 2681; baseline -0.003 -15"><span class='ocrx_word' id='word_1_203' title='bbox 232 2611 385 2667; x_wconf 81' lang='lat' dir='ltr'><strong>xerit</strong></span> <span class='ocrx_word' id='word_1_204' title='bbox 413 2626 629 2681; x_wconf 75' lang='lat' dir='ltr'><strong>quaaro,</strong></span> <span class='ocrx_word' id='word_1_205' title='bbox 662 2614 862 2664; x_wconf 89' lang='lat' dir='ltr'><strong>utrum</strong></span> <span class='ocrx_word' id='word_1_206' title='bbox 896 2608 1081 2677; x_wconf 91' lang='lat' dir='ltr'><strong>Pater,</strong></span> <span class='ocrx_word' id='word_1_207' title='bbox 1118 2626 1188 2663; x_wconf 90' lang='lat' dir='ltr'><strong>an</strong></span> <span class='ocrx_word' id='word_1_208' title='bbox 1222 2608 1420 2663; x_wconf 89' lang='lat' dir='ltr'><strong>Filius.</strong></span> <span class='ocrx_word' id='word_1_209' title='bbox 1453 2608 1511 2663; x_wconf 91' lang='lat' dir='ltr'>Si</span> <span class='ocrx_word' id='word_1_210' title='bbox 1536 2609 1703 2663; x_wconf 77' lang='lat' dir='ltr'><strong>Pater</strong></span> <span class='ocrx_word' id='word_1_211' title='bbox 1723 2607 1889 2677; x_wconf 85' lang='lat' dir='ltr'><strong>dixit,</strong></span> 
     </span>
    </p>
   </div>
   <div class='ocr_carea' id='block_1_27' title="bbox 231 2698 1891 2771">
    <p class='ocr_par' dir='ltr' id='par_1_27' title="bbox 231 2698 1891 2771">
     <span class='ocr_line' id='line_1_27' title="bbox 231 2698 1891 2771; baseline -0.003 -15"><span class='ocrx_word' id='word_1_212' title='bbox 231 2702 343 2771; x_wconf 83' lang='lat' dir='ltr'><strong>Ego</strong></span> <span class='ocrx_word' id='word_1_213' title='bbox 374 2716 490 2754; x_wconf 88' lang='lat' dir='ltr'><strong>sum</strong></span> <span class='ocrx_word' id='word_1_214' title='bbox 530 2699 811 2763; x_wconf 86' lang='lat' dir='ltr'><strong>Dominus,</strong></span> <span class='ocrx_word' id='word_1_215' title='bbox 844 2708 893 2753; x_wconf 86' lang='lat' dir='ltr'><strong>el</strong></span> <span class='ocrx_word' id='word_1_216' title='bbox 923 2713 1034 2752; x_wconf 90' lang='lat' dir='ltr'><strong>non</strong></span> <span class='ocrx_word' id='word_1_217' title='bbox 1072 2706 1148 2753; x_wconf 86' lang='lat' dir='ltr'><strong>est</strong></span> <span class='ocrx_word' id='word_1_218' title='bbox 1186 2698 1334 2753; x_wconf 83' lang='lat' dir='ltr'><strong>alius</strong></span> <span class='ocrx_word' id='word_1_219' title='bbox 1376 2706 1582 2769; x_wconf 72' lang='lat' dir='ltr'><strong>praeter</strong></span> <span class='ocrx_word' id='word_1_220' title='bbox 1625 2714 1743 2765; x_wconf 89' lang='lat' dir='ltr'><strong>me;</strong></span> <span class='ocrx_word' id='word_1_221' title='bbox 1778 2714 1891 2752; x_wconf 91' lang='lat' dir='ltr'><strong>non</strong></span> 
     </span>
    </p>
   </div>
   <div class='ocr_carea' id='block_1_28' title="bbox 232 2785 1869 2859">
    <p class='ocr_par' dir='ltr' id='par_1_28' title="bbox 232 2785 1869 2859">
     <span class='ocr_line' id='line_1_28' title="bbox 232 2785 1869 2859; baseline -0.004 -14"><span class='ocrx_word' id='word_1_222' title='bbox 232 2805 436 2845; x_wconf 90' lang='lat' dir='ltr'><strong>verum</strong></span> <span class='ocrx_word' id='word_1_223' title='bbox 468 2788 632 2855; x_wconf 81' lang='lat' dir='ltr'><strong>dixit,</strong></span> <span class='ocrx_word' id='word_1_224' title='bbox 667 2788 806 2859; x_wconf 83' lang='lat' dir='ltr'><strong>quia</strong></span> <span class='ocrx_word' id='word_1_225' title='bbox 856 2791 944 2843; x_wconf 88' lang='lat' dir='ltr'><strong>est</strong></span> <span class='ocrx_word' id='word_1_226' title='bbox 974 2787 1123 2841; x_wconf 89' lang='lat' dir='ltr'><strong>alius</strong></span> <span class='ocrx_word' id='word_1_227' title='bbox 1157 2787 1442 2843; x_wconf 86' lang='lat' dir='ltr'><strong>Dominus</strong></span> <span class='ocrx_word' id='word_1_228' title='bbox 1474 2786 1673 2841; x_wconf 88' lang='lat' dir='ltr'><strong>Filius.</strong></span> <span class='ocrx_word' id='word_1_229' title='bbox 1703 2787 1759 2840; x_wconf 91' lang='lat' dir='ltr'><strong>Si</strong></span> <span class='ocrx_word' id='word_1_230' title='bbox 1808 2785 1869 2840; x_wconf 91' lang='lat' dir='ltr'><strong>Fi</strong></span> 
     </span>
    </p>
   </div>
   <div class='ocr_carea' id='block_1_29' title="bbox 231 2875 1894 2947">
    <p class='ocr_par' dir='ltr' id='par_1_29' title="bbox 231 2875 1894 2947">
     <span class='ocr_line' id='line_1_29' title="bbox 231 2875 1894 2947; baseline -0.001 -14"><span class='ocrx_word' id='word_1_231' title='bbox 231 2877 351 2934; x_wconf 89' lang='lat' dir='ltr'><strong>lius</strong></span> <span class='ocrx_word' id='word_1_232' title='bbox 383 2878 490 2933; x_wconf 91' lang='lat' dir='ltr'><strong>hoc</strong></span> <span class='ocrx_word' id='word_1_233' title='bbox 520 2876 692 2945; x_wconf 89' lang='lat' dir='ltr'><strong>dixit;</strong></span> <span class='ocrx_word' id='word_1_234' title='bbox 729 2892 832 2931; x_wconf 90' lang='lat' dir='ltr'><strong>nec</strong></span> <span class='ocrx_word' id='word_1_235' title='bbox 866 2876 993 2947; x_wconf 91' lang='lat' dir='ltr'><strong>ipse</strong></span> <span class='ocrx_word' id='word_1_236' title='bbox 1012 2892 1219 2931; x_wconf 91' lang='lat' dir='ltr'><strong>verum</strong></span> <span class='ocrx_word' id='word_1_237' title='bbox 1255 2875 1419 2946; x_wconf 86' lang='lat' dir='ltr'><strong>dixit,</strong></span> <span class='ocrx_word' id='word_1_238' title='bbox 1453 2875 1591 2947; x_wconf 84' lang='lat' dir='ltr'><strong>quia</strong></span> <span class='ocrx_word' id='word_1_239' title='bbox 1621 2880 1709 2931; x_wconf 89' lang='lat' dir='ltr'><strong>est</strong></span> <span class='ocrx_word' id='word_1_240' title='bbox 1741 2875 1894 2931; x_wconf 90' lang='lat' dir='ltr'><strong>alius</strong></span> 
     </span>
    </p>
   </div>
   <div class='ocr_carea' id='block_1_30' title="bbox 240 2964 1894 3037">
    <p class='ocr_par' dir='ltr' id='par_1_30' title="bbox 240 2964 1894 3037">
     <span class='ocr_line' id='line_1_30' title="bbox 240 2964 1894 3037; baseline -0.002 -13"><span class='ocrx_word' id='word_1_241' title='bbox 240 2968 524 3024; x_wconf 90' lang='lat' dir='ltr'><strong>Dominus</strong></span> <span class='ocrx_word' id='word_1_242' title='bbox 557 2965 742 3021; x_wconf 89' lang='lat' dir='ltr'><strong>Pater.</strong></span> <span class='ocrx_word' id='word_1_243' title='bbox 769 2964 829 3020; x_wconf 89' lang='lat' dir='ltr'><strong>Si</strong></span> <span class='ocrx_word' id='word_1_244' title='bbox 860 2969 1056 3020; x_wconf 91' lang='lat' dir='ltr'><strong>autem</strong></span> <span class='ocrx_word' id='word_1_245' title='bbox 1100 2965 1210 3020; x_wconf 91' lang='lat' dir='ltr'><strong>hoc</strong></span> <span class='ocrx_word' id='word_1_246' title='bbox 1252 2965 1397 3020; x_wconf 86' lang='lat' dir='ltr'><strong>dixit</strong></span> <span class='ocrx_word' id='word_1_247' title='bbox 1442 2965 1726 3031; x_wconf 81' lang='lat' dir='ltr'><strong>Trinitas;</strong></span> <span class='ocrx_word' id='word_1_248' title='bbox 1762 2982 1894 3037; x_wconf 87' lang='lat' dir='ltr'><strong>pro-</strong></span> 
     </span>
    </p>
   </div>
   <div class='ocr_carea' id='block_1_31' title="bbox 234 3054 1891 3119">
    <p class='ocr_par' dir='ltr' id='par_1_31' title="bbox 234 3054 1891 3119">
     <span class='ocr_line' id='line_1_31' title="bbox 234 3054 1891 3119; baseline -0.002 -7"><span class='ocrx_word' id='word_1_249' title='bbox 234 3058 386 3112; x_wconf 86' lang='lat' dir='ltr'><strong>fecto</strong></span> <span class='ocrx_word' id='word_1_250' title='bbox 417 3060 475 3111; x_wconf 89' lang='lat' dir='ltr'><strong>et</strong></span> <span class='ocrx_word' id='word_1_251' title='bbox 503 3071 705 3110; x_wconf 90' lang='lat' dir='ltr'><strong>verum</strong></span> <span class='ocrx_word' id='word_1_252' title='bbox 740 3055 907 3119; x_wconf 88' lang='lat' dir='ltr'><strong>dixit,</strong></span> <span class='ocrx_word' id='word_1_253' title='bbox 940 3060 999 3108; x_wconf 91' lang='lat' dir='ltr'><strong>et</strong></span> <span class='ocrx_word' id='word_1_254' title='bbox 1029 3070 1130 3109; x_wconf 92' lang='lat' dir='ltr'><strong>vos</strong></span> <span class='ocrx_word' id='word_1_255' title='bbox 1162 3054 1376 3109; x_wconf 84' lang='lat' dir='ltr'><strong>falsum</strong></span> <span class='ocrx_word' id='word_1_256' title='bbox 1400 3055 1592 3109; x_wconf 90' lang='lat' dir='ltr'><strong>dicere</strong></span> <span class='ocrx_word' id='word_1_257' title='bbox 1618 3054 1891 3109; x_wconf 87' lang='lat' dir='ltr'><strong>ostendit.</strong></span> 
     </span>
    </p>
   </div>
   <div class='ocr_carea' id='block_1_32' title="bbox 237 3143 1896 3216">
    <p class='ocr_par' dir='ltr' id='par_1_32' title="bbox 237 3143 1896 3216">
     <span class='ocr_line' id='line_1_32' title="bbox 237 3143 1896 3216; baseline -0.003 -13"><span class='ocrx_word' id='word_1_258' title='bbox 237 3146 499 3203; x_wconf 87' lang='lat' dir='ltr'><strong>Trinitas</strong></span> <span class='ocrx_word' id='word_1_259' title='bbox 530 3145 743 3216; x_wconf 91' lang='lat' dir='ltr'><strong>quippe</strong></span> <span class='ocrx_word' id='word_1_260' title='bbox 793 3144 1117 3199; x_wconf 89' lang='lat' dir='ltr'><strong>secundum</strong></span> <span class='ocrx_word' id='word_1_261' title='bbox 1169 3148 1383 3197; x_wconf 90' lang='lat' dir='ltr'><strong>rectam</strong></span> <span class='ocrx_word' id='word_1_262' title='bbox 1435 3144 1631 3209; x_wconf 82' lang='lat' dir='ltr'><strong>ﬁdem,</strong></span> <span class='ocrx_word' id='word_1_263' title='bbox 1680 3143 1738 3197; x_wconf 91' lang='lat' dir='ltr'><strong>id</strong></span> <span class='ocrx_word' id='word_1_264' title='bbox 1787 3150 1896 3209; x_wconf 86' lang='lat' dir='ltr'><strong>est,</strong></span> 
     </span>
    </p>
   </div>
   <div class='ocr_carea' id='block_1_33' title="bbox 239 3231 1898 3304">
    <p class='ocr_par' dir='ltr' id='par_1_33' title="bbox 239 3231 1898 3304">
     <span class='ocr_line' id='line_1_33' title="bbox 239 3231 1898 3304; baseline -0.002 -13"><span class='ocrx_word' id='word_1_265' title='bbox 239 3235 408 3291; x_wconf 90' lang='lat' dir='ltr'><strong>Pater</strong></span> <span class='ocrx_word' id='word_1_266' title='bbox 438 3239 495 3289; x_wconf 92' lang='lat' dir='ltr'><strong>et</strong></span> <span class='ocrx_word' id='word_1_267' title='bbox 525 3234 707 3288; x_wconf 89' lang='lat' dir='ltr'><strong>Filius</strong></span> <span class='ocrx_word' id='word_1_268' title='bbox 737 3238 795 3288; x_wconf 91' lang='lat' dir='ltr'><strong>et</strong></span> <span class='ocrx_word' id='word_1_269' title='bbox 826 3232 1081 3303; x_wconf 85' lang='lat' dir='ltr'><strong>Spiritus</strong></span> <span class='ocrx_word' id='word_1_270' title='bbox 1117 3237 1380 3300; x_wconf 91' lang='lat' dir='ltr'><strong>sanctus,</strong></span> <span class='ocrx_word' id='word_1_271' title='bbox 1416 3233 1474 3287; x_wconf 90' lang='lat' dir='ltr'><strong>in</strong></span> <span class='ocrx_word' id='word_1_272' title='bbox 1507 3233 1677 3304; x_wconf 87' lang='lat' dir='ltr'><strong>cujus</strong></span> <span class='ocrx_word' id='word_1_273' title='bbox 1712 3231 1898 3287; x_wconf 89' lang='lat' dir='ltr'><strong>nomi-</strong></span> 
     </span>
    </p>
   </div>
   <div class='ocr_carea' id='block_1_34' title="bbox 242 3320 1894 3393">
    <p class='ocr_par' dir='ltr' id='par_1_34' title="bbox 242 3320 1894 3393">
     <span class='ocr_line' id='line_1_34' title="bbox 242 3320 1894 3393; baseline -0.002 -14"><span class='ocrx_word' id='word_1_274' title='bbox 242 3340 317 3379; x_wconf 88' lang='lat' dir='ltr'><strong>ne</strong></span> <span class='ocrx_word' id='word_1_275' title='bbox 347 3322 731 3393; x_wconf 90' lang='lat' dir='ltr'><strong>baptizamur,</strong></span> <span class='ocrx_word' id='word_1_276' title='bbox 798 3327 856 3376; x_wconf 88' lang='lat' dir='ltr'><strong>et</strong></span> <span class='ocrx_word' id='word_1_277' title='bbox 886 3338 1039 3376; x_wconf 91' lang='lat' dir='ltr'><strong>unus</strong></span> <span class='ocrx_word' id='word_1_278' title='bbox 1069 3320 1352 3375; x_wconf 89' lang='lat' dir='ltr'><strong>Dominus</strong></span> <span class='ocrx_word' id='word_1_279' title='bbox 1388 3322 1536 3376; x_wconf 90' lang='lat' dir='ltr'><strong>Deus</strong></span> <span class='ocrx_word' id='word_1_280' title='bbox 1566 3326 1763 3376; x_wconf 88' lang='lat' dir='ltr'><strong>noster</strong></span> <span class='ocrx_word' id='word_1_281' title='bbox 1786 3326 1894 3388; x_wconf 90' lang='lat' dir='ltr'><strong>est,</strong></span> 
     </span>
    </p>
   </div>
   <div class='ocr_carea' id='block_1_35' title="bbox 236 3410 1898 3483">
    <p class='ocr_par' dir='ltr' id='par_1_35' title="bbox 236 3410 1898 3483">
     <span class='ocr_line' id='line_1_35' title="bbox 236 3410 1898 3483; baseline -0.003 -13"><span class='ocrx_word' id='word_1_282' title='bbox 236 3419 297 3470; x_wconf 88' lang='lat' dir='ltr'><strong>et</strong></span> <span class='ocrx_word' id='word_1_283' title='bbox 325 3410 748 3483; x_wconf 78' lang='lat' dir='ltr'><strong>praeteripsum</strong></span> <span class='ocrx_word' id='word_1_284' title='bbox 779 3410 931 3465; x_wconf 90' lang='lat' dir='ltr'><strong>alius</strong></span> <span class='ocrx_word' id='word_1_285' title='bbox 965 3427 1078 3465; x_wconf 91' lang='lat' dir='ltr'><strong>non</strong></span> <span class='ocrx_word' id='word_1_286' title='bbox 1105 3414 1214 3465; x_wconf 89' lang='lat' dir='ltr'><strong>est.</strong></span> <span class='ocrx_word' id='word_1_287' title='bbox 1252 3412 1379 3481; x_wconf 86' lang='lat' dir='ltr'><strong>Ipse</strong></span> <span class='ocrx_word' id='word_1_288' title='bbox 1408 3415 1497 3464; x_wconf 87' lang='lat' dir='ltr'><strong>est</strong></span> <span class='ocrx_word' id='word_1_289' title='bbox 1544 3411 1699 3465; x_wconf 90' lang='lat' dir='ltr'><strong>enim</strong></span> <span class='ocrx_word' id='word_1_290' title='bbox 1742 3410 1898 3466; x_wconf 90' lang='lat' dir='ltr'><strong>Deus</strong></span> 
     </span>
    </p>
   </div>
   <div class='ocr_carea' id='block_1_36' title="bbox 238 3498 1897 3571">
    <p class='ocr_par' dir='ltr' id='par_1_36' title="bbox 238 3498 1897 3571">
     <span class='ocr_line' id='line_1_36' title="bbox 238 3498 1897 3571; baseline -0.002 -14"><span class='ocrx_word' id='word_1_291' title='bbox 238 3503 311 3557; x_wconf 88' lang='lat' dir='ltr'><strong>de</strong></span> <span class='ocrx_word' id='word_1_292' title='bbox 342 3517 457 3571; x_wconf 91' lang='lat' dir='ltr'><strong>quo</strong></span> <span class='ocrx_word' id='word_1_293' title='bbox 490 3499 630 3555; x_wconf 89' lang='lat' dir='ltr'><strong>dicit</strong></span> <span class='ocrx_word' id='word_1_294' title='bbox 677 3498 989 3571; x_wconf 87' lang='lat' dir='ltr'><strong>Apostolus</strong></span> <span class='ocrx_word' id='word_1_295' title='bbox 1024 3515 1037 3555; x_wconf 89' lang='lat'>:</span> <span class='ocrx_word' id='word_1_296' title='bbox 1070 3500 1264 3554; x_wconf 81' lang='lat' dir='ltr'><strong>Nullus</strong></span> <span class='ocrx_word' id='word_1_297' title='bbox 1296 3502 1377 3553; x_wconf 84' lang='lat' dir='ltr'><strong>est</strong></span> <span class='ocrx_word' id='word_1_298' title='bbox 1411 3499 1572 3565; x_wconf 86' lang='lat' dir='ltr'><strong>Deus,</strong></span> <span class='ocrx_word' id='word_1_299' title='bbox 1606 3500 1720 3553; x_wconf 82' lang='lat' dir='ltr'><strong>nisi</strong></span> <span class='ocrx_word' id='word_1_300' title='bbox 1755 3514 1897 3553; x_wconf 89' lang='lat' dir='ltr'><strong>unus</strong></span> 
     </span>
    </p>
   </div>
   <div class='ocr_carea' id='block_1_37' title="bbox 237 3586 1897 3661">
    <p class='ocr_par' dir='ltr' id='par_1_37' title="bbox 237 3586 1897 3661">
     <span class='ocr_line' id='line_1_37' title="bbox 237 3586 1897 3661; baseline -0.001 -16"><span class='ocrx_word' id='word_1_301' title='bbox 237 3591 284 3661; x_wconf 92' lang='grc' dir='ltr'>(Ι</span> <span class='ocrx_word' id='word_1_302' title='bbox 322 3590 446 3646; x_wconf 84' lang='lat' dir='ltr'><strong>Cor.</strong></span> <span class='ocrx_word' id='word_1_303' title='bbox 482 3605 601 3653; x_wconf 83' lang='grc' dir='ltr'>νιιι,</span> <span class='ocrx_word' id='word_1_304' title='bbox 633 3589 708 3656; x_wconf 84' lang='grc'><strong>4).</strong></span> <span class='ocrx_word' id='word_1_305' title='bbox 744 3588 888 3642; x_wconf 90' lang='lat' dir='ltr'><strong>Nam</strong></span> <span class='ocrx_word' id='word_1_306' title='bbox 922 3588 971 3642; x_wconf 91' lang='lat' dir='ltr'><strong>si</strong></span> <span class='ocrx_word' id='word_1_307' title='bbox 1005 3586 1115 3642; x_wconf 87' lang='lat' dir='ltr'><strong>hoc</strong></span> <span class='ocrx_word' id='word_1_308' title='bbox 1144 3588 1216 3642; x_wconf 90' lang='lat' dir='ltr'><strong>de</strong></span> <span class='ocrx_word' id='word_1_309' title='bbox 1248 3590 1416 3642; x_wconf 88' lang='lat' dir='ltr'><strong>Patre</strong></span> <span class='ocrx_word' id='word_1_310' title='bbox 1460 3587 1752 3659; x_wconf 86' lang='lat' dir='ltr'><strong>acceperis</strong></span> <span class='ocrx_word' id='word_1_311' title='bbox 1782 3588 1897 3643; x_wconf 91' lang='lat' dir='ltr'><strong>dic-</strong></span> 
     </span>
    </p>
   </div>
   <div class='ocr_carea' id='block_1_38' title="bbox 236 3675 1899 3747">
    <p class='ocr_par' dir='ltr' id='par_1_38' title="bbox 236 3675 1899 3747">
     <span class='ocr_line' id='line_1_38' title="bbox 236 3675 1899 3747; baseline -0.002 -12"><span class='ocrx_word' id='word_1_312' title='bbox 236 3686 389 3744; x_wconf 85' lang='lat' dir='ltr'><strong>tum,</strong></span> <span class='ocrx_word' id='word_1_313' title='bbox 426 3694 541 3732; x_wconf 90' lang='lat' dir='ltr'><strong>non</strong></span> <span class='ocrx_word' id='word_1_314' title='bbox 573 3676 677 3731; x_wconf 84' lang='lat' dir='ltr'><strong>tibi</strong></span> <span class='ocrx_word' id='word_1_315' title='bbox 709 3677 822 3732; x_wconf 90' lang='lat' dir='ltr'><strong>erit</strong></span> <span class='ocrx_word' id='word_1_316' title='bbox 854 3676 1009 3731; x_wconf 91' lang='lat' dir='ltr'><strong>Deus</strong></span> <span class='ocrx_word' id='word_1_317' title='bbox 1038 3675 1326 3745; x_wconf 86' lang='lat' dir='ltr'><strong>Christus,</strong></span> <span class='ocrx_word' id='word_1_318' title='bbox 1361 3676 1498 3746; x_wconf 85' lang='lat' dir='ltr'><strong>quia</strong></span> <span class='ocrx_word' id='word_1_319' title='bbox 1545 3692 1655 3730; x_wconf 89' lang='lat' dir='ltr'><strong>non</strong></span> <span class='ocrx_word' id='word_1_320' title='bbox 1708 3680 1899 3747; x_wconf 89' lang='lat' dir='ltr'><strong>potest</strong></span> 
     </span>
    </p>
   </div>
   <div class='ocr_carea' id='block_1_39' title="bbox 241 3766 1901 3837">
    <p class='ocr_par' dir='ltr' id='par_1_39' title="bbox 241 3766 1901 3837">
     <span class='ocr_line' id='line_1_39' title="bbox 241 3766 1901 3837; baseline -0.002 -13"><span class='ocrx_word' id='word_1_321' title='bbox 241 3766 384 3824; x_wconf 91' lang='lat' dir='ltr'><strong>solvi</strong></span> <span class='ocrx_word' id='word_1_322' title='bbox 419 3766 743 3837; x_wconf 87' lang='lat' dir='ltr'><strong>Scriptura,</strong></span> <span class='ocrx_word' id='word_1_323' title='bbox 780 3766 1004 3831; x_wconf 90' lang='lat' dir='ltr'><strong>dicens,</strong></span> <span class='ocrx_word' id='word_1_324' title='bbox 1035 3766 1231 3820; x_wconf 87' lang='lat' dir='ltr'><strong>Nullus</strong></span> <span class='ocrx_word' id='word_1_325' title='bbox 1262 3766 1421 3833; x_wconf 86' lang='lat' dir='ltr'><strong>Deus,</strong></span> <span class='ocrx_word' id='word_1_326' title='bbox 1464 3766 1582 3819; x_wconf 87' lang='lat' dir='ltr'><strong>nisi</strong></span> <span class='ocrx_word' id='word_1_327' title='bbox 1609 3781 1753 3819; x_wconf 90' lang='lat' dir='ltr'><strong>unus</strong></span> <span class='ocrx_word' id='word_1_328' title='bbox 1786 3782 1800 3819; x_wconf 89' lang='lat'><strong>:</strong></span> <span class='ocrx_word' id='word_1_329' title='bbox 1835 3771 1901 3820; x_wconf 89' lang='lat' dir='ltr'><strong>ut</strong></span> 
     </span>
    </p>
   </div>
   <div class='ocr_carea' id='block_1_40' title="bbox 245 3853 1898 3925">
    <p class='ocr_par' dir='ltr' id='par_1_40' title="bbox 245 3853 1898 3925">
     <span class='ocr_line' id='line_1_40' title="bbox 245 3853 1898 3925; baseline -0.004 -13"><span class='ocrx_word' id='word_1_330' title='bbox 245 3857 341 3912; x_wconf 90' lang='lat' dir='ltr'><strong>hic</strong></span> <span class='ocrx_word' id='word_1_331' title='bbox 372 3856 534 3911; x_wconf 86' lang='lat' dir='ltr'><strong>vobis</strong></span> <span class='ocrx_word' id='word_1_332' title='bbox 568 3859 793 3910; x_wconf 88' lang='lat' dir='ltr'><strong>taceam</strong></span> <span class='ocrx_word' id='word_1_333' title='bbox 827 3855 898 3909; x_wconf 91' lang='lat' dir='ltr'><strong>de</strong></span> <span class='ocrx_word' id='word_1_334' title='bbox 929 3854 1150 3925; x_wconf 87' lang='lat' dir='ltr'><strong>Spiritu</strong></span> <span class='ocrx_word' id='word_1_335' title='bbox 1182 3861 1403 3921; x_wconf 90' lang='lat' dir='ltr'><strong>sancto,</strong></span> <span class='ocrx_word' id='word_1_336' title='bbox 1429 3870 1601 3924; x_wconf 91' lang='lat' dir='ltr'><strong>quem</strong></span> <span class='ocrx_word' id='word_1_337' title='bbox 1627 3853 1898 3924; x_wconf 89' lang='lat' dir='ltr'><strong>superius</strong></span> 
     </span>
    </p>
   </div>
   <div class='ocr_carea' id='block_1_41' title="bbox 238 3943 1896 4015">
    <p class='ocr_par' dir='ltr' id='par_1_41' title="bbox 238 3943 1896 4015">
     <span class='ocr_line' id='line_1_41' title="bbox 238 3943 1896 4015; baseline -0.003 -13"><span class='ocrx_word' id='word_1_338' title='bbox 238 3947 553 4002; x_wconf 90' lang='lat' dir='ltr'><strong>Dominum</strong></span> <span class='ocrx_word' id='word_1_339' title='bbox 618 3944 801 3999; x_wconf 88' lang='lat' dir='ltr'><strong>Deum</strong></span> <span class='ocrx_word' id='word_1_340' title='bbox 860 3944 1250 4009; x_wconf 85' lang='lat' dir='ltr'><strong>ostendimus,</strong></span> <span class='ocrx_word' id='word_1_341' title='bbox 1312 3944 1476 3998; x_wconf 87' lang='lat' dir='ltr'><strong>vobis</strong></span> <span class='ocrx_word' id='word_1_342' title='bbox 1526 3943 1896 4015; x_wconf 85' lang='lat' dir='ltr'><strong>negantibus.</strong></span> 
     </span>
    </p>
   </div>
   <div class='ocr_carea' id='block_1_42' title="bbox 239 4032 1901 4106">
    <p class='ocr_par' dir='ltr' id='par_1_42' title="bbox 239 4032 1901 4106">
     <span class='ocr_line' id='line_1_42' title="bbox 239 4032 1901 4106; baseline -0.003 -15"><span class='ocrx_word' id='word_1_343' title='bbox 239 4037 605 4106; x_wconf 87' lang='lat' dir='ltr'><strong>Quapropter</strong></span> <span class='ocrx_word' id='word_1_344' title='bbox 635 4034 683 4088; x_wconf 89' lang='lat' dir='ltr'><strong>si</strong></span> <span class='ocrx_word' id='word_1_345' title='bbox 717 4032 1118 4089; x_wconf 86' lang='lat' dir='ltr'><strong>Macedoniani</strong></span> <span class='ocrx_word' id='word_1_346' title='bbox 1150 4032 1401 4087; x_wconf 74' lang='lat' dir='ltr'><strong>haeretici</strong></span> <span class='ocrx_word' id='word_1_347' title='bbox 1434 4034 1663 4096; x_wconf 88' lang='lat' dir='ltr'><strong>essetis,</strong></span> <span class='ocrx_word' id='word_1_348' title='bbox 1697 4032 1799 4102; x_wconf 89' lang='lat' dir='ltr'><strong>qui</strong></span> <span class='ocrx_word' id='word_1_349' title='bbox 1830 4032 1901 4086; x_wconf 90' lang='lat' dir='ltr'><strong>de</strong></span> 
     </span>
    </p>
   </div>
   <div class='ocr_carea' id='block_1_43' title="bbox 238 4121 1900 4196">
    <p class='ocr_par' dir='ltr' id='par_1_43' title="bbox 238 4121 1900 4196">
     <span class='ocr_line' id='line_1_43' title="bbox 238 4121 1900 4196; baseline -0.004 -14"><span class='ocrx_word' id='word_1_350' title='bbox 238 4126 365 4183; x_wconf 90' lang='lat' dir='ltr'><strong>solo</strong></span> <span class='ocrx_word' id='word_1_351' title='bbox 398 4125 619 4196; x_wconf 89' lang='lat' dir='ltr'><strong>Spiritu</strong></span> <span class='ocrx_word' id='word_1_352' title='bbox 651 4129 853 4178; x_wconf 87' lang='lat' dir='ltr'><strong>sancto</strong></span> <span class='ocrx_word' id='word_1_353' title='bbox 886 4122 1187 4178; x_wconf 74' lang='lat' dir='ltr'><strong>catholicae</strong></span> <span class='ocrx_word' id='word_1_354' title='bbox 1233 4123 1377 4177; x_wconf 78' lang='lat' dir='ltr'><strong>fidei</strong></span> <span class='ocrx_word' id='word_1_355' title='bbox 1430 4123 1759 4177; x_wconf 89' lang='lat' dir='ltr'><strong>consentire</strong></span> <span class='ocrx_word' id='word_1_356' title='bbox 1797 4121 1900 4176; x_wconf 85' lang='lat' dir='ltr'><strong>de-</strong></span> 
     </span>
    </p>
   </div>
   <div class='ocr_carea' id='block_1_44' title="bbox 240 4214 1899 4285">
    <p class='ocr_par' dir='ltr' id='par_1_44' title="bbox 240 4214 1899 4285">
     <span class='ocr_line' id='line_1_44' title="bbox 240 4214 1899 4285; baseline -0.003 -12"><span class='ocrx_word' id='word_1_357' title='bbox 240 4222 514 4273; x_wconf 87' lang='lat' dir='ltr'><strong>trectant.</strong></span> <span class='ocrx_word' id='word_1_358' title='bbox 549 4220 779 4271; x_wconf 88' lang='lat' dir='ltr'><strong>Patrem</strong></span> <span class='ocrx_word' id='word_1_359' title='bbox 807 4231 942 4270; x_wconf 89' lang='lat' dir='ltr'><strong>vero</strong></span> <span class='ocrx_word' id='word_1_360' title='bbox 977 4219 1033 4269; x_wconf 90' lang='lat' dir='ltr'><strong>et</strong></span> <span class='ocrx_word' id='word_1_361' title='bbox 1062 4214 1273 4269; x_wconf 89' lang='lat' dir='ltr'><strong>Filium</strong></span> <span class='ocrx_word' id='word_1_362' title='bbox 1305 4215 1455 4269; x_wconf 90' lang='lat' dir='ltr'><strong>duos</strong></span> <span class='ocrx_word' id='word_1_363' title='bbox 1482 4215 1717 4285; x_wconf 88' lang='lat' dir='ltr'><strong>quidem</strong></span> <span class='ocrx_word' id='word_1_364' title='bbox 1751 4230 1899 4284; x_wconf 89' lang='lat' dir='ltr'><strong>esse,</strong></span> 
     </span>
    </p>
   </div>
   <div class='ocr_carea' id='block_1_45' title="bbox 244 4304 1897 4377">
    <p class='ocr_par' dir='ltr' id='par_1_45' title="bbox 244 4304 1897 4377">
     <span class='ocr_line' id='line_1_45' title="bbox 244 4304 1897 4377; baseline -0.004 -11"><span class='ocrx_word' id='word_1_365' title='bbox 244 4309 306 4366; x_wconf 90' lang='lat' dir='ltr'><strong>id</strong></span> <span class='ocrx_word' id='word_1_366' title='bbox 329 4315 440 4375; x_wconf 91' lang='lat' dir='ltr'><strong>est,</strong></span> <span class='ocrx_word' id='word_1_367' title='bbox 465 4308 635 4363; x_wconf 89' lang='lat' dir='ltr'><strong>illum</strong></span> <span class='ocrx_word' id='word_1_368' title='bbox 660 4307 913 4371; x_wconf 90' lang='lat' dir='ltr'><strong>Patrem,</strong></span> <span class='ocrx_word' id='word_1_369' title='bbox 935 4305 1102 4361; x_wconf 91' lang='lat' dir='ltr'><strong>illum</strong></span> <span class='ocrx_word' id='word_1_370' title='bbox 1127 4304 1362 4372; x_wconf 87' lang='lat' dir='ltr'><strong>Filium,</strong></span> <span class='ocrx_word' id='word_1_371' title='bbox 1386 4311 1443 4361; x_wconf 89' lang='lat' dir='ltr'><strong>et</strong></span> <span class='ocrx_word' id='word_1_372' title='bbox 1476 4305 1728 4377; x_wconf 63' lang='lat' dir='ltr'><strong>aquales</strong></span> <span class='ocrx_word' id='word_1_373' title='bbox 1750 4321 1897 4371; x_wconf 90' lang='lat' dir='ltr'><strong>esse,</strong></span> 
     </span>
    </p>
   </div>
   <div class='ocr_carea' id='block_1_46' title="bbox 251 4397 1901 4473">
    <p class='ocr_par' dir='ltr' id='par_1_46' title="bbox 251 4397 1901 4473">
     <span class='ocr_line' id='line_1_46' title="bbox 251 4397 1901 4473; baseline -0.004 -16"><span class='ocrx_word' id='word_1_374' title='bbox 251 4409 429 4473; x_wconf 90' lang='lat' dir='ltr'><strong>atque</strong></span> <span class='ocrx_word' id='word_1_375' title='bbox 454 4400 630 4455; x_wconf 87' lang='lat' dir='ltr'><strong>unius</strong></span> <span class='ocrx_word' id='word_1_376' title='bbox 672 4398 936 4469; x_wconf 86' lang='lat' dir='ltr'><strong>ejusdem</strong></span> <span class='ocrx_word' id='word_1_377' title='bbox 967 4397 1332 4462; x_wconf 68' lang='lat' dir='ltr'><strong>substantiae,</strong></span> <span class='ocrx_word' id='word_1_378' title='bbox 1374 4412 1477 4451; x_wconf 90' lang='lat' dir='ltr'><strong>nec</strong></span> <span class='ocrx_word' id='word_1_379' title='bbox 1516 4402 1710 4451; x_wconf 88' lang='lat' dir='ltr'><strong>tamen</strong></span> <span class='ocrx_word' id='word_1_380' title='bbox 1753 4397 1901 4451; x_wconf 90' lang='lat' dir='ltr'><strong>duos</strong></span> 
     </span>
    </p>
   </div>
   <div class='ocr_carea' id='block_1_47' title="bbox 247 4487 1899 4557">
    <p class='ocr_par' dir='ltr' id='par_1_47' title="bbox 247 4487 1899 4557">
     <span class='ocr_line' id='line_1_47' title="bbox 247 4487 1899 4557; baseline -0.004 -9"><span class='ocrx_word' id='word_1_381' title='bbox 247 4494 529 4548; x_wconf 90' lang='lat' dir='ltr'><strong>dominos</strong></span> <span class='ocrx_word' id='word_1_382' title='bbox 560 4492 719 4557; x_wconf 91' lang='lat' dir='ltr'><strong>deos,</strong></span> <span class='ocrx_word' id='word_1_383' title='bbox 763 4490 861 4545; x_wconf 90' lang='lat' dir='ltr'><strong>sed</strong></span> <span class='ocrx_word' id='word_1_384' title='bbox 897 4490 1101 4544; x_wconf 90' lang='lat' dir='ltr'><strong>ambos</strong></span> <span class='ocrx_word' id='word_1_385' title='bbox 1146 4488 1322 4543; x_wconf 90' lang='lat' dir='ltr'><strong>simul</strong></span> <span class='ocrx_word' id='word_1_386' title='bbox 1358 4505 1537 4543; x_wconf 89' lang='lat' dir='ltr'><strong>unum</strong></span> <span class='ocrx_word' id='word_1_387' title='bbox 1590 4487 1899 4543; x_wconf 90' lang='lat' dir='ltr'><strong>Dominum</strong></span> 
     </span>
    </p>
   </div>
   <div class='ocr_carea' id='block_1_48' title="bbox 247 4576 1899 4649">
    <p class='ocr_par' dir='ltr' id='par_1_48' title="bbox 247 4576 1899 4649">
     <span class='ocr_line' id='line_1_48' title="bbox 247 4576 1899 4649; baseline -0.004 -12"><span class='ocrx_word' id='word_1_388' title='bbox 247 4582 435 4637; x_wconf 89' lang='lat' dir='ltr'><strong>Deum</strong></span> <span class='ocrx_word' id='word_1_389' title='bbox 471 4597 600 4636; x_wconf 91' lang='lat' dir='ltr'><strong>esse</strong></span> <span class='ocrx_word' id='word_1_390' title='bbox 631 4578 1038 4635; x_wconf 89' lang='lat' dir='ltr'><strong>consentiunt:</strong></span> <span class='ocrx_word' id='word_1_391' title='bbox 1066 4578 1112 4633; x_wconf 92' lang='lat' dir='ltr'><strong>si</strong></span> <span class='ocrx_word' id='word_1_392' title='bbox 1129 4594 1264 4649; x_wconf 87' lang='lat' dir='ltr'><strong>ergo</strong></span> <span class='ocrx_word' id='word_1_393' title='bbox 1284 4582 1451 4633; x_wconf 88' lang='lat' dir='ltr'><strong>etvos</strong></span> <span class='ocrx_word' id='word_1_394' title='bbox 1473 4576 1682 4631; x_wconf 91' lang='lat' dir='ltr'><strong>saltem</strong></span> <span class='ocrx_word' id='word_1_395' title='bbox 1706 4576 1899 4631; x_wconf 87' lang='lat' dir='ltr'><strong>hacte-</strong></span> 
     </span>
    </p>
   </div>
   <div class='ocr_carea' id='block_1_49' title="bbox 247 4667 1902 4740">
    <p class='ocr_par' dir='ltr' id='par_1_49' title="bbox 247 4667 1902 4740">
     <span class='ocr_line' id='line_1_49' title="bbox 247 4667 1902 4740; baseline -0.004 -13"><span class='ocrx_word' id='word_1_396' title='bbox 247 4688 365 4727; x_wconf 90' lang='lat' dir='ltr'><strong>nus</strong></span> <span class='ocrx_word' id='word_1_397' title='bbox 395 4669 687 4736; x_wconf 89' lang='lat' dir='ltr'><strong>erraretis,</strong></span> <span class='ocrx_word' id='word_1_398' title='bbox 708 4685 821 4724; x_wconf 90' lang='lat' dir='ltr'><strong>non</strong></span> <span class='ocrx_word' id='word_1_399' title='bbox 846 4668 1047 4740; x_wconf 89' lang='lat' dir='ltr'><strong>utique</strong></span> <span class='ocrx_word' id='word_1_400' title='bbox 1069 4667 1161 4722; x_wconf 91' lang='lat' dir='ltr'><strong>his</strong></span> <span class='ocrx_word' id='word_1_401' title='bbox 1183 4667 1397 4722; x_wconf 88' lang='lat' dir='ltr'><strong>divinis</strong></span> <span class='ocrx_word' id='word_1_402' title='bbox 1416 4667 1653 4721; x_wconf 89' lang='lat' dir='ltr'><strong>vocibus</strong></span> <span class='ocrx_word' id='word_1_403' title='bbox 1676 4682 1902 4735; x_wconf 79' lang='lat' dir='ltr'><strong>urgere-</strong></span> 
     </span>
    </p>
   </div>
   <div class='ocr_carea' id='block_1_50' title="bbox 250 4755 1901 4829">
    <p class='ocr_par' dir='ltr' id='par_1_50' title="bbox 250 4755 1901 4829">
     <span class='ocr_line' id='line_1_50' title="bbox 250 4755 1901 4829; baseline -0.004 -14"><span class='ocrx_word' id='word_1_404' title='bbox 250 4759 654 4815; x_wconf 89' lang='lat' dir='ltr'><strong>mini.Patrem</strong></span> <span class='ocrx_word' id='word_1_405' title='bbox 669 4757 883 4829; x_wconf 89' lang='lat' dir='ltr'><strong>quippe</strong></span> <span class='ocrx_word' id='word_1_406' title='bbox 895 4763 951 4812; x_wconf 90' lang='lat' dir='ltr'><strong>et</strong></span> <span class='ocrx_word' id='word_1_407' title='bbox 964 4756 1151 4812; x_wconf 84' lang='lat' dir='ltr'><strong>Fiium</strong></span> <span class='ocrx_word' id='word_1_408' title='bbox 1168 4756 1503 4812; x_wconf 90' lang='lat' dir='ltr'><strong>assereretis</strong></span> <span class='ocrx_word' id='word_1_409' title='bbox 1518 4772 1699 4810; x_wconf 91' lang='lat' dir='ltr'><strong>unum</strong></span> <span class='ocrx_word' id='word_1_410' title='bbox 1716 4755 1901 4810; x_wconf 88' lang='lat' dir='ltr'><strong>Domi-</strong></span> 
     </span>
    </p>
   </div>
   <div class='ocr_carea' id='block_1_51' title="bbox 253 4844 1901 4915">
    <p class='ocr_par' dir='ltr' id='par_1_51' title="bbox 253 4844 1901 4915">
     <span class='ocr_line' id='line_1_51' title="bbox 253 4844 1901 4915; baseline -0.003 -10"><span class='ocrx_word' id='word_1_411' title='bbox 253 4867 395 4905; x_wconf 91' lang='lat' dir='ltr'><strong>num</strong></span> <span class='ocrx_word' id='word_1_412' title='bbox 420 4848 601 4909; x_wconf 91' lang='lat' dir='ltr'><strong>Deum</strong></span> <span class='ocrx_word' id='word_1_413' title='bbox 625 4848 861 4911; x_wconf 88' lang='lat' dir='ltr'><strong>dixisse,</strong></span> <span class='ocrx_word' id='word_1_414' title='bbox 884 4851 1001 4903; x_wconf 86' lang='lat' dir='ltr'><strong>Non</strong></span> <span class='ocrx_word' id='word_1_415' title='bbox 1034 4851 1111 4901; x_wconf 87' lang='lat' dir='ltr'><strong>est</strong></span> <span class='ocrx_word' id='word_1_416' title='bbox 1133 4845 1286 4901; x_wconf 82' lang='lat' dir='ltr'><strong>alius</strong></span> <span class='ocrx_word' id='word_1_417' title='bbox 1314 4850 1514 4915; x_wconf 59' lang='lat' dir='ltr'><strong>preter</strong></span> <span class='ocrx_word' id='word_1_418' title='bbox 1539 4860 1645 4899; x_wconf 92' lang='lat' dir='ltr'><strong>me.</strong></span> <span class='ocrx_word' id='word_1_419' title='bbox 1667 4844 1901 4900; x_wconf 87' lang='lat' dir='ltr'><strong>Utinam</strong></span> 
     </span>
    </p>
   </div>
   <div class='ocr_carea' id='block_1_52' title="bbox 247 4934 1901 5009">
    <p class='ocr_par' dir='ltr' id='par_1_52' title="bbox 247 4934 1901 5009">
     <span class='ocr_line' id='line_1_52' title="bbox 247 4934 1901 5009; baseline -0.001 -16"><span class='ocrx_word' id='word_1_420' title='bbox 247 4955 366 4994; x_wconf 90' lang='lat' dir='ltr'><strong>non</strong></span> <span class='ocrx_word' id='word_1_421' title='bbox 392 4942 639 4993; x_wconf 87' lang='lat' dir='ltr'><strong>restaret</strong></span> <span class='ocrx_word' id='word_1_422' title='bbox 685 4952 854 5009; x_wconf 87' lang='lat' dir='ltr'><strong>agere</strong></span> <span class='ocrx_word' id='word_1_423' title='bbox 894 4936 1216 5002; x_wconf 90' lang='lat' dir='ltr'><strong>vobiscum,</strong></span> <span class='ocrx_word' id='word_1_424' title='bbox 1256 4935 1368 4989; x_wconf 89' lang='lat' dir='ltr'><strong>nisi</strong></span> <span class='ocrx_word' id='word_1_425' title='bbox 1410 4940 1475 4989; x_wconf 91' lang='lat' dir='ltr'><strong>ut</strong></span> <span class='ocrx_word' id='word_1_426' title='bbox 1503 4934 1901 5005; x_wconf 87' lang='lat' dir='ltr'><strong>adjungeretis</strong></span> 
     </span>
    </p>
   </div>
   <div class='ocr_carea' id='block_1_53' title="bbox 248 5023 1899 5100">
    <p class='ocr_par' dir='ltr' id='par_1_53' title="bbox 248 5023 1899 5100">
     <span class='ocr_line' id='line_1_53' title="bbox 248 5023 1899 5100; baseline -0.004 -16"><span class='ocrx_word' id='word_1_427' title='bbox 248 5028 537 5100; x_wconf 80' lang='lat' dir='ltr'><strong>Spiritum</strong></span> <span class='ocrx_word' id='word_1_428' title='bbox 554 5029 908 5093; x_wconf 89' lang='lat' dir='ltr'><strong>sanctum,et</strong></span> <span class='ocrx_word' id='word_1_429' title='bbox 928 5042 1041 5081; x_wconf 92' lang='lat' dir='ltr'><strong>non</strong></span> <span class='ocrx_word' id='word_1_430' title='bbox 1059 5023 1537 5093; x_wconf 85' lang='lat' dir='ltr'><strong>dualitatem,sed</strong></span> <span class='ocrx_word' id='word_1_431' title='bbox 1550 5023 1899 5079; x_wconf 88' lang='lat' dir='ltr'><strong>Trinitatem</strong></span> 
     </span>
    </p>
   </div>
   <div class='ocr_carea' id='block_1_54' title="bbox 248 5112 1901 5173">
    <p class='ocr_par' dir='ltr' id='par_1_54' title="bbox 248 5112 1901 5173">
     <span class='ocr_line' id='line_1_54' title="bbox 248 5112 1901 5173; baseline -0.004 0"><span class='ocrx_word' id='word_1_432' title='bbox 248 5116 515 5173; x_wconf 90' lang='lat' dir='ltr'><strong>diceritis</strong></span> <span class='ocrx_word' id='word_1_433' title='bbox 539 5131 724 5171; x_wconf 91' lang='lat' dir='ltr'><strong>unum</strong></span> <span class='ocrx_word' id='word_1_434' title='bbox 750 5114 1058 5170; x_wconf 89' lang='lat' dir='ltr'><strong>Dominum</strong></span> <span class='ocrx_word' id='word_1_435' title='bbox 1075 5114 1279 5169; x_wconf 92' lang='lat' dir='ltr'><strong>Deum.</strong></span> <span class='ocrx_word' id='word_1_436' title='bbox 1314 5113 1479 5168; x_wconf 90' lang='lat' dir='ltr'><strong>Nunc</strong></span> <span class='ocrx_word' id='word_1_437' title='bbox 1505 5129 1639 5167; x_wconf 89' lang='lat' dir='ltr'><strong>vero</strong></span> <span class='ocrx_word' id='word_1_438' title='bbox 1653 5130 1786 5168; x_wconf 91' lang='lat' dir='ltr'><strong>cum</strong></span> <span class='ocrx_word' id='word_1_439' title='bbox 1817 5112 1901 5168; x_wconf 91' lang='lat' dir='ltr'><strong>sic</strong></span> 
     </span>
    </p>
   </div>
   <div class='ocr_carea' id='block_1_55' title="bbox 251 5202 1902 5272">
    <p class='ocr_par' dir='ltr' id='par_1_55' title="bbox 251 5202 1902 5272">
     <span class='ocr_line' id='line_1_55' title="bbox 251 5202 1902 5272; baseline -0.004 -10"><span class='ocrx_word' id='word_1_440' title='bbox 251 5204 518 5262; x_wconf 83' lang='lat' dir='ltr'><strong>asseritis</strong></span> <span class='ocrx_word' id='word_1_441' title='bbox 540 5205 765 5259; x_wconf 89' lang='lat' dir='ltr'><strong>Patrem</strong></span> <span class='ocrx_word' id='word_1_442' title='bbox 797 5204 1109 5259; x_wconf 89' lang='lat' dir='ltr'><strong>Dominum</strong></span> <span class='ocrx_word' id='word_1_443' title='bbox 1134 5203 1340 5272; x_wconf 90' lang='lat' dir='ltr'><strong>Deum,</strong></span> <span class='ocrx_word' id='word_1_444' title='bbox 1373 5207 1430 5256; x_wconf 89' lang='lat' dir='ltr'><strong>et</strong></span> <span class='ocrx_word' id='word_1_445' title='bbox 1451 5202 1658 5256; x_wconf 83' lang='lat' dir='ltr'><strong>Filium</strong></span> <span class='ocrx_word' id='word_1_446' title='bbox 1693 5202 1902 5257; x_wconf 84' lang='lat' dir='ltr'><strong>Domi-</strong></span> 
     </span>
    </p>
   </div>
   <div class='ocr_carea' id='block_1_56' title="bbox 251 5290 1899 5360">
    <p class='ocr_par' dir='ltr' id='par_1_56' title="bbox 251 5290 1899 5360">
     <span class='ocr_line' id='line_1_56' title="bbox 251 5290 1899 5360; baseline -0.004 -9"><span class='ocrx_word' id='word_1_447' title='bbox 251 5312 393 5351; x_wconf 91' lang='lat' dir='ltr'><strong>num</strong></span> <span class='ocrx_word' id='word_1_448' title='bbox 412 5298 688 5360; x_wconf 90' lang='lat' dir='ltr'><strong>Deum,ut</strong></span> <span class='ocrx_word' id='word_1_449' title='bbox 707 5292 882 5348; x_wconf 89' lang='lat' dir='ltr'><strong>simul</strong></span> <span class='ocrx_word' id='word_1_450' title='bbox 908 5293 1114 5348; x_wconf 88' lang='lat' dir='ltr'><strong>ambos</strong></span> <span class='ocrx_word' id='word_1_451' title='bbox 1137 5308 1249 5346; x_wconf 91' lang='lat' dir='ltr'><strong>non</strong></span> <span class='ocrx_word' id='word_1_452' title='bbox 1266 5290 1475 5346; x_wconf 89' lang='lat' dir='ltr'><strong>dicatis</strong></span> <span class='ocrx_word' id='word_1_453' title='bbox 1501 5307 1685 5345; x_wconf 90' lang='lat' dir='ltr'><strong>unum</strong></span> <span class='ocrx_word' id='word_1_454' title='bbox 1708 5291 1899 5345; x_wconf 87' lang='lat' dir='ltr'><strong>Domi-</strong></span> 
     </span>
    </p>
   </div>
   <div class='ocr_carea' id='block_1_57' title="bbox 250 5379 1899 5452">
    <p class='ocr_par' dir='ltr' id='par_1_57' title="bbox 250 5379 1899 5452">
     <span class='ocr_line' id='line_1_57' title="bbox 250 5379 1899 5452; baseline -0.003 -12"><span class='ocrx_word' id='word_1_455' title='bbox 250 5401 392 5440; x_wconf 89' lang='lat' dir='ltr'><strong>num</strong></span> <span class='ocrx_word' id='word_1_456' title='bbox 419 5382 736 5451; x_wconf 87' lang='lat' dir='ltr'><strong>Deum,sed</strong></span> <span class='ocrx_word' id='word_1_457' title='bbox 762 5383 1210 5452; x_wconf 89' lang='lat' dir='ltr'><strong>duos,majorem</strong></span> <span class='ocrx_word' id='word_1_458' title='bbox 1236 5379 1734 5445; x_wconf 88' lang='lat' dir='ltr'><strong>unum,minorem</strong></span> <span class='ocrx_word' id='word_1_459' title='bbox 1759 5380 1899 5435; x_wconf 89' lang='lat' dir='ltr'><strong>alte-</strong></span> 
     </span>
    </p>
   </div>
   <div class='ocr_carea' id='block_1_58' title="bbox 248 5470 1896 5545">
    <p class='ocr_par' dir='ltr' id='par_1_58' title="bbox 248 5470 1896 5545">
     <span class='ocr_line' id='line_1_58' title="bbox 248 5470 1896 5545; baseline 0.001 -19"><span class='ocrx_word' id='word_1_460' title='bbox 248 5492 413 5541; x_wconf 84' lang='lat' dir='ltr'><strong>rum;</strong></span> <span class='ocrx_word' id='word_1_461' title='bbox 448 5490 689 5545; x_wconf 87' lang='lat' dir='ltr'><strong>prorsus</strong></span> <span class='ocrx_word' id='word_1_462' title='bbox 715 5471 1091 5528; x_wconf 81' lang='lat' dir='ltr'><strong>confodimini</strong></span> <span class='ocrx_word' id='word_1_463' title='bbox 1123 5471 1315 5543; x_wconf 88' lang='lat' dir='ltr'><strong>gladio</strong></span> <span class='ocrx_word' id='word_1_464' title='bbox 1347 5470 1607 5525; x_wconf 88' lang='lat' dir='ltr'><strong>veritatis</strong></span> <span class='ocrx_word' id='word_1_465' title='bbox 1631 5470 1896 5538; x_wconf 90' lang='lat' dir='ltr'><strong>dicentis,</strong></span> 
     </span>
    </p>
   </div>
   <div class='ocr_carea' id='block_1_59' title="bbox 246 5561 1900 5630">
    <p class='ocr_par' dir='ltr' id='par_1_59' title="bbox 246 5561 1900 5630">
     <span class='ocr_line' id='line_1_59' title="bbox 246 5561 1900 5630; baseline -0.003 -9"><span class='ocrx_word' id='word_1_466' title='bbox 246 5564 410 5630; x_wconf 79' lang='lat' dir='ltr'><strong>Audi,</strong></span> <span class='ocrx_word' id='word_1_467' title='bbox 436 5564 626 5624; x_wconf 82' lang='lat' dir='ltr'><strong>Israel;</strong></span> <span class='ocrx_word' id='word_1_468' title='bbox 662 5564 929 5618; x_wconf 84' lang='lat' dir='ltr'><strong>Dominus</strong></span> <span class='ocrx_word' id='word_1_469' title='bbox 964 5563 1101 5616; x_wconf 83' lang='lat' dir='ltr'><strong>Deus</strong></span> <span class='ocrx_word' id='word_1_470' title='bbox 1141 5570 1283 5628; x_wconf 79' lang='lat' dir='ltr'><strong>tuus,</strong></span> <span class='ocrx_word' id='word_1_471' title='bbox 1307 5561 1568 5616; x_wconf 79' lang='lat' dir='ltr'><strong>Dominus</strong></span> <span class='ocrx_word' id='word_1_472' title='bbox 1598 5576 1742 5616; x_wconf 82' lang='lat' dir='ltr'><strong>unus</strong></span> <span class='ocrx_word' id='word_1_473' title='bbox 1771 5564 1852 5616; x_wconf 85' lang='lat' dir='ltr'><strong>est</strong></span> <span class='ocrx_word' id='word_1_474' title='bbox 1880 5578 1900 5616; x_wconf 87' lang='lat'><strong><em>:</em></strong></span> 
     </span>
    </p>
   </div>
   <div class='ocr_carea' id='block_1_60' title="bbox 252 5650 1904 5726">
    <p class='ocr_par' dir='ltr' id='par_1_60' title="bbox 252 5650 1904 5726">
     <span class='ocr_line' id='line_1_60' title="bbox 252 5650 1904 5726; baseline -0.001 -17"><span class='ocrx_word' id='word_1_475' title='bbox 252 5654 354 5726; x_wconf 86' lang='lat' dir='ltr'><strong>qui</strong></span> <span class='ocrx_word' id='word_1_476' title='bbox 377 5652 611 5719; x_wconf 84' lang='lat' dir='ltr'><strong>clamat,</strong></span> <span class='ocrx_word' id='word_1_477' title='bbox 643 5654 749 5723; x_wconf 82' lang='lat' dir='ltr'><strong>Ego</strong></span> <span class='ocrx_word' id='word_1_478' title='bbox 777 5669 897 5707; x_wconf 85' lang='lat' dir='ltr'><strong>sum</strong></span> <span class='ocrx_word' id='word_1_479' title='bbox 928 5652 1207 5718; x_wconf 81' lang='lat' dir='ltr'><strong>Dominus,</strong></span> <span class='ocrx_word' id='word_1_480' title='bbox 1229 5656 1280 5706; x_wconf 86' lang='grc' dir='ltr'><em>ει</em></span> <span class='ocrx_word' id='word_1_481' title='bbox 1312 5666 1416 5705; x_wconf 88' lang='lat' dir='ltr'><strong>non</strong></span> <span class='ocrx_word' id='word_1_482' title='bbox 1440 5655 1516 5705; x_wconf 87' lang='lat' dir='ltr'><strong>est</strong></span> <span class='ocrx_word' id='word_1_483' title='bbox 1537 5650 1681 5705; x_wconf 82' lang='lat' dir='ltr'><strong>alius</strong></span> <span class='ocrx_word' id='word_1_484' title='bbox 1697 5659 1904 5721; x_wconf 53' lang='lat' dir='ltr'><strong>prater</strong></span> 
     </span>
    </p>
   </div>
   <div class='ocr_carea' id='block_1_61' title="bbox 251 5737 1905 5815">
    <p class='ocr_par' dir='ltr' id='par_1_61' title="bbox 251 5737 1905 5815">
     <span class='ocr_line' id='line_1_61' title="bbox 251 5737 1905 5815; baseline 0 -14"><span class='ocrx_word' id='word_1_485' title='bbox 251 5758 360 5801; x_wconf 81' lang='lat' dir='ltr'><strong>me.</strong></span> <span class='ocrx_word' id='word_1_486' title='bbox 378 5742 580 5815; x_wconf 88' lang='lat' dir='ltr'><strong>Neque</strong></span> <span class='ocrx_word' id='word_1_487' title='bbox 607 5741 766 5798; x_wconf 89' lang='lat' dir='ltr'><strong>enim</strong></span> <span class='ocrx_word' id='word_1_488' title='bbox 809 5744 963 5797; x_wconf 84' lang='lat' dir='ltr'><strong>Deus</strong></span> <span class='ocrx_word' id='word_1_489' title='bbox 1004 5738 1172 5796; x_wconf 89' lang='lat' dir='ltr'><strong>Pater</strong></span> <span class='ocrx_word' id='word_1_490' title='bbox 1215 5739 1301 5796; x_wconf 87' lang='lat' dir='ltr'><strong>sic</strong></span> <span class='ocrx_word' id='word_1_491' title='bbox 1342 5737 1511 5796; x_wconf 87' lang='lat' dir='ltr'><strong>vellet</strong></span> <span class='ocrx_word' id='word_1_492' title='bbox 1545 5738 1839 5799; x_wconf 83' lang='lat' dir='ltr'><strong>Israelitas</strong></span> <span class='ocrx_word' id='word_1_493' title='bbox 1869 5758 1905 5801; x_wconf 69' lang='grc' dir='ltr'><strong>ο,</strong></span> 
     </span>
    </p>
   </div>
   <div class='ocr_carea' id='block_1_62' title="bbox 321 5835 1789 5907">
    <p class='ocr_par' dir='ltr' id='par_1_62' title="bbox 321 5835 1789 5907">
     <span class='ocr_line' id='line_1_62' title="bbox 321 5835 1789 5907; baseline 0 -12"><span class='ocrx_word' id='word_1_494' title='bbox 321 5843 343 5882; x_wconf 77' lang='grc' dir='ltr'>ί</span> <span class='ocrx_word' id='word_1_495' title='bbox 366 5840 454 5899; x_wconf 74' lang='lat' dir='ltr'><strong>Er.</strong></span> <span class='ocrx_word' id='word_1_496' title='bbox 479 5839 650 5907; x_wconf 73' lang='lat' dir='ltr'><strong>Lugd.</strong></span> <span class='ocrx_word' id='word_1_497' title='bbox 673 5839 829 5906; x_wconf 69' lang='grc' dir='ltr'><strong>ναι..</strong></span> <span class='ocrx_word' id='word_1_498' title='bbox 855 5835 1282 5895; x_wconf 68' lang='grc' dir='ltr'><strong>άσεαιαὸίιὼνετη</strong></span> <span class='ocrx_word' id='word_1_499' title='bbox 1309 5837 1624 5893; x_wconf 70' lang='lat' dir='ltr'><strong>convincam.</strong></span> <span class='ocrx_word' id='word_1_500' title='bbox 1717 5838 1789 5895; x_wconf 75' lang='grc' dir='ltr'><strong>Μ.</strong></span> 
     </span>
    </p>
   </div>
   <div class='ocr_carea' id='block_1_63' title="bbox 1553 334 2264 399">
    <p class='ocr_par' dir='ltr' id='par_1_63' title="bbox 1553 334 2264 399">
     <span class='ocr_line' id='line_1_63' title="bbox 1553 334 2264 399; baseline -0.006 0"><span class='ocrx_word' id='word_1_501' title='bbox 1553 336 1791 399; x_wconf 81' lang='lat' dir='ltr'><strong>LIBER</strong></span> <span class='ocrx_word' id='word_1_502' title='bbox 1831 334 2264 399; x_wconf 87' lang='lat' dir='ltr'><strong>SECUNDUS.</strong></span> 
     </span>
    </p>
   </div>
   <div class='ocr_carea' id='block_1_64' title="bbox 3492 336 3613 396">
    <p class='ocr_par' dir='ltr' id='par_1_64' title="bbox 3492 336 3613 396">
     <span class='ocr_line' id='line_1_64' title="bbox 3492 336 3613 396; baseline 0 -1"><span class='ocrx_word' id='word_1_503' title='bbox 3492 336 3613 396; x_wconf 85' lang='lat'><strong>798</strong></span> 
     </span>
    </p>
   </div>
   <div class='ocr_carea' id='block_1_65' title="bbox 1958 472 3607 544">
    <p class='ocr_par' dir='ltr' id='par_1_65' title="bbox 1958 472 3607 544">
     <span class='ocr_line' id='line_1_65' title="bbox 1958 472 3607 544; baseline 0.002 -17"><span class='ocrx_word' id='word_1_504' title='bbox 1958 473 2117 527; x_wconf 91' lang='lat' dir='ltr'><strong>cultu</strong></span> <span class='ocrx_word' id='word_1_505' title='bbox 2152 474 2392 528; x_wconf 87' lang='lat' dir='ltr'><strong>deorum</strong></span> <span class='ocrx_word' id='word_1_506' title='bbox 2426 489 2692 530; x_wconf 87' lang='lat' dir='ltr'><strong>revocare</strong></span> <span class='ocrx_word' id='word_1_507' title='bbox 2740 472 3060 529; x_wconf 89' lang='lat' dir='ltr'><strong>multorum</strong></span> <span class='ocrx_word' id='word_1_508' title='bbox 3092 476 3265 544; x_wconf 89' lang='lat' dir='ltr'><strong>atque</strong></span> <span class='ocrx_word' id='word_1_509' title='bbox 3296 472 3607 543; x_wconf 85' lang='lat' dir='ltr'><strong>falsorum,</strong></span> 
     </span>
    </p>
   </div>
   <div class='ocr_carea' id='block_1_66' title="bbox 1959 560 3607 629">
    <p class='ocr_par' dir='ltr' id='par_1_66' title="bbox 1959 560 3607 629">
     <span class='ocr_line' id='line_1_66' title="bbox 1959 560 3607 629; baseline 0.002 -14"><span class='ocrx_word' id='word_1_510' title='bbox 1959 566 2023 615; x_wconf 89' lang='lat' dir='ltr'><strong>ut</strong></span> <span class='ocrx_word' id='word_1_511' title='bbox 2052 561 2135 617; x_wconf 87' lang='lat' dir='ltr'><strong>eis</strong></span> <span class='ocrx_word' id='word_1_512' title='bbox 2166 562 2235 617; x_wconf 93' lang='lat' dir='ltr'><strong>de</strong></span> <span class='ocrx_word' id='word_1_513' title='bbox 2271 579 2382 617; x_wconf 92' lang='lat' dir='ltr'><strong>uno</strong></span> <span class='ocrx_word' id='word_1_514' title='bbox 2418 567 2527 617; x_wconf 93' lang='lat' dir='ltr'><strong>Deo</strong></span> <span class='ocrx_word' id='word_1_515' title='bbox 2558 578 2625 618; x_wconf 91' lang='lat' dir='ltr'><strong>ac</strong></span> <span class='ocrx_word' id='word_1_516' title='bbox 2656 562 2900 617; x_wconf 90' lang='lat' dir='ltr'><strong>Domino</strong></span> <span class='ocrx_word' id='word_1_517' title='bbox 2933 560 3295 629; x_wconf 90' lang='lat' dir='ltr'><strong>mentiretur,</strong></span> <span class='ocrx_word' id='word_1_518' title='bbox 3311 566 3366 617; x_wconf 92' lang='lat' dir='ltr'><strong>et</strong></span> <span class='ocrx_word' id='word_1_519' title='bbox 3388 562 3607 619; x_wconf 89' lang='lat' dir='ltr'><strong>diceret</strong></span> 
     </span>
    </p>
   </div>
   <div class='ocr_carea' id='block_1_67' title="bbox 1966 651 3608 723">
    <p class='ocr_par' dir='ltr' id='par_1_67' title="bbox 1966 651 3608 723">
     <span class='ocr_line' id='line_1_67' title="bbox 1966 651 3608 723; baseline 0.002 -19"><span class='ocrx_word' id='word_1_520' title='bbox 1966 666 2079 705; x_wconf 90' lang='lat' dir='ltr'><strong>non</strong></span> <span class='ocrx_word' id='word_1_521' title='bbox 2113 668 2240 706; x_wconf 86' lang='lat' dir='ltr'><strong>esse</strong></span> <span class='ocrx_word' id='word_1_522' title='bbox 2289 657 2495 723; x_wconf 71' lang='lat' dir='ltr'><strong>praeter</strong></span> <span class='ocrx_word' id='word_1_523' title='bbox 2542 669 2602 707; x_wconf 91' lang='lat' dir='ltr'><strong>se</strong></span> <span class='ocrx_word' id='word_1_524' title='bbox 2651 651 2827 706; x_wconf 90' lang='lat' dir='ltr'><strong>alium</strong></span> <span class='ocrx_word' id='word_1_525' title='bbox 2881 652 3374 717; x_wconf 55' lang='lat' dir='ltr'><strong>Dominum-cum</strong></span> <span class='ocrx_word' id='word_1_526' title='bbox 3432 651 3608 707; x_wconf 86' lang='lat' dir='ltr'><strong>sciret</strong></span> 
     </span>
    </p>
   </div>
   <div class='ocr_carea' id='block_1_68' title="bbox 1964 738 3604 796">
    <p class='ocr_par' dir='ltr' id='par_1_68' title="bbox 1964 738 3604 796">
     <span class='ocr_line' id='line_1_68' title="bbox 1964 738 3604 796; baseline 0.001 -3"><span class='ocrx_word' id='word_1_527' title='bbox 1964 738 2146 794; x_wconf 90' lang='lat' dir='ltr'><strong>Deum</strong></span> <span class='ocrx_word' id='word_1_528' title='bbox 2178 745 2236 795; x_wconf 92' lang='lat' dir='ltr'><strong>et</strong></span> <span class='ocrx_word' id='word_1_529' title='bbox 2265 741 2577 796; x_wconf 90' lang='lat' dir='ltr'><strong>Dominum</strong></span> <span class='ocrx_word' id='word_1_530' title='bbox 2609 758 2736 795; x_wconf 89' lang='lat' dir='ltr'><strong>esse</strong></span> <span class='ocrx_word' id='word_1_531' title='bbox 2768 758 2939 795; x_wconf 87' lang='lat' dir='ltr'><strong>suum</strong></span> <span class='ocrx_word' id='word_1_532' title='bbox 2965 739 3199 794; x_wconf 90' lang='lat' dir='ltr'><strong>Filium.</strong></span> <span class='ocrx_word' id='word_1_533' title='bbox 3231 740 3396 795; x_wconf 85' lang='lat' dir='ltr'><strong>Absit</strong></span> <span class='ocrx_word' id='word_1_534' title='bbox 3425 745 3488 794; x_wconf 91' lang='lat' dir='ltr'><strong>ut</strong></span> <span class='ocrx_word' id='word_1_535' title='bbox 3517 756 3604 795; x_wconf 87' lang='lat' dir='ltr'><strong>ve-</strong></span> 
     </span>
    </p>
   </div>
   <div class='ocr_carea' id='block_1_69' title="bbox 1966 828 3607 901">
    <p class='ocr_par' dir='ltr' id='par_1_69' title="bbox 1966 828 3607 901">
     <span class='ocr_line' id='line_1_69' title="bbox 1966 828 3607 901; baseline 0.002 -20"><span class='ocrx_word' id='word_1_536' title='bbox 1966 829 2109 883; x_wconf 87' lang='lat' dir='ltr'><strong>ritas</strong></span> <span class='ocrx_word' id='word_1_537' title='bbox 2140 833 2195 883; x_wconf 88' lang='lat' dir='ltr'><strong>et</strong></span> <span class='ocrx_word' id='word_1_538' title='bbox 2222 830 2482 884; x_wconf 83' lang='lat' dir='ltr'><strong>veritatis</strong></span> <span class='ocrx_word' id='word_1_539' title='bbox 2502 830 2667 885; x_wconf 86' lang='lat' dir='ltr'><strong>Pater</strong></span> <span class='ocrx_word' id='word_1_540' title='bbox 2689 829 2992 884; x_wconf 86' lang='lat' dir='ltr'><strong>mendacio</strong></span> <span class='ocrx_word' id='word_1_541' title='bbox 3015 830 3304 900; x_wconf 84' lang='lat' dir='ltr'><strong>deciperet</strong></span> <span class='ocrx_word' id='word_1_542' title='bbox 3327 828 3607 901; x_wconf 82' lang='lat' dir='ltr'><strong>pupulum</strong></span> 
     </span>
    </p>
   </div>
   <div class='ocr_carea' id='block_1_70' title="bbox 1967 918 3613 983">
    <p class='ocr_par' dir='ltr' id='par_1_70' title="bbox 1967 918 3613 983">
     <span class='ocr_line' id='line_1_70' title="bbox 1967 918 3613 983; baseline 0.001 -12"><span class='ocrx_word' id='word_1_543' title='bbox 1967 935 2139 971; x_wconf 90' lang='lat' dir='ltr'><strong>suum</strong></span> <span class='ocrx_word' id='word_1_544' title='bbox 2168 934 2180 971; x_wconf 90' lang='lat'><strong>:</strong></span> <span class='ocrx_word' id='word_1_545' title='bbox 2215 918 2615 974; x_wconf 72' lang='lat' dir='ltr'><strong>haereticorum</strong></span> <span class='ocrx_word' id='word_1_546' title='bbox 2649 919 2886 983; x_wconf 74' lang='lat' dir='ltr'><strong>sithzec,</strong></span> <span class='ocrx_word' id='word_1_547' title='bbox 2912 936 3025 973; x_wconf 88' lang='lat' dir='ltr'><strong>non</strong></span> <span class='ocrx_word' id='word_1_548' title='bbox 3058 918 3613 973; x_wconf 82' lang='lat' dir='ltr'><strong>catholicorumtam</strong></span> 
     </span>
    </p>
   </div>
   <div class='ocr_carea' id='block_1_71' title="bbox 1968 1006 3613 1079">
    <p class='ocr_par' dir='ltr' id='par_1_71' title="bbox 1968 1006 3613 1079">
     <span class='ocr_line' id='line_1_71' title="bbox 1968 1006 3613 1079; baseline 0.001 -20"><span class='ocrx_word' id='word_1_549' title='bbox 1968 1006 2259 1062; x_wconf 88' lang='lat' dir='ltr'><strong>horrenda</strong></span> <span class='ocrx_word' id='word_1_550' title='bbox 2288 1012 2343 1062; x_wconf 90' lang='lat' dir='ltr'><strong>et</strong></span> <span class='ocrx_word' id='word_1_551' title='bbox 2373 1009 2715 1063; x_wconf 86' lang='lat' dir='ltr'><strong>detestanda</strong></span> <span class='ocrx_word' id='word_1_552' title='bbox 2756 1007 3143 1079; x_wconf 87' lang='lat' dir='ltr'><strong>blasphemia.</strong></span> <span class='ocrx_word' id='word_1_553' title='bbox 3184 1007 3428 1063; x_wconf 87' lang='lat' dir='ltr'><strong>Prorsus</strong></span> <span class='ocrx_word' id='word_1_554' title='bbox 3459 1007 3613 1062; x_wconf 91' lang='lat' dir='ltr'><strong>Deus</strong></span> 
     </span>
    </p>
   </div>
   <div class='ocr_carea' id='block_1_72' title="bbox 1967 1096 3617 1166">
    <p class='ocr_par' dir='ltr' id='par_1_72' title="bbox 1967 1096 3617 1166">
     <span class='ocr_line' id='line_1_72' title="bbox 1967 1096 3617 1166; baseline 0.002 -19"><span class='ocrx_word' id='word_1_555' title='bbox 1967 1111 2165 1149; x_wconf 90' lang='lat' dir='ltr'><strong>verum</strong></span> <span class='ocrx_word' id='word_1_556' title='bbox 2198 1097 2358 1166; x_wconf 88' lang='lat' dir='ltr'><strong>dicit,</strong></span> <span class='ocrx_word' id='word_1_557' title='bbox 2392 1114 2523 1151; x_wconf 91' lang='lat' dir='ltr'><strong>eum</strong></span> <span class='ocrx_word' id='word_1_558' title='bbox 2558 1096 2717 1165; x_wconf 91' lang='lat' dir='ltr'><strong>dicit,</strong></span> <span class='ocrx_word' id='word_1_559' title='bbox 2756 1097 2916 1166; x_wconf 82' lang='lat' dir='ltr'><strong>Audi,</strong></span> <span class='ocrx_word' id='word_1_560' title='bbox 2959 1097 3149 1162; x_wconf 82' lang='lat' dir='ltr'><strong>Israel;</strong></span> <span class='ocrx_word' id='word_1_561' title='bbox 3180 1097 3442 1151; x_wconf 86' lang='lat' dir='ltr'><strong>Dominus</strong></span> <span class='ocrx_word' id='word_1_562' title='bbox 3473 1101 3617 1151; x_wconf 86' lang='lat' dir='ltr'><strong>Deus</strong></span> 
     </span>
    </p>
   </div>
   <div class='ocr_carea' id='block_1_73' title="bbox 1970 1184 3620 1257">
    <p class='ocr_par' dir='ltr' id='par_1_73' title="bbox 1970 1184 3620 1257">
     <span class='ocr_line' id='line_1_73' title="bbox 1970 1184 3620 1257; baseline 0.001 -19"><span class='ocrx_word' id='word_1_563' title='bbox 1970 1188 2118 1249; x_wconf 87' lang='lat' dir='ltr'><strong>tuus,</strong></span> <span class='ocrx_word' id='word_1_564' title='bbox 2152 1186 2413 1240; x_wconf 87' lang='lat' dir='ltr'><strong>Dominus</strong></span> <span class='ocrx_word' id='word_1_565' title='bbox 2440 1203 2583 1239; x_wconf 89' lang='lat' dir='ltr'><strong>unus</strong></span> <span class='ocrx_word' id='word_1_566' title='bbox 2613 1196 2691 1240; x_wconf 89' lang='lat' dir='ltr'><strong>est</strong></span> <span class='ocrx_word' id='word_1_567' title='bbox 2723 1204 2740 1238; x_wconf 90' lang='lat'><em>:</em></span> <span class='ocrx_word' id='word_1_568' title='bbox 2774 1185 2912 1257; x_wconf 88' lang='lat' dir='ltr'><strong>quia</strong></span> <span class='ocrx_word' id='word_1_569' title='bbox 2942 1186 3110 1240; x_wconf 89' lang='lat' dir='ltr'><strong>Pater</strong></span> <span class='ocrx_word' id='word_1_570' title='bbox 3139 1190 3195 1239; x_wconf 93' lang='lat' dir='ltr'><strong>et</strong></span> <span class='ocrx_word' id='word_1_571' title='bbox 3213 1184 3463 1240; x_wconf 89' lang='lat' dir='ltr'><strong>Filiuset</strong></span> <span class='ocrx_word' id='word_1_572' title='bbox 3484 1185 3620 1256; x_wconf 86' lang='lat' dir='ltr'><strong>Spi-</strong></span> 
     </span>
    </p>
   </div>
   <div class='ocr_carea' id='block_1_74' title="bbox 1972 1273 3625 1345">
    <p class='ocr_par' dir='ltr' id='par_1_74' title="bbox 1972 1273 3625 1345">
     <span class='ocr_line' id='line_1_74' title="bbox 1972 1273 3625 1345; baseline 0.001 -17"><span class='ocrx_word' id='word_1_573' title='bbox 1972 1273 2121 1329; x_wconf 89' lang='lat' dir='ltr'><strong>ritus</strong></span> <span class='ocrx_word' id='word_1_574' title='bbox 2152 1279 2406 1341; x_wconf 83' lang='lat' dir='ltr'><strong>tanctus,</strong></span> <span class='ocrx_word' id='word_1_575' title='bbox 2440 1292 2556 1330; x_wconf 92' lang='lat' dir='ltr'><strong>non</strong></span> <span class='ocrx_word' id='word_1_576' title='bbox 2579 1282 2694 1331; x_wconf 90' lang='lat' dir='ltr'><strong>tres</strong></span> <span class='ocrx_word' id='word_1_577' title='bbox 2726 1274 2826 1345; x_wconf 90' lang='lat' dir='ltr'><strong>dii,</strong></span> <span class='ocrx_word' id='word_1_578' title='bbox 2856 1274 2955 1329; x_wconf 92' lang='lat' dir='ltr'><strong>sed</strong></span> <span class='ocrx_word' id='word_1_579' title='bbox 2981 1291 3134 1329; x_wconf 90' lang='lat' dir='ltr'><strong>unus</strong></span> <span class='ocrx_word' id='word_1_580' title='bbox 3167 1280 3338 1342; x_wconf 87' lang='lat' dir='ltr'><strong>Deus;</strong></span> <span class='ocrx_word' id='word_1_581' title='bbox 3372 1290 3475 1329; x_wconf 89' lang='lat' dir='ltr'><strong>nec</strong></span> <span class='ocrx_word' id='word_1_582' title='bbox 3506 1278 3625 1329; x_wconf 87' lang='lat' dir='ltr'><strong>tres</strong></span> 
     </span>
    </p>
   </div>
   <div class='ocr_carea' id='block_1_75' title="bbox 1972 1362 3626 1431">
    <p class='ocr_par' dir='ltr' id='par_1_75' title="bbox 1972 1362 3626 1431">
     <span class='ocr_line' id='line_1_75' title="bbox 1972 1362 3626 1431; baseline 0.001 -14"><span class='ocrx_word' id='word_1_583' title='bbox 1972 1362 2218 1431; x_wconf 89' lang='lat' dir='ltr'><strong>domini,</strong></span> <span class='ocrx_word' id='word_1_584' title='bbox 2251 1364 2351 1419; x_wconf 90' lang='lat' dir='ltr'><strong>sed</strong></span> <span class='ocrx_word' id='word_1_585' title='bbox 2385 1382 2534 1419; x_wconf 91' lang='lat' dir='ltr'><strong>unus</strong></span> <span class='ocrx_word' id='word_1_586' title='bbox 2568 1365 2853 1419; x_wconf 90' lang='lat' dir='ltr'><strong>Dominus</strong></span> <span class='ocrx_word' id='word_1_587' title='bbox 2884 1368 2992 1420; x_wconf 90' lang='lat' dir='ltr'><strong>est.</strong></span> <span class='ocrx_word' id='word_1_588' title='bbox 3030 1367 3276 1419; x_wconf 85' lang='lat' dir='ltr'><strong>Prorsus</strong></span> <span class='ocrx_word' id='word_1_589' title='bbox 3307 1379 3508 1419; x_wconf 90' lang='lat' dir='ltr'><strong>verum</strong></span> <span class='ocrx_word' id='word_1_590' title='bbox 3541 1362 3626 1418; x_wconf 89' lang='lat' dir='ltr'><strong>di-</strong></span> 
     </span>
    </p>
   </div>
   <div class='ocr_carea' id='block_1_76' title="bbox 1975 1451 3626 1524">
    <p class='ocr_par' dir='ltr' id='par_1_76' title="bbox 1975 1451 3626 1524">
     <span class='ocr_line' id='line_1_76' title="bbox 1975 1451 3626 1524; baseline 0.001 -18"><span class='ocrx_word' id='word_1_591' title='bbox 1975 1451 2076 1517; x_wconf 92' lang='lat' dir='ltr'><strong>cit,</strong></span> <span class='ocrx_word' id='word_1_592' title='bbox 2106 1454 2213 1524; x_wconf 85' lang='lat' dir='ltr'><strong>Ego</strong></span> <span class='ocrx_word' id='word_1_593' title='bbox 2244 1469 2365 1507; x_wconf 89' lang='lat' dir='ltr'><strong>sum</strong></span> <span class='ocrx_word' id='word_1_594' title='bbox 2395 1454 2679 1521; x_wconf 85' lang='lat' dir='ltr'><strong>Dominus,</strong></span> <span class='ocrx_word' id='word_1_595' title='bbox 2713 1458 2762 1508; x_wconf 82' lang='lat' dir='ltr'><strong>et</strong></span> <span class='ocrx_word' id='word_1_596' title='bbox 2806 1469 2911 1507; x_wconf 90' lang='lat' dir='ltr'><strong>non</strong></span> <span class='ocrx_word' id='word_1_597' title='bbox 2954 1458 3033 1508; x_wconf 88' lang='lat' dir='ltr'><strong>est</strong></span> <span class='ocrx_word' id='word_1_598' title='bbox 3065 1453 3210 1507; x_wconf 82' lang='lat' dir='ltr'><strong>alius</strong></span> <span class='ocrx_word' id='word_1_599' title='bbox 3257 1456 3463 1524; x_wconf 64' lang='lat' dir='ltr'><strong>praeter</strong></span> <span class='ocrx_word' id='word_1_600' title='bbox 3490 1467 3576 1507; x_wconf 85' lang='lat' dir='ltr'><strong>me</strong></span> <span class='ocrx_word' id='word_1_601' title='bbox 3606 1472 3626 1507; x_wconf 81' lang='lat'><strong>.-</strong></span> 
     </span>
    </p>
   </div>
   <div class='ocr_carea' id='block_1_77' title="bbox 1976 1541 3625 1613">
    <p class='ocr_par' dir='ltr' id='par_1_77' title="bbox 1976 1541 3625 1613">
     <span class='ocr_line' id='line_1_77' title="bbox 1976 1541 3625 1613; baseline 0.001 -18"><span class='ocrx_word' id='word_1_602' title='bbox 1976 1541 2115 1612; x_wconf 90' lang='lat' dir='ltr'><strong>quia</strong></span> <span class='ocrx_word' id='word_1_603' title='bbox 2148 1558 2260 1596; x_wconf 91' lang='lat' dir='ltr'><strong>non</strong></span> <span class='ocrx_word' id='word_1_604' title='bbox 2312 1542 2418 1597; x_wconf 82' lang='lat' dir='ltr'><strong>hoc</strong></span> <span class='ocrx_word' id='word_1_605' title='bbox 2467 1542 2634 1597; x_wconf 88' lang='lat' dir='ltr'><strong>Pater</strong></span> <span class='ocrx_word' id='word_1_606' title='bbox 2680 1547 2931 1610; x_wconf 89' lang='lat' dir='ltr'><strong>tantum,</strong></span> <span class='ocrx_word' id='word_1_607' title='bbox 2961 1542 3060 1597; x_wconf 89' lang='lat' dir='ltr'><strong>sed</strong></span> <span class='ocrx_word' id='word_1_608' title='bbox 3097 1542 3223 1613; x_wconf 90' lang='lat' dir='ltr'><strong>ipsa</strong></span> <span class='ocrx_word' id='word_1_609' title='bbox 3252 1542 3506 1597; x_wconf 83' lang='lat' dir='ltr'><strong>Trinitas</strong></span> <span class='ocrx_word' id='word_1_610' title='bbox 3538 1541 3625 1596; x_wconf 88' lang='lat' dir='ltr'><strong>di-</strong></span> 
     </span>
    </p>
   </div>
   <div class='ocr_carea' id='block_1_78' title="bbox 1977 1630 3626 1702">
    <p class='ocr_par' dir='ltr' id='par_1_78' title="bbox 1977 1630 3626 1702">
     <span class='ocr_line' id='line_1_78' title="bbox 1977 1630 3626 1702; baseline 0.001 -18"><span class='ocrx_word' id='word_1_611' title='bbox 1977 1630 2056 1685; x_wconf 89' lang='lat' dir='ltr'><strong>cit</strong></span> <span class='ocrx_word' id='word_1_612' title='bbox 2089 1647 2101 1685; x_wconf 89' lang='lat'>:</span> <span class='ocrx_word' id='word_1_613' title='bbox 2136 1630 2229 1685; x_wconf 90' lang='lat' dir='ltr'><strong>hic</strong></span> <span class='ocrx_word' id='word_1_614' title='bbox 2260 1635 2348 1685; x_wconf 89' lang='lat' dir='ltr'><strong>est</strong></span> <span class='ocrx_word' id='word_1_615' title='bbox 2378 1631 2662 1685; x_wconf 91' lang='lat' dir='ltr'><strong>Dominus</strong></span> <span class='ocrx_word' id='word_1_616' title='bbox 2695 1648 2867 1699; x_wconf 87' lang='lat' dir='ltr'><strong>unus,</strong></span> <span class='ocrx_word' id='word_1_617' title='bbox 2902 1635 2957 1686; x_wconf 91' lang='lat' dir='ltr'><strong>et</strong></span> <span class='ocrx_word' id='word_1_618' title='bbox 2989 1648 3102 1685; x_wconf 91' lang='lat' dir='ltr'><strong>non</strong></span> <span class='ocrx_word' id='word_1_619' title='bbox 3136 1630 3282 1685; x_wconf 82' lang='lat' dir='ltr'><strong>alius</strong></span> <span class='ocrx_word' id='word_1_620' title='bbox 3314 1636 3518 1702; x_wconf 65' lang='lat' dir='ltr'><strong>praeter</strong></span> <span class='ocrx_word' id='word_1_621' title='bbox 3543 1630 3626 1699; x_wconf 91' lang='lat' dir='ltr'><strong>ip-</strong></span> 
     </span>
    </p>
   </div>
   <div class='ocr_carea' id='block_1_79' title="bbox 1980 1720 3629 1790">
    <p class='ocr_par' dir='ltr' id='par_1_79' title="bbox 1980 1720 3629 1790">
     <span class='ocr_line' id='line_1_79' title="bbox 1980 1720 3629 1790; baseline -0.001 -15"><span class='ocrx_word' id='word_1_622' title='bbox 1980 1736 2134 1775; x_wconf 88' lang='lat' dir='ltr'><strong>sum.</strong></span> <span class='ocrx_word' id='word_1_623' title='bbox 2171 1720 2316 1777; x_wconf 90' lang='lat' dir='ltr'><strong>Nam</strong></span> <span class='ocrx_word' id='word_1_624' title='bbox 2367 1720 2415 1774; x_wconf 92' lang='lat' dir='ltr'><strong>si</strong></span> <span class='ocrx_word' id='word_1_625' title='bbox 2450 1721 2616 1775; x_wconf 87' lang='lat' dir='ltr'><strong>Pater</strong></span> <span class='ocrx_word' id='word_1_626' title='bbox 2646 1721 2882 1787; x_wconf 81' lang='lat' dir='ltr'><strong>diceret,</strong></span> <span class='ocrx_word' id='word_1_627' title='bbox 2933 1722 3043 1790; x_wconf 91' lang='lat' dir='ltr'><strong>Ego</strong></span> <span class='ocrx_word' id='word_1_628' title='bbox 3088 1737 3209 1776; x_wconf 87' lang='lat' dir='ltr'><strong>sum</strong></span> <span class='ocrx_word' id='word_1_629' title='bbox 3258 1721 3541 1785; x_wconf 88' lang='lat' dir='ltr'><strong>Dominus,</strong></span> <span class='ocrx_word' id='word_1_630' title='bbox 3574 1723 3629 1774; x_wconf 86' lang='grc' dir='ltr'><em>ει</em></span> 
     </span>
    </p>
   </div>
   <div class='ocr_carea' id='block_1_80' title="bbox 1978 1808 3627 1881">
    <p class='ocr_par' dir='ltr' id='par_1_80' title="bbox 1978 1808 3627 1881">
     <span class='ocr_line' id='line_1_80' title="bbox 1978 1808 3627 1881; baseline 0.001 -18"><span class='ocrx_word' id='word_1_631' title='bbox 1978 1824 2088 1863; x_wconf 87' lang='lat' dir='ltr'><strong>non</strong></span> <span class='ocrx_word' id='word_1_632' title='bbox 2118 1812 2199 1862; x_wconf 86' lang='lat' dir='ltr'><strong>est</strong></span> <span class='ocrx_word' id='word_1_633' title='bbox 2230 1810 2377 1863; x_wconf 84' lang='lat' dir='ltr'><strong>alius</strong></span> <span class='ocrx_word' id='word_1_634' title='bbox 2402 1814 2610 1880; x_wconf 70' lang='lat' dir='ltr'><strong>praeter</strong></span> <span class='ocrx_word' id='word_1_635' title='bbox 2635 1826 2720 1864; x_wconf 88' lang='lat' dir='ltr'><strong>me</strong></span> <span class='ocrx_word' id='word_1_636' title='bbox 2748 1834 2762 1875; x_wconf 79' lang='grc' dir='ltr'>ς</span> <span class='ocrx_word' id='word_1_637' title='bbox 2802 1815 3037 1881; x_wconf 84' lang='lat' dir='ltr'><strong>negaret</strong></span> <span class='ocrx_word' id='word_1_638' title='bbox 3066 1810 3269 1879; x_wconf 90' lang='lat' dir='ltr'><strong>utique</strong></span> <span class='ocrx_word' id='word_1_639' title='bbox 3310 1808 3627 1864; x_wconf 90' lang='lat' dir='ltr'><strong>Dominum</strong></span> 
     </span>
    </p>
   </div>
   <div class='ocr_carea' id='block_1_81' title="bbox 1983 1898 3633 1969">
    <p class='ocr_par' dir='ltr' id='par_1_81' title="bbox 1983 1898 3633 1969">
     <span class='ocr_line' id='line_1_81' title="bbox 1983 1898 3633 1969; baseline 0.001 -17"><span class='ocrx_word' id='word_1_640' title='bbox 1983 1913 2111 1953; x_wconf 89' lang='lat' dir='ltr'><strong>esse</strong></span> <span class='ocrx_word' id='word_1_641' title='bbox 2142 1898 2509 1969; x_wconf 84' lang='lat' dir='ltr'><strong>unigenitum</strong></span> <span class='ocrx_word' id='word_1_642' title='bbox 2545 1898 2779 1964; x_wconf 83' lang='lat' dir='ltr'><strong>Filium,</strong></span> <span class='ocrx_word' id='word_1_643' title='bbox 2815 1900 2881 1954; x_wconf 88' lang='lat' dir='ltr'><strong>Et</strong></span> <span class='ocrx_word' id='word_1_644' title='bbox 2911 1899 3045 1969; x_wconf 91' lang='lat' dir='ltr'><strong>quis</strong></span> <span class='ocrx_word' id='word_1_645' title='bbox 3076 1904 3338 1953; x_wconf 91' lang='lat' dir='ltr'><strong>nostrum</strong></span> <span class='ocrx_word' id='word_1_646' title='bbox 3391 1898 3633 1953; x_wconf 84' lang='lat' dir='ltr'><strong>auderet</strong></span> 
     </span>
    </p>
   </div>
   <div class='ocr_carea' id='block_1_82' title="bbox 1986 1987 3638 2058">
    <p class='ocr_par' dir='ltr' id='par_1_82' title="bbox 1986 1987 3638 2058">
     <span class='ocr_line' id='line_1_82' title="bbox 1986 1987 3638 2058; baseline 0.001 -17"><span class='ocrx_word' id='word_1_647' title='bbox 1986 2002 2119 2042; x_wconf 89' lang='lat' dir='ltr'><strong>eum</strong></span> <span class='ocrx_word' id='word_1_648' title='bbox 2158 1988 2467 2042; x_wconf 90' lang='lat' dir='ltr'><strong>Dominum</strong></span> <span class='ocrx_word' id='word_1_649' title='bbox 2501 1988 2786 2055; x_wconf 83' lang='lat' dir='ltr'><strong>conﬁteri,</strong></span> <span class='ocrx_word' id='word_1_650' title='bbox 2820 1988 3252 2043; x_wconf 88' lang='lat' dir='ltr'><strong>contradicente</strong></span> <span class='ocrx_word' id='word_1_651' title='bbox 3270 1987 3434 2042; x_wconf 90' lang='lat' dir='ltr'><strong>Patre</strong></span> <span class='ocrx_word' id='word_1_652' title='bbox 3460 1990 3638 2058; x_wconf 87' lang='lat' dir='ltr'><strong>atque</strong></span> 
     </span>
    </p>
   </div>
   <div class='ocr_carea' id='block_1_83' title="bbox 1990 2076 3639 2147">
    <p class='ocr_par' dir='ltr' id='par_1_83' title="bbox 1990 2076 3639 2147">
     <span class='ocr_line' id='line_1_83' title="bbox 1990 2076 3639 2147; baseline -0.001 -16"><span class='ocrx_word' id='word_1_653' title='bbox 1990 2076 2237 2141; x_wconf 91' lang='lat' dir='ltr'><strong>dicente,</strong></span> <span class='ocrx_word' id='word_1_654' title='bbox 2278 2077 2385 2147; x_wconf 86' lang='lat' dir='ltr'><strong>Ego</strong></span> <span class='ocrx_word' id='word_1_655' title='bbox 2414 2093 2536 2131; x_wconf 88' lang='lat' dir='ltr'><strong>sum</strong></span> <span class='ocrx_word' id='word_1_656' title='bbox 2564 2078 2851 2143; x_wconf 89' lang='lat' dir='ltr'><strong>Dominus,</strong></span> <span class='ocrx_word' id='word_1_657' title='bbox 2882 2080 2930 2132; x_wconf 84' lang='lat' dir='ltr'><strong>et</strong></span> <span class='ocrx_word' id='word_1_658' title='bbox 2960 2093 3071 2131; x_wconf 87' lang='lat' dir='ltr'><strong>non</strong></span> <span class='ocrx_word' id='word_1_659' title='bbox 3118 2084 3197 2131; x_wconf 88' lang='lat' dir='ltr'><strong>est</strong></span> <span class='ocrx_word' id='word_1_660' title='bbox 3244 2076 3389 2131; x_wconf 86' lang='lat' dir='ltr'><strong>alius</strong></span> <span class='ocrx_word' id='word_1_661' title='bbox 3435 2083 3639 2147; x_wconf 52' lang='lat' dir='ltr'><strong>prater</strong></span> 
     </span>
    </p>
   </div>
   <div class='ocr_carea' id='block_1_84' title="bbox 1989 2164 3635 2237">
    <p class='ocr_par' dir='ltr' id='par_1_84' title="bbox 1989 2164 3635 2237">
     <span class='ocr_line' id='line_1_84' title="bbox 1989 2164 3635 2237; baseline 0 -18"><span class='ocrx_word' id='word_1_662' title='bbox 1989 2165 2112 2220; x_wconf 84' lang='lat' dir='ltr'><strong>me?</strong></span> <span class='ocrx_word' id='word_1_663' title='bbox 2139 2167 2217 2219; x_wconf 91' lang='lat' dir='ltr'><strong>Ac</strong></span> <span class='ocrx_word' id='word_1_664' title='bbox 2248 2182 2349 2237; x_wconf 89' lang='lat' dir='ltr'><strong>per</strong></span> <span class='ocrx_word' id='word_1_665' title='bbox 2380 2165 2488 2221; x_wconf 92' lang='lat' dir='ltr'><strong>hoc</strong></span> <span class='ocrx_word' id='word_1_666' title='bbox 2533 2166 2856 2221; x_wconf 88' lang='lat' dir='ltr'><strong>secundum</strong></span> <span class='ocrx_word' id='word_1_667' title='bbox 2890 2170 3104 2220; x_wconf 88' lang='lat' dir='ltr'><strong>rectam</strong></span> <span class='ocrx_word' id='word_1_668' title='bbox 3152 2164 3346 2235; x_wconf 81' lang='lat' dir='ltr'><strong>fidem,</strong></span> <span class='ocrx_word' id='word_1_669' title='bbox 3381 2181 3494 2219; x_wconf 90' lang='lat' dir='ltr'><strong>non</strong></span> <span class='ocrx_word' id='word_1_670' title='bbox 3528 2164 3635 2219; x_wconf 89' lang='lat' dir='ltr'><strong>Pa-</strong></span> 
     </span>
    </p>
   </div>
   <div class='ocr_carea' id='block_1_85' title="bbox 1988 2253 3637 2326">
    <p class='ocr_par' dir='ltr' id='par_1_85' title="bbox 1988 2253 3637 2326">
     <span class='ocr_line' id='line_1_85' title="bbox 1988 2253 3637 2326; baseline 0 -19"><span class='ocrx_word' id='word_1_671' title='bbox 1988 2253 2118 2320; x_wconf 89' lang='lat' dir='ltr'><strong>tris,</strong></span> <span class='ocrx_word' id='word_1_672' title='bbox 2145 2254 2245 2308; x_wconf 90' lang='lat' dir='ltr'><strong>sed</strong></span> <span class='ocrx_word' id='word_1_673' title='bbox 2276 2254 2575 2309; x_wconf 89' lang='lat' dir='ltr'><strong>Trinitatis</strong></span> <span class='ocrx_word' id='word_1_674' title='bbox 2607 2254 2727 2309; x_wconf 68' lang='lat' dir='ltr'><strong>haec</strong></span> <span class='ocrx_word' id='word_1_675' title='bbox 2756 2272 2862 2309; x_wconf 86' lang='lat' dir='ltr'><strong>vox</strong></span> <span class='ocrx_word' id='word_1_676' title='bbox 2891 2260 2979 2310; x_wconf 91' lang='lat' dir='ltr'><strong>est</strong></span> <span class='ocrx_word' id='word_1_677' title='bbox 3011 2272 3023 2309; x_wconf 92' lang='lat'>:</span> <span class='ocrx_word' id='word_1_678' title='bbox 3050 2254 3236 2309; x_wconf 89' lang='lat' dir='ltr'><strong>Patris</strong></span> <span class='ocrx_word' id='word_1_679' title='bbox 3267 2270 3423 2326; x_wconf 87' lang='lat' dir='ltr'><strong>ergo,</strong></span> <span class='ocrx_word' id='word_1_680' title='bbox 3465 2258 3521 2308; x_wconf 90' lang='lat' dir='ltr'><strong>et</strong></span> <span class='ocrx_word' id='word_1_681' title='bbox 3552 2253 3637 2308; x_wconf 90' lang='lat' dir='ltr'><strong>Fi-</strong></span> 
     </span>
    </p>
   </div>
   <div class='ocr_carea' id='block_1_86' title="bbox 1990 2340 3634 2413">
    <p class='ocr_par' dir='ltr' id='par_1_86' title="bbox 1990 2340 3634 2413">
     <span class='ocr_line' id='line_1_86' title="bbox 1990 2340 3634 2413; baseline -0.001 -16"><span class='ocrx_word' id='word_1_682' title='bbox 1990 2341 2074 2411; x_wconf 90' lang='lat' dir='ltr'><strong>lii,</strong></span> <span class='ocrx_word' id='word_1_683' title='bbox 2114 2348 2172 2397; x_wconf 90' lang='lat' dir='ltr'><strong>et</strong></span> <span class='ocrx_word' id='word_1_684' title='bbox 2220 2342 2473 2413; x_wconf 90' lang='lat' dir='ltr'><strong>Spiritus</strong></span> <span class='ocrx_word' id='word_1_685' title='bbox 2530 2343 2735 2397; x_wconf 87' lang='lat' dir='ltr'><strong>sancti.</strong></span> <span class='ocrx_word' id='word_1_686' title='bbox 2780 2342 3149 2398; x_wconf 86' lang='lat' dir='ltr'><strong>Obticescant</strong></span> <span class='ocrx_word' id='word_1_687' title='bbox 3191 2342 3371 2413; x_wconf 88' lang='lat' dir='ltr'><strong>igitur</strong></span> <span class='ocrx_word' id='word_1_688' title='bbox 3419 2340 3634 2412; x_wconf 66' lang='lat' dir='ltr'><strong>linguas</strong></span> 
     </span>
    </p>
   </div>
   <div class='ocr_carea' id='block_1_87' title="bbox 1991 2432 3639 2505">
    <p class='ocr_par' dir='ltr' id='par_1_87' title="bbox 1991 2432 3639 2505">
     <span class='ocr_line' id='line_1_87' title="bbox 1991 2432 3639 2505; baseline -0.002 -17"><span class='ocrx_word' id='word_1_689' title='bbox 1991 2434 2387 2505; x_wconf 89' lang='lat' dir='ltr'><strong>ignorantium</strong></span> <span class='ocrx_word' id='word_1_690' title='bbox 2420 2434 2767 2489; x_wconf 88' lang='lat' dir='ltr'><strong>veritatem:</strong></span> <span class='ocrx_word' id='word_1_691' title='bbox 2802 2434 2922 2489; x_wconf 66' lang='lat' dir='ltr'><strong>haec</strong></span> <span class='ocrx_word' id='word_1_692' title='bbox 2971 2433 3231 2488; x_wconf 89' lang='lat' dir='ltr'><strong>Trinitas</strong></span> <span class='ocrx_word' id='word_1_693' title='bbox 3281 2432 3434 2488; x_wconf 87' lang='lat' dir='ltr'><strong>Deus</strong></span> <span class='ocrx_word' id='word_1_694' title='bbox 3486 2447 3639 2486; x_wconf 89' lang='lat' dir='ltr'><strong>unus</strong></span> 
     </span>
    </p>
   </div>
   <div class='ocr_carea' id='block_1_88' title="bbox 1993 2522 3646 2591">
    <p class='ocr_par' dir='ltr' id='par_1_88' title="bbox 1993 2522 3646 2591">
     <span class='ocr_line' id='line_1_88' title="bbox 1993 2522 3646 2591; baseline -0.001 -14"><span class='ocrx_word' id='word_1_695' title='bbox 1993 2529 2102 2578; x_wconf 90' lang='lat' dir='ltr'><strong>est.</strong></span> <span class='ocrx_word' id='word_1_696' title='bbox 2132 2524 2211 2578; x_wconf 84' lang='lat' dir='ltr'><strong>De</strong></span> <span class='ocrx_word' id='word_1_697' title='bbox 2240 2524 2349 2579; x_wconf 92' lang='lat' dir='ltr'><strong>hoc</strong></span> <span class='ocrx_word' id='word_1_698' title='bbox 2380 2540 2495 2579; x_wconf 88' lang='lat' dir='ltr'><strong>uno</strong></span> <span class='ocrx_word' id='word_1_699' title='bbox 2528 2524 2642 2579; x_wconf 92' lang='lat' dir='ltr'><strong>Deo</strong></span> <span class='ocrx_word' id='word_1_700' title='bbox 2674 2524 2910 2591; x_wconf 90' lang='lat' dir='ltr'><strong>dicitur,</strong></span> <span class='ocrx_word' id='word_1_701' title='bbox 2945 2523 3108 2586; x_wconf 84' lang='lat' dir='ltr'><strong>Audi,</strong></span> <span class='ocrx_word' id='word_1_702' title='bbox 3143 2523 3350 2583; x_wconf 86' lang='lat' dir='ltr'><strong>Israel;</strong></span> <span class='ocrx_word' id='word_1_703' title='bbox 3382 2522 3646 2576; x_wconf 89' lang='lat' dir='ltr'><strong>Dominus</strong></span> 
     </span>
    </p>
   </div>
   <div class='ocr_carea' id='block_1_89' title="bbox 1998 2609 3644 2681">
    <p class='ocr_par' dir='ltr' id='par_1_89' title="bbox 1998 2609 3644 2681">
     <span class='ocr_line' id='line_1_89' title="bbox 1998 2609 3644 2681; baseline -0.001 -15"><span class='ocrx_word' id='word_1_704' title='bbox 1998 2613 2137 2667; x_wconf 87' lang='lat' dir='ltr'><strong>Deus</strong></span> <span class='ocrx_word' id='word_1_705' title='bbox 2168 2617 2314 2681; x_wconf 86' lang='lat' dir='ltr'><strong>tuus,</strong></span> <span class='ocrx_word' id='word_1_706' title='bbox 2348 2613 2612 2667; x_wconf 76' lang='lat' dir='ltr'><strong>Dominus</strong></span> <span class='ocrx_word' id='word_1_707' title='bbox 2642 2629 2789 2667; x_wconf 86' lang='lat' dir='ltr'><strong>unus</strong></span> <span class='ocrx_word' id='word_1_708' title='bbox 2834 2622 2934 2667; x_wconf 88' lang='lat' dir='ltr'><strong>est.</strong></span> <span class='ocrx_word' id='word_1_709' title='bbox 2981 2612 3085 2665; x_wconf 80' lang='lat' dir='ltr'><strong>Hic</strong></span> <span class='ocrx_word' id='word_1_710' title='bbox 3115 2611 3267 2666; x_wconf 92' lang='lat' dir='ltr'><strong>Deus</strong></span> <span class='ocrx_word' id='word_1_711' title='bbox 3299 2626 3452 2665; x_wconf 92' lang='lat' dir='ltr'><strong>unus</strong></span> <span class='ocrx_word' id='word_1_712' title='bbox 3483 2609 3644 2679; x_wconf 88' lang='lat' dir='ltr'><strong>dicit,</strong></span> 
     </span>
    </p>
   </div>
   <div class='ocr_carea' id='block_1_90' title="bbox 1996 2699 3644 2774">
    <p class='ocr_par' dir='ltr' id='par_1_90' title="bbox 1996 2699 3644 2774">
     <span class='ocr_line' id='line_1_90' title="bbox 1996 2699 3644 2774; baseline -0.002 -18"><span class='ocrx_word' id='word_1_713' title='bbox 1996 2703 2110 2774; x_wconf 85' lang='lat' dir='ltr'><strong>Ego</strong></span> <span class='ocrx_word' id='word_1_714' title='bbox 2138 2717 2257 2755; x_wconf 88' lang='lat' dir='ltr'><strong>sum</strong></span> <span class='ocrx_word' id='word_1_715' title='bbox 2297 2702 2585 2767; x_wconf 86' lang='lat' dir='ltr'><strong>Dominus,</strong></span> <span class='ocrx_word' id='word_1_716' title='bbox 2615 2709 2666 2756; x_wconf 85' lang='lat' dir='ltr'><strong>et</strong></span> <span class='ocrx_word' id='word_1_717' title='bbox 2698 2718 2807 2757; x_wconf 88' lang='lat' dir='ltr'><strong>non</strong></span> <span class='ocrx_word' id='word_1_718' title='bbox 2850 2706 2928 2756; x_wconf 82' lang='lat' dir='ltr'><strong>est</strong></span> <span class='ocrx_word' id='word_1_719' title='bbox 2967 2702 3113 2755; x_wconf 84' lang='lat' dir='ltr'><strong>alius</strong></span> <span class='ocrx_word' id='word_1_720' title='bbox 3137 2704 3340 2771; x_wconf 64' lang='lat' dir='ltr'><strong>praeter</strong></span> <span class='ocrx_word' id='word_1_721' title='bbox 3366 2715 3470 2753; x_wconf 91' lang='lat' dir='ltr'><strong>me.</strong></span> <span class='ocrx_word' id='word_1_722' title='bbox 3502 2699 3644 2753; x_wconf 88' lang='lat' dir='ltr'><strong>Sub-</strong></span> 
     </span>
    </p>
   </div>
   <div class='ocr_carea' id='block_1_91' title="bbox 1986 2788 3638 2862">
    <p class='ocr_par' dir='ltr' id='par_1_91' title="bbox 1986 2788 3638 2862">
     <span class='ocr_line' id='line_1_91' title="bbox 1986 2788 3638 2862; baseline -0.001 -17"><span class='ocrx_word' id='word_1_723' title='bbox 1986 2790 2180 2862; x_wconf 87' lang='lat' dir='ltr'><strong>jeetus</strong></span> <span class='ocrx_word' id='word_1_724' title='bbox 2211 2796 2300 2846; x_wconf 90' lang='lat' dir='ltr'><strong>est</strong></span> <span class='ocrx_word' id='word_1_725' title='bbox 2338 2791 2575 2862; x_wconf 91' lang='lat' dir='ltr'><strong>quidem</strong></span> <span class='ocrx_word' id='word_1_726' title='bbox 2628 2790 2783 2845; x_wconf 89' lang='lat' dir='ltr'><strong>Patri</strong></span> <span class='ocrx_word' id='word_1_727' title='bbox 2832 2789 2990 2844; x_wconf 80' lang='lat' dir='ltr'><strong>Illius</strong></span> <span class='ocrx_word' id='word_1_728' title='bbox 3030 2789 3355 2844; x_wconf 90' lang='lat' dir='ltr'><strong>secundum</strong></span> <span class='ocrx_word' id='word_1_729' title='bbox 3388 2788 3638 2843; x_wconf 88' lang='lat' dir='ltr'><strong>formam</strong></span> 
     </span>
    </p>
   </div>
   <div class='ocr_carea' id='block_1_92' title="bbox 1998 2876 3631 2934">
    <p class='ocr_par' dir='ltr' id='par_1_92' title="bbox 1998 2876 3631 2934">
     <span class='ocr_line' id='line_1_92' title="bbox 1998 2876 3631 2934; baseline -0.002 0"><span class='ocrx_word' id='word_1_730' title='bbox 1998 2879 2252 2934; x_wconf 90' lang='lat' dir='ltr'><strong>hominis</strong></span> <span class='ocrx_word' id='word_1_731' title='bbox 2290 2896 2301 2934; x_wconf 92' lang='lat'>:</span> <span class='ocrx_word' id='word_1_732' title='bbox 2336 2896 2449 2934; x_wconf 90' lang='lat' dir='ltr'><strong>non</strong></span> <span class='ocrx_word' id='word_1_733' title='bbox 2483 2883 2679 2934; x_wconf 87' lang='lat' dir='ltr'><strong>tamen</strong></span> <span class='ocrx_word' id='word_1_734' title='bbox 2722 2884 2862 2934; x_wconf 89' lang='lat' dir='ltr'><strong>sunt</strong></span> <span class='ocrx_word' id='word_1_735' title='bbox 2909 2879 3023 2934; x_wconf 92' lang='lat' dir='ltr'><strong>duo</strong></span> <span class='ocrx_word' id='word_1_736' title='bbox 3068 2877 3147 2932; x_wconf 89' lang='lat' dir='ltr'><strong>dii</strong></span> <span class='ocrx_word' id='word_1_737' title='bbox 3181 2883 3235 2933; x_wconf 91' lang='lat' dir='ltr'><strong>et</strong></span> <span class='ocrx_word' id='word_1_738' title='bbox 3266 2878 3381 2932; x_wconf 91' lang='lat' dir='ltr'><strong>duo</strong></span> <span class='ocrx_word' id='word_1_739' title='bbox 3409 2876 3631 2932; x_wconf 90' lang='lat' dir='ltr'><strong>domini</strong></span> 
     </span>
    </p>
   </div>
   <div class='ocr_carea' id='block_1_93' title="bbox 1998 2966 3638 3039">
    <p class='ocr_par' dir='ltr' id='par_1_93' title="bbox 1998 2966 3638 3039">
     <span class='ocr_line' id='line_1_93' title="bbox 1998 2966 3638 3039; baseline -0.001 -15"><span class='ocrx_word' id='word_1_740' title='bbox 1998 2969 2321 3024; x_wconf 88' lang='lat' dir='ltr'><strong>secundum</strong></span> <span class='ocrx_word' id='word_1_741' title='bbox 2356 2970 2599 3024; x_wconf 86' lang='lat' dir='ltr'><strong>formam</strong></span> <span class='ocrx_word' id='word_1_742' title='bbox 2636 2970 2758 3024; x_wconf 89' lang='lat' dir='ltr'><strong>Dei:</strong></span> <span class='ocrx_word' id='word_1_743' title='bbox 2786 2969 2885 3023; x_wconf 90' lang='lat' dir='ltr'><strong>sed</strong></span> <span class='ocrx_word' id='word_1_744' title='bbox 2918 2968 3090 3023; x_wconf 87' lang='lat' dir='ltr'><strong>ambo</strong></span> <span class='ocrx_word' id='word_1_745' title='bbox 3120 2984 3252 3022; x_wconf 92' lang='lat' dir='ltr'><strong>cum</strong></span> <span class='ocrx_word' id='word_1_746' title='bbox 3284 2966 3500 3039; x_wconf 87' lang='lat' dir='ltr'><strong>Spiritu</strong></span> <span class='ocrx_word' id='word_1_747' title='bbox 3531 2982 3638 3022; x_wconf 91' lang='lat' dir='ltr'><strong>suo</strong></span> 
     </span>
    </p>
   </div>
   <div class='ocr_carea' id='block_1_94' title="bbox 2000 3060 2605 3113">
    <p class='ocr_par' dir='ltr' id='par_1_94' title="bbox 2000 3060 2605 3113">
     <span class='ocr_line' id='line_1_94' title="bbox 2000 3060 2605 3113; baseline -0.002 0"><span class='ocrx_word' id='word_1_748' title='bbox 2000 3074 2151 3113; x_wconf 91' lang='lat' dir='ltr'><strong>unus</strong></span> <span class='ocrx_word' id='word_1_749' title='bbox 2183 3064 2271 3113; x_wconf 90' lang='lat' dir='ltr'><strong>est</strong></span> <span class='ocrx_word' id='word_1_750' title='bbox 2305 3060 2605 3113; x_wconf 87' lang='lat' dir='ltr'><strong>Dominus.</strong></span> 
     </span>
    </p>
   </div>
   <div class='ocr_carea' id='block_1_95' title="bbox 2067 3142 3644 3218">
    <p class='ocr_par' dir='ltr' id='par_1_95' title="bbox 2067 3142 3644 3218">
     <span class='ocr_line' id='line_1_95' title="bbox 2067 3142 3644 3218; baseline -0.003 -16"><span class='ocrx_word' id='word_1_751' title='bbox 2067 3148 2120 3203; x_wconf 91' lang='lat'><strong>3.</strong></span> <span class='ocrx_word' id='word_1_752' title='bbox 2154 3147 2508 3202; x_wconf 87' lang='lat' dir='ltr'><strong>Testimonia</strong></span> <span class='ocrx_word' id='word_1_753' title='bbox 2539 3165 2665 3218; x_wconf 68' lang='lat' dir='ltr'><strong>qua:</strong></span> <span class='ocrx_word' id='word_1_754' title='bbox 2698 3147 2767 3201; x_wconf 90' lang='lat' dir='ltr'><strong>de</strong></span> <span class='ocrx_word' id='word_1_755' title='bbox 2801 3145 2978 3200; x_wconf 89' lang='lat' dir='ltr'><strong>Paulo</strong></span> <span class='ocrx_word' id='word_1_756' title='bbox 3019 3144 3280 3217; x_wconf 91' lang='lat' dir='ltr'><strong>apostolo</strong></span> <span class='ocrx_word' id='word_1_757' title='bbox 3328 3142 3644 3215; x_wconf 89' lang='lat' dir='ltr'><strong>protulisti,</strong></span> 
     </span>
    </p>
   </div>
   <div class='ocr_carea' id='block_1_96' title="bbox 2000 3233 3647 3309">
    <p class='ocr_par' dir='ltr' id='par_1_96' title="bbox 2000 3233 3647 3309">
     <span class='ocr_line' id='line_1_96' title="bbox 2000 3233 3647 3309; baseline -0.003 -16"><span class='ocrx_word' id='word_1_758' title='bbox 2000 3243 2201 3293; x_wconf 88' lang='lat' dir='ltr'><strong>contra</strong></span> <span class='ocrx_word' id='word_1_759' title='bbox 2233 3245 2285 3293; x_wconf 93' lang='lat' dir='ltr'><strong>te</strong></span> <span class='ocrx_word' id='word_1_760' title='bbox 2316 3238 2661 3309; x_wconf 87' lang='lat' dir='ltr'><strong>loquuntur,</strong></span> <span class='ocrx_word' id='word_1_761' title='bbox 2695 3243 2751 3292; x_wconf 90' lang='lat' dir='ltr'><strong>et</strong></span> <span class='ocrx_word' id='word_1_762' title='bbox 2784 3237 2992 3291; x_wconf 83' lang='lat' dir='ltr'><strong>nescis.</strong></span> <span class='ocrx_word' id='word_1_763' title='bbox 3014 3237 3163 3291; x_wconf 87' lang='lat' dir='ltr'><strong>Dicit</strong></span> <span class='ocrx_word' id='word_1_764' title='bbox 3193 3236 3348 3291; x_wconf 91' lang='lat' dir='ltr'><strong>enim</strong></span> <span class='ocrx_word' id='word_1_765' title='bbox 3377 3233 3647 3290; x_wconf 78' lang='lat' dir='ltr'><strong>illezGra-</strong></span> 
     </span>
    </p>
   </div>
   <div class='ocr_carea' id='block_1_97' title="bbox 1997 3325 3644 3398">
    <p class='ocr_par' dir='ltr' id='par_1_97' title="bbox 1997 3325 3644 3398">
     <span class='ocr_line' id='line_1_97' title="bbox 1997 3325 3644 3398; baseline -0.004 -16"><span class='ocrx_word' id='word_1_766' title='bbox 1997 3329 2103 3382; x_wconf 89' lang='lat' dir='ltr'><strong>tias</strong></span> <span class='ocrx_word' id='word_1_767' title='bbox 2134 3328 2279 3382; x_wconf 87' lang='lat' dir='ltr'><strong>vobis</strong></span> <span class='ocrx_word' id='word_1_768' title='bbox 2309 3332 2357 3382; x_wconf 88' lang='lat' dir='ltr'><strong>et</strong></span> <span class='ocrx_word' id='word_1_769' title='bbox 2386 3345 2498 3398; x_wconf 69' lang='lat' dir='ltr'><strong>pan:</strong></span> <span class='ocrx_word' id='word_1_770' title='bbox 2526 3345 2559 3381; x_wconf 85' lang='lat' dir='ltr'><strong>a</strong></span> <span class='ocrx_word' id='word_1_771' title='bbox 2604 3333 2709 3381; x_wconf 92' lang='lat' dir='ltr'><strong>Deo</strong></span> <span class='ocrx_word' id='word_1_772' title='bbox 2746 3329 2911 3381; x_wconf 80' lang='lat' dir='ltr'><strong>Patre</strong></span> <span class='ocrx_word' id='word_1_773' title='bbox 2948 3330 3129 3381; x_wconf 85' lang='lat' dir='ltr'><strong>nostro</strong></span> <span class='ocrx_word' id='word_1_774' title='bbox 3160 3332 3212 3380; x_wconf 89' lang='lat' dir='ltr'><strong>et</strong></span> <span class='ocrx_word' id='word_1_775' title='bbox 3244 3327 3470 3379; x_wconf 86' lang='lat' dir='ltr'><strong>Domino</strong></span> <span class='ocrx_word' id='word_1_776' title='bbox 3517 3325 3644 3378; x_wconf 76' lang='lat' dir='ltr'><strong>Iesu</strong></span> 
     </span>
    </p>
   </div>
   <div class='ocr_carea' id='block_1_98' title="bbox 2001 3411 3641 3487">
    <p class='ocr_par' dir='ltr' id='par_1_98' title="bbox 2001 3411 3641 3487">
     <span class='ocr_line' id='line_1_98' title="bbox 2001 3411 3641 3487; baseline -0.003 -17"><span class='ocrx_word' id='word_1_777' title='bbox 2001 3415 2215 3471; x_wconf 61' lang='lat' dir='ltr'><strong>Christo</strong></span> <span class='ocrx_word' id='word_1_778' title='bbox 2243 3417 2416 3487; x_wconf 88' lang='lat' dir='ltr'><strong>(Rom.</strong></span> <span class='ocrx_word' id='word_1_779' title='bbox 2454 3434 2490 3486; x_wconf 93' lang='lat'><strong>1,</strong></span> <span class='ocrx_word' id='word_1_780' title='bbox 2512 3418 2581 3477; x_wconf 87' lang='lat'><strong>7;</strong></span> <span class='ocrx_word' id='word_1_781' title='bbox 2616 3422 2634 3468; x_wconf 92' lang='lat' dir='ltr'><strong>l</strong></span> <span class='ocrx_word' id='word_1_782' title='bbox 2671 3418 2794 3471; x_wconf 83' lang='lat' dir='ltr'><strong>Cur.</strong></span> <span class='ocrx_word' id='word_1_783' title='bbox 2830 3433 2868 3482; x_wconf 84' lang='lat'><strong>1,</strong></span> <span class='ocrx_word' id='word_1_784' title='bbox 2895 3416 2958 3481; x_wconf 90' lang='lat'><strong>3;</strong></span> <span class='ocrx_word' id='word_1_785' title='bbox 2986 3415 3033 3469; x_wconf 91' lang='lat' dir='ltr'><strong>ll</strong></span> <span class='ocrx_word' id='word_1_786' title='bbox 3066 3414 3186 3469; x_wconf 82' lang='lat' dir='ltr'><strong>Cor.</strong></span> <span class='ocrx_word' id='word_1_787' title='bbox 3222 3431 3259 3479; x_wconf 88' lang='lat'><strong>1,</strong></span> <span class='ocrx_word' id='word_1_788' title='bbox 3288 3416 3356 3473; x_wconf 83' lang='lat'><strong>2;</strong></span> <span class='ocrx_word' id='word_1_789' title='bbox 3388 3411 3565 3467; x_wconf 83' lang='lat' dir='ltr'><strong>Galat.</strong></span> <span class='ocrx_word' id='word_1_790' title='bbox 3600 3427 3641 3477; x_wconf 82' lang='grc' dir='ltr'><strong>Ι,</strong></span> 
     </span>
    </p>
   </div>
   <div class='ocr_carea' id='block_1_99' title="bbox 1998 3499 3639 3576">
    <p class='ocr_par' dir='ltr' id='par_1_99' title="bbox 1998 3499 3639 3576">
     <span class='ocr_line' id='line_1_99' title="bbox 1998 3499 3639 3576; baseline -0.005 -16"><span class='ocrx_word' id='word_1_791' title='bbox 1998 3506 2051 3572; x_wconf 89' lang='lat'><strong>3,</strong></span> <span class='ocrx_word' id='word_1_792' title='bbox 2083 3510 2133 3559; x_wconf 87' lang='lat' dir='ltr'><strong>et</strong></span> <span class='ocrx_word' id='word_1_793' title='bbox 2162 3506 2356 3576; x_wconf 74' lang='lat' dir='ltr'><strong>Ephes.</strong></span> <span class='ocrx_word' id='word_1_794' title='bbox 2390 3523 2429 3574; x_wconf 91' lang='lat'><strong>1,</strong></span> <span class='ocrx_word' id='word_1_795' title='bbox 2460 3507 2535 3576; x_wconf 85' lang='lat'><strong>2).</strong></span> <span class='ocrx_word' id='word_1_796' title='bbox 2560 3505 2858 3567; x_wconf 88' lang='lat' dir='ltr'><strong>Quomodo</strong></span> <span class='ocrx_word' id='word_1_797' title='bbox 2890 3510 2976 3557; x_wconf 87' lang='lat' dir='ltr'><strong>est</strong></span> <span class='ocrx_word' id='word_1_798' title='bbox 3008 3508 3197 3557; x_wconf 90' lang='lat' dir='ltr'><strong>autem</strong></span> <span class='ocrx_word' id='word_1_799' title='bbox 3238 3500 3512 3556; x_wconf 86' lang='lat' dir='ltr'><strong>Dominus</strong></span> <span class='ocrx_word' id='word_1_800' title='bbox 3542 3499 3639 3553; x_wconf 86' lang='lat' dir='ltr'><strong>Je-</strong></span> 
     </span>
    </p>
   </div>
   <div class='ocr_carea' id='block_1_100' title="bbox 2000 3591 3645 3663">
    <p class='ocr_par' dir='ltr' id='par_1_100' title="bbox 2000 3591 3645 3663">
     <span class='ocr_line' id='line_1_100' title="bbox 2000 3591 3645 3663; baseline -0.004 -14"><span class='ocrx_word' id='word_1_801' title='bbox 2000 3610 2102 3649; x_wconf 89' lang='lat' dir='ltr'><strong>sus</strong></span> <span class='ocrx_word' id='word_1_802' title='bbox 2132 3594 2414 3663; x_wconf 89' lang='lat' dir='ltr'><strong>Christus,</strong></span> <span class='ocrx_word' id='word_1_803' title='bbox 2466 3594 2513 3648; x_wconf 89' lang='lat' dir='ltr'><strong>si</strong></span> <span class='ocrx_word' id='word_1_804' title='bbox 2550 3594 2713 3647; x_wconf 87' lang='lat' dir='ltr'><strong>Pater</strong></span> <span class='ocrx_word' id='word_1_805' title='bbox 2743 3594 2903 3659; x_wconf 90' lang='lat' dir='ltr'><strong>dicit,</strong></span> <span class='ocrx_word' id='word_1_806' title='bbox 2948 3597 3053 3662; x_wconf 79' lang='lat' dir='ltr'><strong>Ego</strong></span> <span class='ocrx_word' id='word_1_807' title='bbox 3100 3608 3219 3645; x_wconf 85' lang='lat' dir='ltr'><strong>sum</strong></span> <span class='ocrx_word' id='word_1_808' title='bbox 3272 3591 3558 3657; x_wconf 87' lang='lat' dir='ltr'><strong>Dominus,</strong></span> <span class='ocrx_word' id='word_1_809' title='bbox 3590 3595 3645 3643; x_wconf 90' lang='lat' dir='ltr'><strong>et</strong></span> 
     </span>
    </p>
   </div>
   <div class='ocr_carea' id='block_1_101' title="bbox 1997 3678 3645 3753">
    <p class='ocr_par' dir='ltr' id='par_1_101' title="bbox 1997 3678 3645 3753">
     <span class='ocr_line' id='line_1_101' title="bbox 1997 3678 3645 3753; baseline -0.004 -16"><span class='ocrx_word' id='word_1_810' title='bbox 1997 3699 2105 3738; x_wconf 87' lang='lat' dir='ltr'><strong>non</strong></span> <span class='ocrx_word' id='word_1_811' title='bbox 2134 3691 2213 3737; x_wconf 76' lang='lat' dir='ltr'><strong>est</strong></span> <span class='ocrx_word' id='word_1_812' title='bbox 2241 3683 2385 3737; x_wconf 83' lang='lat' dir='ltr'><strong>alius</strong></span> <span class='ocrx_word' id='word_1_813' title='bbox 2412 3688 2613 3753; x_wconf 68' lang='lat' dir='ltr'><strong>praeter</strong></span> <span class='ocrx_word' id='word_1_814' title='bbox 2632 3699 2717 3736; x_wconf 88' lang='lat' dir='ltr'><strong>me</strong></span> <span class='ocrx_word' id='word_1_815' title='bbox 2742 3684 2763 3736; x_wconf 78' lang='grc' dir='ltr'><em>Ρ</em></span> <span class='ocrx_word' id='word_1_816' title='bbox 2792 3681 2914 3735; x_wconf 90' lang='lat' dir='ltr'><strong>Non</strong></span> <span class='ocrx_word' id='word_1_817' title='bbox 2949 3697 3083 3751; x_wconf 90' lang='lat' dir='ltr'><strong>ergo</strong></span> <span class='ocrx_word' id='word_1_818' title='bbox 3124 3679 3305 3734; x_wconf 89' lang='lat' dir='ltr'><strong>solius</strong></span> <span class='ocrx_word' id='word_1_819' title='bbox 3337 3678 3545 3746; x_wconf 88' lang='lat' dir='ltr'><strong>Patris,</strong></span> <span class='ocrx_word' id='word_1_820' title='bbox 3582 3680 3645 3731; x_wconf 90' lang='lat' dir='ltr'><strong>ut</strong></span> 
     </span>
    </p>
   </div>
   <div class='ocr_carea' id='block_1_102' title="bbox 2000 3769 3645 3839">
    <p class='ocr_par' dir='ltr' id='par_1_102' title="bbox 2000 3769 3645 3839">
     <span class='ocr_line' id='line_1_102' title="bbox 2000 3769 3645 3839; baseline -0.005 -9"><span class='ocrx_word' id='word_1_821' title='bbox 2000 3775 2139 3839; x_wconf 89' lang='lat' dir='ltr'><strong>dixi,</strong></span> <span class='ocrx_word' id='word_1_822' title='bbox 2174 3776 2270 3830; x_wconf 91' lang='lat' dir='ltr'><strong>sed</strong></span> <span class='ocrx_word' id='word_1_823' title='bbox 2306 3774 2611 3829; x_wconf 86' lang='lat' dir='ltr'><strong>Trinitatis</strong></span> <span class='ocrx_word' id='word_1_824' title='bbox 2655 3774 2775 3828; x_wconf 66' lang='lat' dir='ltr'><strong>haec</strong></span> <span class='ocrx_word' id='word_1_825' title='bbox 2807 3790 2913 3827; x_wconf 85' lang='lat' dir='ltr'><strong>vox</strong></span> <span class='ocrx_word' id='word_1_826' title='bbox 2941 3778 3047 3827; x_wconf 89' lang='lat' dir='ltr'><strong>est.</strong></span> <span class='ocrx_word' id='word_1_827' title='bbox 3102 3771 3355 3825; x_wconf 88' lang='lat' dir='ltr'><strong>Adbibes</strong></span> <span class='ocrx_word' id='word_1_828' title='bbox 3396 3769 3645 3823; x_wconf 86' lang='lat' dir='ltr'><strong>alterum</strong></span> 
     </span>
    </p>
   </div>
   <div class='ocr_carea' id='block_1_103' title="bbox 1998 3856 3651 3935">
    <p class='ocr_par' dir='ltr' id='par_1_103' title="bbox 1998 3856 3651 3935">
     <span class='ocr_line' id='line_1_103' title="bbox 1998 3856 3651 3935; baseline -0.005 -17"><span class='ocrx_word' id='word_1_829' title='bbox 1998 3864 2427 3931; x_wconf 87' lang='lat' dir='ltr'><strong>testimonium,</strong></span> <span class='ocrx_word' id='word_1_830' title='bbox 2457 3868 2514 3917; x_wconf 89' lang='lat' dir='ltr'><strong>et</strong></span> <span class='ocrx_word' id='word_1_831' title='bbox 2554 3864 2747 3935; x_wconf 90' lang='lat' dir='ltr'><strong>ipsum</strong></span> <span class='ocrx_word' id='word_1_832' title='bbox 2781 3866 2984 3917; x_wconf 88' lang='lat' dir='ltr'><strong>contra</strong></span> <span class='ocrx_word' id='word_1_833' title='bbox 3039 3866 3093 3916; x_wconf 88' lang='lat' dir='ltr'><strong>te</strong></span> <span class='ocrx_word' id='word_1_834' title='bbox 3152 3861 3369 3931; x_wconf 88' lang='lat' dir='ltr'><strong>ipsum,</strong></span> <span class='ocrx_word' id='word_1_835' title='bbox 3424 3858 3523 3912; x_wconf 92' lang='lat' dir='ltr'><strong>ubi</strong></span> <span class='ocrx_word' id='word_1_836' title='bbox 3569 3856 3651 3911; x_wconf 90' lang='lat' dir='ltr'><strong>ait</strong></span> 
     </span>
    </p>
   </div>
   <div class='ocr_carea' id='block_1_104' title="bbox 1999 3947 3649 4024">
    <p class='ocr_par' dir='ltr' id='par_1_104' title="bbox 1999 3947 3649 4024">
     <span class='ocr_line' id='line_1_104' title="bbox 1999 3947 3649 4024; baseline -0.004 -16"><span class='ocrx_word' id='word_1_837' title='bbox 1999 3953 2331 4024; x_wconf 82' lang='lat' dir='ltr'><strong>Apostolus,</strong></span> <span class='ocrx_word' id='word_1_838' title='bbox 2369 3954 2514 4009; x_wconf 90' lang='lat' dir='ltr'><strong>Unus</strong></span> <span class='ocrx_word' id='word_1_839' title='bbox 2545 3954 2679 4007; x_wconf 89' lang='lat' dir='ltr'><strong>Deus</strong></span> <span class='ocrx_word' id='word_1_840' title='bbox 2713 3956 2896 4015; x_wconf 83' lang='lat' dir='ltr'><strong>Pater,</strong></span> <span class='ocrx_word' id='word_1_841' title='bbox 2927 3968 2996 4007; x_wconf 71' lang='lat' dir='ltr'><strong>ex</strong></span> <span class='ocrx_word' id='word_1_842' title='bbox 3023 3968 3126 4023; x_wconf 82' lang='lat' dir='ltr'><strong>quo</strong></span> <span class='ocrx_word' id='word_1_843' title='bbox 3157 3966 3363 4019; x_wconf 71' lang='lat' dir='ltr'><strong>omnia,</strong></span> <span class='ocrx_word' id='word_1_844' title='bbox 3386 3956 3437 4003; x_wconf 85' lang='lat' dir='ltr'><strong>et</strong></span> <span class='ocrx_word' id='word_1_845' title='bbox 3464 3963 3558 4003; x_wconf 89' lang='lat' dir='ltr'><strong>nos</strong></span> <span class='ocrx_word' id='word_1_846' title='bbox 3589 3947 3649 4001; x_wconf 85' lang='lat' dir='ltr'><strong>in</strong></span> 
     </span>
    </p>
   </div>
   <div class='ocr_carea' id='block_1_105' title="bbox 2000 4036 3645 4113">
    <p class='ocr_par' dir='ltr' id='par_1_105' title="bbox 2000 4036 3645 4113">
     <span class='ocr_line' id='line_1_105' title="bbox 2000 4036 3645 4113; baseline -0.005 -17"><span class='ocrx_word' id='word_1_847' title='bbox 2000 4043 2148 4113; x_wconf 78' lang='lat' dir='ltr'><strong>ipso;</strong></span> <span class='ocrx_word' id='word_1_848' title='bbox 2182 4052 2230 4097; x_wconf 86' lang='lat' dir='ltr'><strong>et</strong></span> <span class='ocrx_word' id='word_1_849' title='bbox 2250 4060 2390 4097; x_wconf 89' lang='lat' dir='ltr'><strong>unus</strong></span> <span class='ocrx_word' id='word_1_850' title='bbox 2422 4044 2849 4097; x_wconf 82' lang='lat' dir='ltr'><strong>Dominuslesus</strong></span> <span class='ocrx_word' id='word_1_851' title='bbox 2864 4040 3125 4104; x_wconf 77' lang='lat' dir='ltr'><strong>Christus,</strong></span> <span class='ocrx_word' id='word_1_852' title='bbox 3146 4053 3416 4111; x_wconf 77' lang='lat' dir='ltr'><strong>perquam</strong></span> <span class='ocrx_word' id='word_1_853' title='bbox 3436 4036 3645 4099; x_wconf 84' lang='lat' dir='ltr'><strong>omnia,</strong></span> 
     </span>
    </p>
   </div>
   <div class='ocr_carea' id='block_1_106' title="bbox 2001 4126 3642 4202">
    <p class='ocr_par' dir='ltr' id='par_1_106' title="bbox 2001 4126 3642 4202">
     <span class='ocr_line' id='line_1_106' title="bbox 2001 4126 3642 4202; baseline -0.007 -14"><span class='ocrx_word' id='word_1_854' title='bbox 2001 4141 2056 4188; x_wconf 86' lang='lat' dir='ltr'><strong>et</strong></span> <span class='ocrx_word' id='word_1_855' title='bbox 2084 4149 2178 4189; x_wconf 85' lang='lat' dir='ltr'><strong>nos</strong></span> <span class='ocrx_word' id='word_1_856' title='bbox 2218 4134 2279 4187; x_wconf 89' lang='lat' dir='ltr'><strong>in</strong></span> <span class='ocrx_word' id='word_1_857' title='bbox 2310 4135 2445 4202; x_wconf 88' lang='lat' dir='ltr'><strong>ipso,</strong></span> <span class='ocrx_word' id='word_1_858' title='bbox 2477 4131 2628 4185; x_wconf 89' lang='lat' dir='ltr'><strong>sicut</strong></span> <span class='ocrx_word' id='word_1_859' title='bbox 2660 4135 2720 4183; x_wconf 91' lang='lat' dir='ltr'><strong>tu</strong></span> <span class='ocrx_word' id='word_1_860' title='bbox 2751 4130 2979 4184; x_wconf 90' lang='lat' dir='ltr'><strong>locutus</strong></span> <span class='ocrx_word' id='word_1_861' title='bbox 3033 4146 3094 4183; x_wconf 90' lang='lat' dir='ltr'><strong>es</strong></span> <span class='ocrx_word' id='word_1_862' title='bbox 3128 4144 3140 4183; x_wconf 91' lang='lat'>:</span> <span class='ocrx_word' id='word_1_863' title='bbox 3176 4126 3487 4197; x_wconf 85' lang='lat' dir='ltr'><strong>Apostolus</strong></span> <span class='ocrx_word' id='word_1_864' title='bbox 3534 4142 3642 4179; x_wconf 91' lang='lat' dir='ltr'><strong>au-</strong></span> 
     </span>
    </p>
   </div>
   <div class='ocr_carea' id='block_1_107' title="bbox 2006 4213 3643 4291">
    <p class='ocr_par' dir='ltr' id='par_1_107' title="bbox 2006 4213 3643 4291">
     <span class='ocr_line' id='line_1_107' title="bbox 2006 4213 3643 4291; baseline -0.005 -15"><span class='ocrx_word' id='word_1_865' title='bbox 2006 4228 2147 4290; x_wconf 88' lang='lat' dir='ltr'><strong>tem,</strong></span> <span class='ocrx_word' id='word_1_866' title='bbox 2175 4230 2229 4277; x_wconf 87' lang='lat' dir='ltr'><strong>et</strong></span> <span class='ocrx_word' id='word_1_867' title='bbox 2283 4238 2381 4276; x_wconf 91' lang='lat' dir='ltr'><strong>nos</strong></span> <span class='ocrx_word' id='word_1_868' title='bbox 2432 4236 2534 4291; x_wconf 76' lang='lat' dir='ltr'><strong>per</strong></span> <span class='ocrx_word' id='word_1_869' title='bbox 2590 4222 2771 4290; x_wconf 84' lang='lat' dir='ltr'><strong>ipsum</strong></span> <span class='ocrx_word' id='word_1_870' title='bbox 2814 4219 2922 4283; x_wconf 87' lang='lat' dir='ltr'><strong>ait;</strong></span> <span class='ocrx_word' id='word_1_871' title='bbox 2974 4234 3087 4271; x_wconf 90' lang='lat' dir='ltr'><strong>non</strong></span> <span class='ocrx_word' id='word_1_872' title='bbox 3130 4216 3230 4281; x_wconf 89' lang='lat' dir='ltr'><strong>ait,</strong></span> <span class='ocrx_word' id='word_1_873' title='bbox 3266 4219 3322 4269; x_wconf 81' lang='lat' dir='ltr'><strong>in</strong></span> <span class='ocrx_word' id='word_1_874' title='bbox 3356 4217 3489 4285; x_wconf 87' lang='lat' dir='ltr'><strong>ipso.</strong></span> <span class='ocrx_word' id='word_1_875' title='bbox 3533 4213 3643 4269; x_wconf 91' lang='lat' dir='ltr'><strong>Sed</strong></span> 
     </span>
    </p>
   </div>
   <div class='ocr_carea' id='block_1_108' title="bbox 2002 4304 3646 4381">
    <p class='ocr_par' dir='ltr' id='par_1_108' title="bbox 2002 4304 3646 4381">
     <span class='ocr_line' id='line_1_108' title="bbox 2002 4304 3646 4381; baseline -0.005 -16"><span class='ocrx_word' id='word_1_876' title='bbox 2002 4310 2109 4366; x_wconf 92' lang='lat' dir='ltr'><strong>hoc</strong></span> <span class='ocrx_word' id='word_1_877' title='bbox 2141 4311 2281 4381; x_wconf 91' lang='lat' dir='ltr'><strong>quid</strong></span> <span class='ocrx_word' id='word_1_878' title='bbox 2341 4309 2413 4364; x_wconf 91' lang='lat' dir='ltr'><strong>ad</strong></span> <span class='ocrx_word' id='word_1_879' title='bbox 2447 4308 2733 4363; x_wconf 83' lang='lat' dir='ltr'><strong>causam?</strong></span> <span class='ocrx_word' id='word_1_880' title='bbox 2782 4306 2981 4361; x_wconf 90' lang='lat' dir='ltr'><strong>Solent</strong></span> <span class='ocrx_word' id='word_1_881' title='bbox 3028 4308 3140 4360; x_wconf 89' lang='lat' dir='ltr'><strong>ista</strong></span> <span class='ocrx_word' id='word_1_882' title='bbox 3195 4304 3528 4375; x_wconf 88' lang='lat' dir='ltr'><strong>contingere</strong></span> <span class='ocrx_word' id='word_1_883' title='bbox 3577 4319 3646 4358; x_wconf 89' lang='lat' dir='ltr'><strong>ex</strong></span> 
     </span>
    </p>
   </div>
   <div class='ocr_carea' id='block_1_109' title="bbox 2006 4392 3650 4469">
    <p class='ocr_par' dir='ltr' id='par_1_109' title="bbox 2006 4392 3650 4469">
     <span class='ocr_line' id='line_1_109' title="bbox 2006 4392 3650 4469; baseline -0.004 -15"><span class='ocrx_word' id='word_1_884' title='bbox 2006 4400 2287 4454; x_wconf 88' lang='lat' dir='ltr'><strong>memoria</strong></span> <span class='ocrx_word' id='word_1_885' title='bbox 2318 4397 2745 4469; x_wconf 82' lang='lat' dir='ltr'><strong>proferentihus</strong></span> <span class='ocrx_word' id='word_1_886' title='bbox 2778 4395 3130 4460; x_wconf 87' lang='lat' dir='ltr'><strong>testimonia,</strong></span> <span class='ocrx_word' id='word_1_887' title='bbox 3183 4410 3295 4448; x_wconf 92' lang='lat' dir='ltr'><strong>non</strong></span> <span class='ocrx_word' id='word_1_888' title='bbox 3341 4409 3409 4447; x_wconf 88' lang='lat' dir='ltr'><strong>ex</strong></span> <span class='ocrx_word' id='word_1_889' title='bbox 3454 4392 3650 4447; x_wconf 87' lang='lat' dir='ltr'><strong>codice</strong></span> 
     </span>
    </p>
   </div>
   <div class='ocr_carea' id='block_1_110' title="bbox 2003 4482 3651 4560">
    <p class='ocr_par' dir='ltr' id='par_1_110' title="bbox 2003 4482 3651 4560">
     <span class='ocr_line' id='line_1_110' title="bbox 2003 4482 3651 4560; baseline -0.005 -17"><span class='ocrx_word' id='word_1_890' title='bbox 2003 4489 2103 4544; x_wconf 89' lang='lat' dir='ltr'><strong>illa</strong></span> <span class='ocrx_word' id='word_1_891' title='bbox 2132 4488 2459 4560; x_wconf 85' lang='lat' dir='ltr'><strong>legentibus</strong></span> <span class='ocrx_word' id='word_1_892' title='bbox 2484 4503 2495 4541; x_wconf 91' lang='lat'>:</span> <span class='ocrx_word' id='word_1_893' title='bbox 2523 4486 2677 4558; x_wconf 89' lang='lat' dir='ltr'><strong>quod</strong></span> <span class='ocrx_word' id='word_1_894' title='bbox 2725 4485 2796 4539; x_wconf 90' lang='lat' dir='ltr'><strong>ad</strong></span> <span class='ocrx_word' id='word_1_895' title='bbox 2829 4501 2948 4539; x_wconf 89' lang='lat' dir='ltr'><strong>rem</strong></span> <span class='ocrx_word' id='word_1_896' title='bbox 2983 4485 3229 4554; x_wconf 89' lang='lat' dir='ltr'><strong>pertinet</strong></span> <span class='ocrx_word' id='word_1_897' title='bbox 3272 4482 3466 4554; x_wconf 89' lang='lat' dir='ltr'><strong>potius</strong></span> <span class='ocrx_word' id='word_1_898' title='bbox 3500 4482 3651 4536; x_wconf 88' lang='lat' dir='ltr'><strong>intu-</strong></span> 
     </span>
    </p>
   </div>
   <div class='ocr_carea' id='block_1_111' title="bbox 2003 4573 3648 4646">
    <p class='ocr_par' dir='ltr' id='par_1_111' title="bbox 2003 4573 3648 4646">
     <span class='ocr_line' id='line_1_111' title="bbox 2003 4573 3648 4646; baseline -0.004 -14"><span class='ocrx_word' id='word_1_899' title='bbox 2003 4594 2118 4632; x_wconf 90' lang='lat' dir='ltr'><strong>ere.</strong></span> <span class='ocrx_word' id='word_1_900' title='bbox 2153 4578 2316 4641; x_wconf 91' lang='lat' dir='ltr'><strong>Ecce,</strong></span> <span class='ocrx_word' id='word_1_901' title='bbox 2348 4576 2494 4629; x_wconf 79' lang='lat' dir='ltr'><strong>dixit</strong></span> <span class='ocrx_word' id='word_1_902' title='bbox 2524 4573 2857 4646; x_wconf 85' lang='lat' dir='ltr'><strong>Apostolus,</strong></span> <span class='ocrx_word' id='word_1_903' title='bbox 2894 4574 3039 4630; x_wconf 88' lang='lat' dir='ltr'><strong>Unus</strong></span> <span class='ocrx_word' id='word_1_904' title='bbox 3063 4573 3201 4627; x_wconf 87' lang='lat' dir='ltr'><strong>Deus</strong></span> <span class='ocrx_word' id='word_1_905' title='bbox 3233 4576 3415 4637; x_wconf 87' lang='lat' dir='ltr'><strong>Pater,</strong></span> <span class='ocrx_word' id='word_1_906' title='bbox 3448 4588 3518 4625; x_wconf 69' lang='lat' dir='ltr'><strong>ex</strong></span> <span class='ocrx_word' id='word_1_907' title='bbox 3546 4584 3648 4642; x_wconf 89' lang='lat' dir='ltr'><strong>quo</strong></span> 
     </span>
    </p>
   </div>
   <div class='ocr_carea' id='block_1_112' title="bbox 2003 4660 3647 4734">
    <p class='ocr_par' dir='ltr' id='par_1_112' title="bbox 2003 4660 3647 4734">
     <span class='ocr_line' id='line_1_112' title="bbox 2003 4660 3647 4734; baseline -0.005 -12"><span class='ocrx_word' id='word_1_908' title='bbox 2003 4668 2209 4733; x_wconf 90' lang='lat' dir='ltr'><strong>omnia,</strong></span> <span class='ocrx_word' id='word_1_909' title='bbox 2238 4671 2287 4722; x_wconf 87' lang='lat' dir='ltr'><strong>et</strong></span> <span class='ocrx_word' id='word_1_910' title='bbox 2318 4681 2416 4719; x_wconf 90' lang='lat' dir='ltr'><strong>nos</strong></span> <span class='ocrx_word' id='word_1_911' title='bbox 2445 4666 2505 4718; x_wconf 86' lang='lat' dir='ltr'><strong>in</strong></span> <span class='ocrx_word' id='word_1_912' title='bbox 2544 4666 2659 4734; x_wconf 81' lang='lat' dir='ltr'><strong>ipso</strong></span> <span class='ocrx_word' id='word_1_913' title='bbox 2686 4681 2699 4730; x_wconf 91' lang='lat'><strong>;</strong></span> <span class='ocrx_word' id='word_1_914' title='bbox 2734 4669 2786 4719; x_wconf 86' lang='lat' dir='ltr'><strong>et</strong></span> <span class='ocrx_word' id='word_1_915' title='bbox 2815 4679 2958 4717; x_wconf 86' lang='lat' dir='ltr'><strong>unus</strong></span> <span class='ocrx_word' id='word_1_916' title='bbox 2990 4662 3250 4717; x_wconf 87' lang='lat' dir='ltr'><strong>Dominus</strong></span> <span class='ocrx_word' id='word_1_917' title='bbox 3290 4662 3439 4717; x_wconf 89' lang='lat' dir='ltr'><strong>Jesus</strong></span> <span class='ocrx_word' id='word_1_918' title='bbox 3472 4660 3647 4714; x_wconf 83' lang='lat' dir='ltr'><strong>Chris-</strong></span> 
     </span>
    </p>
   </div>
   <div class='ocr_carea' id='block_1_113' title="bbox 2004 4750 3640 4827">
    <p class='ocr_par' dir='ltr' id='par_1_113' title="bbox 2004 4750 3640 4827">
     <span class='ocr_line' id='line_1_113' title="bbox 2004 4750 3640 4827; baseline -0.005 -16"><span class='ocrx_word' id='word_1_919' title='bbox 2004 4766 2111 4824; x_wconf 88' lang='lat' dir='ltr'><strong>tus,</strong></span> <span class='ocrx_word' id='word_1_920' title='bbox 2132 4773 2232 4827; x_wconf 87' lang='lat' dir='ltr'><strong>per</strong></span> <span class='ocrx_word' id='word_1_921' title='bbox 2260 4772 2416 4827; x_wconf 86' lang='lat' dir='ltr'><strong>quem</strong></span> <span class='ocrx_word' id='word_1_922' title='bbox 2451 4756 2725 4819; x_wconf 84' lang='lat' dir='ltr'><strong>omnia,et</strong></span> <span class='ocrx_word' id='word_1_923' title='bbox 2750 4769 2847 4807; x_wconf 91' lang='lat' dir='ltr'><strong>nos</strong></span> <span class='ocrx_word' id='word_1_924' title='bbox 2874 4769 2974 4823; x_wconf 83' lang='lat' dir='ltr'><strong>per</strong></span> <span class='ocrx_word' id='word_1_925' title='bbox 3004 4753 3184 4822; x_wconf 86' lang='lat' dir='ltr'><strong>ipsum</strong></span> <span class='ocrx_word' id='word_1_926' title='bbox 3216 4753 3258 4814; x_wconf 88' lang='lat' dir='ltr'><strong>(I</strong></span> <span class='ocrx_word' id='word_1_927' title='bbox 3293 4750 3640 4819; x_wconf 74' lang='lat' dir='ltr'><strong>Cor.v111,0).</strong></span> 
     </span>
    </p>
   </div>
   <div class='ocr_carea' id='block_1_114' title="bbox 2004 4838 3640 4914">
    <p class='ocr_par' dir='ltr' id='par_1_114' title="bbox 2004 4838 3640 4914">
     <span class='ocr_line' id='line_1_114' title="bbox 2004 4838 3640 4914; baseline -0.006 -13"><span class='ocrx_word' id='word_1_928' title='bbox 2004 4842 2424 4902; x_wconf 66' lang='lat' dir='ltr'><strong>Omnino&#39;duas</strong></span> <span class='ocrx_word' id='word_1_929' title='bbox 2472 4860 2772 4914; x_wconf 77' lang='lat' dir='ltr'><strong>personas,</strong></span> <span class='ocrx_word' id='word_1_930' title='bbox 2807 4858 2984 4896; x_wconf 91' lang='lat' dir='ltr'><strong>unam</strong></span> <span class='ocrx_word' id='word_1_931' title='bbox 3018 4842 3224 4905; x_wconf 88' lang='lat' dir='ltr'><strong>Patris,</strong></span> <span class='ocrx_word' id='word_1_932' title='bbox 3259 4838 3497 4894; x_wconf 79' lang='lat' dir='ltr'><strong>alterum</strong></span> <span class='ocrx_word' id='word_1_933' title='bbox 3546 4838 3640 4892; x_wconf 57' lang='lat' dir='ltr'><strong>Fio</strong></span> 
     </span>
    </p>
   </div>
   <div class='ocr_carea' id='block_1_115' title="bbox 2002 4926 3646 5002">
    <p class='ocr_par' dir='ltr' id='par_1_115' title="bbox 2002 4926 3646 5002">
     <span class='ocr_line' id='line_1_115' title="bbox 2002 4926 3646 5002; baseline -0.007 -11"><span class='ocrx_word' id='word_1_934' title='bbox 2002 4935 2084 5002; x_wconf 92' lang='lat' dir='ltr'><strong>lii,</strong></span> <span class='ocrx_word' id='word_1_935' title='bbox 2118 4936 2245 4991; x_wconf 90' lang='lat' dir='ltr'><strong>sine</strong></span> <span class='ocrx_word' id='word_1_936' title='bbox 2271 4934 2393 4989; x_wconf 89' lang='lat' dir='ltr'><strong>ulla</strong></span> <span class='ocrx_word' id='word_1_937' title='bbox 2422 4932 2762 4988; x_wconf 70' lang='lat' dir='ltr'><strong>confusione</strong></span> <span class='ocrx_word' id='word_1_938' title='bbox 2792 4936 2849 4986; x_wconf 93' lang='lat' dir='ltr'><strong>et</strong></span> <span class='ocrx_word' id='word_1_939' title='bbox 2885 4931 3010 4986; x_wconf 90' lang='lat' dir='ltr'><strong>sine</strong></span> <span class='ocrx_word' id='word_1_940' title='bbox 3042 4929 3157 4984; x_wconf 92' lang='lat' dir='ltr'><strong>ullo</strong></span> <span class='ocrx_word' id='word_1_941' title='bbox 3199 4945 3391 4983; x_wconf 80' lang='lat' dir='ltr'><strong>errore</strong></span> <span class='ocrx_word' id='word_1_942' title='bbox 3438 4926 3646 4981; x_wconf 88' lang='lat' dir='ltr'><strong>distin-</strong></span> 
     </span>
    </p>
   </div>
   <div class='ocr_carea' id='block_1_116' title="bbox 2002 5015 3649 5094">
    <p class='ocr_par' dir='ltr' id='par_1_116' title="bbox 2002 5015 3649 5094">
     <span class='ocr_line' id='line_1_116' title="bbox 2002 5015 3649 5094; baseline -0.005 -14"><span class='ocrx_word' id='word_1_943' title='bbox 2002 5025 2103 5080; x_wconf 83' lang='lat' dir='ltr'><strong>xit.</strong></span> <span class='ocrx_word' id='word_1_944' title='bbox 2135 5024 2330 5094; x_wconf 90' lang='lat' dir='ltr'><strong>Neque</strong></span> <span class='ocrx_word' id='word_1_945' title='bbox 2349 5023 2503 5077; x_wconf 88' lang='lat' dir='ltr'><strong>enim</strong></span> <span class='ocrx_word' id='word_1_946' title='bbox 2537 5023 2650 5077; x_wconf 91' lang='lat' dir='ltr'><strong>duo</strong></span> <span class='ocrx_word' id='word_1_947' title='bbox 2682 5025 2822 5076; x_wconf 90' lang='lat' dir='ltr'><strong>sunt</strong></span> <span class='ocrx_word' id='word_1_948' title='bbox 2850 5021 2929 5074; x_wconf 91' lang='lat' dir='ltr'><strong>dii</strong></span> <span class='ocrx_word' id='word_1_949' title='bbox 2963 5032 3173 5091; x_wconf 81' lang='lat' dir='ltr'><strong>patres,</strong></span> <span class='ocrx_word' id='word_1_950' title='bbox 3200 5017 3299 5072; x_wconf 91' lang='lat' dir='ltr'><strong>sed</strong></span> <span class='ocrx_word' id='word_1_951' title='bbox 3322 5033 3472 5071; x_wconf 91' lang='lat' dir='ltr'><strong>unus</strong></span> <span class='ocrx_word' id='word_1_952' title='bbox 3495 5015 3649 5071; x_wconf 90' lang='lat' dir='ltr'><strong>Deus</strong></span> 
     </span>
    </p>
   </div>
   <div class='ocr_carea' id='block_1_117' title="bbox 2004 5106 3651 5174">
    <p class='ocr_par' dir='ltr' id='par_1_117' title="bbox 2004 5106 3651 5174">
     <span class='ocr_line' id='line_1_117' title="bbox 2004 5106 3651 5174; baseline -0.005 -5"><span class='ocrx_word' id='word_1_953' title='bbox 2004 5114 2170 5169; x_wconf 90' lang='lat' dir='ltr'><strong>Pater</strong></span> <span class='ocrx_word' id='word_1_954' title='bbox 2201 5132 2213 5168; x_wconf 89' lang='lat'><strong>:</strong></span> <span class='ocrx_word' id='word_1_955' title='bbox 2250 5129 2355 5166; x_wconf 87' lang='lat' dir='ltr'><strong>nec</strong></span> <span class='ocrx_word' id='word_1_956' title='bbox 2386 5112 2500 5166; x_wconf 89' lang='lat' dir='ltr'><strong>duo</strong></span> <span class='ocrx_word' id='word_1_957' title='bbox 2531 5117 2666 5165; x_wconf 89' lang='lat' dir='ltr'><strong>sunt</strong></span> <span class='ocrx_word' id='word_1_958' title='bbox 2696 5108 2915 5164; x_wconf 91' lang='lat' dir='ltr'><strong>domini</strong></span> <span class='ocrx_word' id='word_1_959' title='bbox 2948 5109 3081 5161; x_wconf 87' lang='lat' dir='ltr'><strong>Jesu</strong></span> <span class='ocrx_word' id='word_1_960' title='bbox 3115 5107 3347 5174; x_wconf 85' lang='lat' dir='ltr'><strong>Christi,</strong></span> <span class='ocrx_word' id='word_1_961' title='bbox 3371 5106 3470 5159; x_wconf 91' lang='lat' dir='ltr'><strong>sed</strong></span> <span class='ocrx_word' id='word_1_962' title='bbox 3496 5121 3651 5160; x_wconf 89' lang='lat' dir='ltr'><strong>unus</strong></span> 
     </span>
    </p>
   </div>
   <div class='ocr_carea' id='block_1_118' title="bbox 2003 5192 3651 5266">
    <p class='ocr_par' dir='ltr' id='par_1_118' title="bbox 2003 5192 3651 5266">
     <span class='ocr_line' id='line_1_118' title="bbox 2003 5192 3651 5266; baseline -0.005 -8"><span class='ocrx_word' id='word_1_963' title='bbox 2003 5201 2288 5258; x_wconf 86' lang='lat' dir='ltr'><strong>Dominus</strong></span> <span class='ocrx_word' id='word_1_964' title='bbox 2315 5200 2490 5256; x_wconf 87' lang='lat' dir='ltr'><strong>Jesus</strong></span> <span class='ocrx_word' id='word_1_965' title='bbox 2521 5198 2808 5256; x_wconf 88' lang='lat' dir='ltr'><strong>Christus.</strong></span> <span class='ocrx_word' id='word_1_966' title='bbox 2863 5197 2920 5250; x_wconf 90' lang='lat' dir='ltr'><strong>In</strong></span> <span class='ocrx_word' id='word_1_967' title='bbox 2955 5195 3053 5249; x_wconf 82' lang='lat' dir='ltr'><strong>illa</strong></span> <span class='ocrx_word' id='word_1_968' title='bbox 3100 5194 3316 5266; x_wconf 88' lang='lat' dir='ltr'><strong>quippe</strong></span> <span class='ocrx_word' id='word_1_969' title='bbox 3363 5192 3651 5249; x_wconf 86' lang='lat' dir='ltr'><strong>Trinitate</strong></span> 
     </span>
    </p>
   </div>
   <div class='ocr_carea' id='block_1_119' title="bbox 2004 5281 3650 5364">
    <p class='ocr_par' dir='ltr' id='par_1_119' title="bbox 2004 5281 3650 5364">
     <span class='ocr_line' id='line_1_119' title="bbox 2004 5281 3650 5364; baseline -0.005 -19"><span class='ocrx_word' id='word_1_970' title='bbox 2004 5308 2131 5364; x_wconf 65' lang='lat' dir='ltr'><strong>quas</strong></span> <span class='ocrx_word' id='word_1_971' title='bbox 2164 5290 2317 5345; x_wconf 87' lang='lat' dir='ltr'><strong>Deus</strong></span> <span class='ocrx_word' id='word_1_972' title='bbox 2348 5295 2454 5360; x_wconf 87' lang='lat' dir='ltr'><strong>est,</strong></span> <span class='ocrx_word' id='word_1_973' title='bbox 2487 5304 2641 5343; x_wconf 90' lang='lat' dir='ltr'><strong>unus</strong></span> <span class='ocrx_word' id='word_1_974' title='bbox 2689 5292 2777 5341; x_wconf 89' lang='lat' dir='ltr'><strong>est</strong></span> <span class='ocrx_word' id='word_1_975' title='bbox 2820 5287 3006 5349; x_wconf 85' lang='lat' dir='ltr'><strong>Pater,</strong></span> <span class='ocrx_word' id='word_1_976' title='bbox 3059 5300 3173 5338; x_wconf 91' lang='lat' dir='ltr'><strong>non</strong></span> <span class='ocrx_word' id='word_1_977' title='bbox 3226 5284 3341 5336; x_wconf 92' lang='lat' dir='ltr'><strong>duo</strong></span> <span class='ocrx_word' id='word_1_978' title='bbox 3373 5281 3459 5337; x_wconf 88' lang='lat' dir='ltr'><strong>vel</strong></span> <span class='ocrx_word' id='word_1_979' title='bbox 3492 5286 3650 5351; x_wconf 89' lang='lat' dir='ltr'><strong>tres;</strong></span> 
     </span>
    </p>
   </div>
   <div class='ocr_carea' id='block_1_120' title="bbox 2003 5372 3649 5444">
    <p class='ocr_par' dir='ltr' id='par_1_120' title="bbox 2003 5372 3649 5444">
     <span class='ocr_line' id='line_1_120' title="bbox 2003 5372 3649 5444; baseline -0.007 -7"><span class='ocrx_word' id='word_1_980' title='bbox 2003 5385 2061 5437; x_wconf 88' lang='lat' dir='ltr'><strong>et</strong></span> <span class='ocrx_word' id='word_1_981' title='bbox 2090 5397 2243 5435; x_wconf 90' lang='lat' dir='ltr'><strong>unus</strong></span> <span class='ocrx_word' id='word_1_982' title='bbox 2276 5378 2478 5444; x_wconf 87' lang='lat' dir='ltr'><strong>Filius,</strong></span> <span class='ocrx_word' id='word_1_983' title='bbox 2512 5394 2625 5431; x_wconf 90' lang='lat' dir='ltr'><strong>non</strong></span> <span class='ocrx_word' id='word_1_984' title='bbox 2661 5377 2776 5430; x_wconf 93' lang='lat' dir='ltr'><strong>duo</strong></span> <span class='ocrx_word' id='word_1_985' title='bbox 2833 5374 2916 5428; x_wconf 83' lang='lat' dir='ltr'><strong>vel</strong></span> <span class='ocrx_word' id='word_1_986' title='bbox 2966 5380 3123 5438; x_wconf 84' lang='lat' dir='ltr'><strong>tres;</strong></span> <span class='ocrx_word' id='word_1_987' title='bbox 3177 5378 3232 5425; x_wconf 90' lang='lat' dir='ltr'><strong>et</strong></span> <span class='ocrx_word' id='word_1_988' title='bbox 3261 5388 3416 5426; x_wconf 89' lang='lat' dir='ltr'><strong>unus</strong></span> <span class='ocrx_word' id='word_1_989' title='bbox 3446 5372 3649 5427; x_wconf 90' lang='lat' dir='ltr'><strong>ambo-</strong></span> 
     </span>
    </p>
   </div>
   <div class='ocr_carea' id='block_1_121' title="bbox 2004 5461 3650 5541">
    <p class='ocr_par' dir='ltr' id='par_1_121' title="bbox 2004 5461 3650 5541">
     <span class='ocr_line' id='line_1_121' title="bbox 2004 5461 3650 5541; baseline -0.007 -15"><span class='ocrx_word' id='word_1_990' title='bbox 2004 5488 2133 5526; x_wconf 93' lang='lat' dir='ltr'><strong>rum</strong></span> <span class='ocrx_word' id='word_1_991' title='bbox 2167 5469 2440 5541; x_wconf 89' lang='lat' dir='ltr'><strong>Spiritus,</strong></span> <span class='ocrx_word' id='word_1_992' title='bbox 2483 5484 2593 5521; x_wconf 94' lang='lat' dir='ltr'><strong>non</strong></span> <span class='ocrx_word' id='word_1_993' title='bbox 2643 5466 2756 5519; x_wconf 91' lang='lat' dir='ltr'><strong>duo</strong></span> <span class='ocrx_word' id='word_1_994' title='bbox 2789 5464 2877 5518; x_wconf 90' lang='lat' dir='ltr'><strong>vel</strong></span> <span class='ocrx_word' id='word_1_995' title='bbox 2927 5467 3044 5519; x_wconf 80' lang='lat' dir='ltr'><strong>tres</strong></span> <span class='ocrx_word' id='word_1_996' title='bbox 3077 5479 3088 5517; x_wconf 92' lang='lat'>:</span> <span class='ocrx_word' id='word_1_997' title='bbox 3125 5466 3179 5517; x_wconf 89' lang='lat' dir='ltr'><strong>et</strong></span> <span class='ocrx_word' id='word_1_998' title='bbox 3212 5462 3331 5532; x_wconf 91' lang='lat' dir='ltr'><strong>ipse</strong></span> <span class='ocrx_word' id='word_1_999' title='bbox 3366 5479 3518 5516; x_wconf 88' lang='lat' dir='ltr'><strong>unus</strong></span> <span class='ocrx_word' id='word_1_1000' title='bbox 3550 5461 3650 5517; x_wconf 86' lang='lat' dir='ltr'><strong>Pa-</strong></span> 
     </span>
    </p>
   </div>
   <div class='ocr_carea' id='block_1_122' title="bbox 2003 5551 3650 5629">
    <p class='ocr_par' dir='ltr' id='par_1_122' title="bbox 2003 5551 3650 5629">
     <span class='ocr_line' id='line_1_122' title="bbox 2003 5551 3650 5629; baseline -0.006 -15"><span class='ocrx_word' id='word_1_1001' title='bbox 2003 5567 2092 5615; x_wconf 89' lang='lat' dir='ltr'><strong>ter</strong></span> <span class='ocrx_word' id='word_1_1002' title='bbox 2120 5559 2319 5629; x_wconf 86' lang='lat' dir='ltr'><strong>utique</strong></span> <span class='ocrx_word' id='word_1_1003' title='bbox 2357 5559 2503 5610; x_wconf 88' lang='lat' dir='ltr'><strong>Deus</strong></span> <span class='ocrx_word' id='word_1_1004' title='bbox 2531 5561 2639 5619; x_wconf 87' lang='lat' dir='ltr'><strong>est,</strong></span> <span class='ocrx_word' id='word_1_1005' title='bbox 2667 5560 2723 5608; x_wconf 90' lang='lat' dir='ltr'><strong>et</strong></span> <span class='ocrx_word' id='word_1_1006' title='bbox 2752 5552 2875 5623; x_wconf 85' lang='lat' dir='ltr'><strong>ipse</strong></span> <span class='ocrx_word' id='word_1_1007' title='bbox 2908 5568 3062 5606; x_wconf 89' lang='lat' dir='ltr'><strong>unus</strong></span> <span class='ocrx_word' id='word_1_1008' title='bbox 3097 5551 3277 5606; x_wconf 84' lang='lat' dir='ltr'><strong>Filius</strong></span> <span class='ocrx_word' id='word_1_1009' title='bbox 3326 5551 3503 5605; x_wconf 89' lang='lat' dir='ltr'><strong>etiam</strong></span> <span class='ocrx_word' id='word_1_1010' title='bbox 3552 5567 3650 5605; x_wconf 90' lang='lat' dir='ltr'><strong>vo-</strong></span> 
     </span>
    </p>
   </div>
   <div class='ocr_carea' id='block_1_123' title="bbox 2004 5638 3650 5712">
    <p class='ocr_par' dir='ltr' id='par_1_123' title="bbox 2004 5638 3650 5712">
     <span class='ocr_line' id='line_1_123' title="bbox 2004 5638 3650 5712; baseline -0.006 -8"><span class='ocrx_word' id='word_1_1011' title='bbox 2004 5650 2095 5704; x_wconf 81' lang='lat' dir='ltr'><strong>bis</strong></span> <span class='ocrx_word' id='word_1_1012' title='bbox 2118 5648 2432 5703; x_wconf 81' lang='lat' dir='ltr'><strong>fatentibus</strong></span> <span class='ocrx_word' id='word_1_1013' title='bbox 2464 5644 2616 5698; x_wconf 82' lang='lat' dir='ltr'><strong>Deus</strong></span> <span class='ocrx_word' id='word_1_1014' title='bbox 2642 5648 2757 5709; x_wconf 80' lang='lat' dir='ltr'><strong>est,</strong></span> <span class='ocrx_word' id='word_1_1015' title='bbox 2790 5647 2846 5696; x_wconf 90' lang='lat' dir='ltr'><strong>et</strong></span> <span class='ocrx_word' id='word_1_1016' title='bbox 2883 5641 3007 5712; x_wconf 81' lang='lat' dir='ltr'><strong>ipse</strong></span> <span class='ocrx_word' id='word_1_1017' title='bbox 3040 5641 3346 5695; x_wconf 82' lang='lat' dir='ltr'><strong>amboium</strong></span> <span class='ocrx_word' id='word_1_1018' title='bbox 3396 5638 3650 5710; x_wconf 89' lang='lat' dir='ltr'><strong>Spiritus</strong></span> 
     </span>
    </p>
   </div>
   <div class='ocr_carea' id='block_1_124' title="bbox 2003 5728 3649 5806">
    <p class='ocr_par' dir='ltr' id='par_1_124' title="bbox 2003 5728 3649 5806">
     <span class='ocr_line' id='line_1_124' title="bbox 2003 5728 3649 5806; baseline -0.007 -11"><span class='ocrx_word' id='word_1_1019' title='bbox 2003 5738 2182 5796; x_wconf 86' lang='lat' dir='ltr'><strong>etiam</strong></span> <span class='ocrx_word' id='word_1_1020' title='bbox 2201 5734 2367 5792; x_wconf 88' lang='lat' dir='ltr'><strong>vobis</strong></span> <span class='ocrx_word' id='word_1_1021' title='bbox 2394 5731 2750 5806; x_wconf 87' lang='lat' dir='ltr'><strong>negantibus</strong></span> <span class='ocrx_word' id='word_1_1022' title='bbox 2772 5729 2927 5787; x_wconf 90' lang='lat' dir='ltr'><strong>Deus</strong></span> <span class='ocrx_word' id='word_1_1023' title='bbox 2958 5730 3167 5786; x_wconf 85' lang='lat' dir='ltr'><strong>est.Sic</strong></span> <span class='ocrx_word' id='word_1_1024' title='bbox 3185 5734 3242 5786; x_wconf 89' lang='lat' dir='ltr'><strong>et</strong></span> <span class='ocrx_word' id='word_1_1025' title='bbox 3260 5728 3574 5785; x_wconf 91' lang='lat' dir='ltr'><strong>Dominum</strong></span> <span class='ocrx_word' id='word_1_1026' title='bbox 3596 5728 3649 5784; x_wconf 85' lang='lat' dir='ltr'><strong>si</strong></span> 
     </span>
    </p>
   </div>
   <div class='ocr_carea' id='block_1_125' title="bbox 2002 5815 3648 5902">
    <p class='ocr_par' dir='ltr' id='par_1_125' title="bbox 2002 5815 3648 5902">
     <span class='ocr_line' id='line_1_125' title="bbox 2002 5815 3648 5902; baseline -0.009 -14"><span class='ocrx_word' id='word_1_1027' title='bbox 2002 5840 2255 5902; x_wconf 70' lang='lat' dir='ltr'><strong>queres,</strong></span> <span class='ocrx_word' id='word_1_1028' title='bbox 2276 5820 2579 5898; x_wconf 72' lang='lat' dir='ltr'><strong>singultim</strong></span> <span class='ocrx_word' id='word_1_1029' title='bbox 2608 5834 2905 5896; x_wconf 81' lang='lat' dir='ltr'><strong>quemque</strong></span> <span class='ocrx_word' id='word_1_1030' title='bbox 2940 5818 3303 5896; x_wconf 82' lang='lat' dir='ltr'><strong>respondeo;</strong></span> <span class='ocrx_word' id='word_1_1031' title='bbox 3334 5817 3438 5879; x_wconf 82' lang='lat' dir='ltr'><strong>sed</strong></span> <span class='ocrx_word' id='word_1_1032' title='bbox 3467 5815 3648 5879; x_wconf 84' lang='lat' dir='ltr'><strong>simul</strong></span> 
     </span>
    </p>
   </div>
  </div>
