4040 6476
358 398 477 462 ’199

363 532 580 589 Omnes
601 548 717 588 non
739 536 857 588 tres
888 530 1157 587 dominos
1180 530 1456 600 deos,sed
1480 544 1662 585 unum
1692 527 2001 583 Dominum

363 627 548 678 Deum
571 622 717 677 dico.
746 622 873 677 Hzec
906 626 995 677 est
1018 621 1163 677 fides
1196 626 1414 689 nostra,
1450 619 1726 691 quoniam
1772 617 1892 671 haec
1934 616 2001 669 {i-

367 711 469 768 des
499 714 587 767 est
616 716 790 778 recta,
825 728 954 784 quae
991 711 1133 766 fides
1164 710 1338 765 etiam
1379 707 1661 764 catholica
1690 720 2000 777 nuncupa-

367 803 487 855 tur.
519 803 602 854 Tu
623 802 815 854 autem
842 798 940 870 qui
971 797 1107 852 huic
1130 797 1260 851 ﬁdei
1288 794 1661 859 contradicis,
1696 808 1892 864 quaeso
1923 794 2001 862 te,

373 904 595 961 expone
636 888 823 953 nobis,
866 887 1040 941 etiam
1086 887 1261 941 Jesus
1298 884 1563 941 Christus
1611 881 1902 954 quomodo
1929 879 2007 935 sit

366 976 673 1043 Dominus,
704 975 803 1047 qui
837 992 948 1030 non
978 975 1301 1041 Trinitatis,
1335 974 1432 1029 sed
1464 971 1645 1028 solius
1676 970 1863 1025 Patris
1878 983 2008 1023 esse

368 1067 583 1121 asseris
612 1081 832 1132 vocem,
864 1068 973 1133 Ego
1018 1081 1142 1119 sum
1171 1065 1450 1125 Dominus,
1484 1066 1537 1116 et
1580 1076 1692 1115 non
1736 1067 1817 1115 est
1862 1057 2009 1112 alius

358 1161 561 1226 praeter
588 1169 693 1208 me.
730 1152 948 1225 Nempe
974 1154 1265 1214 turbaris;
1318 1166 1527 1222 nempe
1564 1148 1702 1220 quid
1763 1162 2005 1218 respon-

361 1243 499 1299 deas
530 1259 646 1298 non
676 1242 922 1310 invenis,
949 1242 1061 1297 nisi
1092 1241 1232 1312 quia
1262 1245 1471 1307 tacere,
1503 1236 1737 1310 quando
1768 1234 2006 1291 convin-

360 1331 529 1397 ceris,
564 1348 676 1387 non
701 1331 806 1386 vis.
840 1331 897 1386 Si
940 1331 1093 1385 enim
1127 1347 1240 1385 non
1272 1329 1426 1384 Deus
1456 1328 1731 1393 Trinitas,
1765 1325 1866 1381 sed
1900 1323 2007 1379 Pa-

360 1424 451 1478 ter
478 1425 705 1475 tantum
755 1419 917 1486 dixit,
970 1422 1087 1488 Ego
1141 1436 1262 1473 sum
1294 1419 1590 1487 Dominus,
1622 1426 1672 1471 et
1718 1431 1827 1470 non
1865 1414 2011 1468 alius

359 1515 575 1585 praeter
602 1526 689 1566 me
716 1528 735 1566 :
767 1508 963 1582 procul
1007 1508 1184 1564 dubio
1232 1508 1466 1581 negavit
1519 1523 1646 1563 esse
1699 1506 2009 1560 Dominum

366 1599 613 1668 Filium;
646 1599 921 1671 quoniam
968 1598 1017 1653 si
1072 1599 1353 1653 Dominus
1393 1600 1482 1653 est
1526 1600 1583 1652 et
1631 1594 1831 1659 Filius,
1865 1592 2011 1647 falso

369 1688 591 1744 dictum
632 1691 738 1758 est,
770 1689 885 1744 Non
930 1690 1009 1743 est
1036 1687 1188 1742 alius
1220 1687 1482 1743 Dominus
1528 1693 1725 1757 praeter
1750 1699 1856 1739 me.
1887 1682 2011 1737 Non

367 1778 526 1835 enim
558 1777 751 1850 agitur
780 1778 851 1832 de
889 1777 1151 1841 Domino,
1185 1775 1388 1847 quales
1419 1784 1554 1831 sunt
1598 1772 1865 1828 homines
1911 1771 2013 1825 do-

369 1867 516 1925 mini
546 1867 852 1923 hominum
898 1882 1217 1935 servorum,
1270 1880 1418 1935 quos
1456 1861 1768 1935 Apostolus
1815 1876 2018 1915 secun-

371 1957 514 2013 dum
547 1972 780 2011 carnem
812 1954 1081 2010 dominos
1113 1969 1242 2010 esse
1273 1953 1415 2008 dicit
1446 1953 1658 2024 (Ephes.
1690 1967 1770 2016 xi,
1799 1950 1855 2021 5)
1882 1947 2015 2003 :sed

372 2047 445 2103 de
475 2044 720 2101 Domino
760 2043 975 2115 agitur,
1001 2042 1095 2098 cui
1129 2042 1380 2098 servitus
1424 2040 1524 2095 illa
1578 2041 1838 2105 debetur,
1891 2053 2016 2108 quae

373 2150 559 2210 graece
588 2130 807 2207 λατρεία
838 2132 1071 2198 dicitur,
1102 2132 1421 2187 secundum
1456 2146 1633 2202 quam
1666 2127 1885 2183 dictum
1906 2129 2017 2181 est:

377 2225 668 2281 Dominum
694 2223 863 2277 Deum
910 2229 1065 2276 tuum
1113 2220 1385 2289 adorabis,
1417 2223 1469 2274 et
1514 2219 1604 2273 illi
1630 2217 1789 2273 salies
1817 2216 2020 2270 servies

381 2314 559 2385 (Deut.
592 2328 670 2379 v1,
698 2310 811 2383 13).
845 2309 952 2377 Qui
1000 2310 1285 2366 Dominus
1335 2312 1482 2364 Deus
1513 2308 1561 2363 si
1593 2324 1707 2363 non
1738 2305 2018 2371 Trinitas,

378 2402 479 2458 sed
519 2399 679 2455 solus
730 2403 818 2455 est
868 2398 1479 2471 Paterzprohibemur
1525 2395 1726 2468 utique
1780 2393 2019 2449 Domino

376 2490 602 2549 Christo
632 2487 735 2545 tali
766 2487 1041 2544 servitute
1078 2488 1313 2560 servire,
1345 2488 1404 2542 in
1434 2503 1500 2543 eo
1531 2485 1687 2558 quod
1723 2484 2016 2550 audimus,

375 2580 469 2638 Illi
495 2578 602 2636 soli
626 2580 863 2646 servies;
896 2578 943 2634 si
976 2577 1057 2633 ita
1086 2578 1307 2633 dictum
1348 2581 1455 2642 est,
1501 2592 1566 2631 ac
1616 2575 1665 2630 si
1708 2573 2018 2640 diceretur,

375 2669 492 2727 Deo
524 2667 680 2724 Patri
712 2666 818 2723 soli
845 2667 1082 2724 servies.
1116 2666 1223 2730 Qui
1250 2666 1505 2738 profecto
1537 2664 1585 2720 si
1617 2662 1799 2734 solus,
1820 2667 1877 2718 et
1906 2678 2022 2717 non

375 2757 507 2831 ipsa
537 2756 793 2814 Trinitas
815 2755 979 2823 dixit,
1005 2756 1115 2825 Ego
1142 2772 1263 2811 sum
1289 2755 1554 2812 Dominus
1584 2763 1755 2809 etnon
1782 2759 1859 2807 est
1877 2750 2024 2807 alius

373 2856 581 2921 prmter
608 2862 730 2914 me;
765 2847 995 2919 negavit
1026 2862 1154 2901 esse
1204 2844 1414 2901 Filium
1462 2847 1770 2900 Dominum
1826 2840 2023 2905 talem,

381 2936 539 3009 quali
578 2936 825 2993 Domino
858 2936 1108 2991 servitus
1158 2934 1252 2989 ille
1305 2935 1570 3003 debetur,
1626 2949 1742 3004 qua
1794 2926 2026 2985 nonnisi

380 3026 499 3083 Deo
528 3041 662 3080 cum
693 3042 825 3081 vera
855 3023 1133 3097 religione
1163 3024 1430 3080 servitur.
1464 3023 1589 3077 Non
1653 3020 1807 3077 enim
1859 3018 2025 3086 dixit,

379 3116 498 3188 Ego
526 3131 657 3170 sum
690 3115 968 3169 Dominus
1021 3115 1207 3185 major
1245 3118 1347 3169 aut
1402 3112 1627 3178 melior,
1673 3113 1732 3164 et
1778 3125 1892 3164 non
1939 3110 2029 3163 est

381 3208 586 3261 tantus
620 3208 721 3258 aut
749 3202 884 3258 talis
917 3207 1124 3275 prater
1154 3219 1247 3258 me
1278 3220 1291 3258 :
1326 3202 1427 3257 sed
1457 3200 1655 3256 volens
1681 3199 1789 3254 sibi
1823 3197 1930 3254 soli
1963 3213 2031 3252 ea

382 3309 510 3366 quas
542 3292 788 3349 Domino
818 3292 933 3347 Deo
956 3292 1199 3346 debetur
1226 3291 1501 3347 servitute
1532 3288 2029 3359 serviri,Egosum,

389 3382 603 3456 inquit,
635 3383 921 3452 Dominus,
954 3389 1003 3436 et
1033 3396 1145 3436 non
1189 3389 1266 3435 est
1295 3380 1440 3435 alius
1466 3382 1670 3450 prater
1710 3393 1815 3432 me.
1858 3376 2032 3431 Porro

392 3471 442 3529 si
471 3488 581 3527 vox
611 3470 745 3542 ista,
777 3471 929 3526 sicut
962 3468 1246 3525 catholica
1263 3469 1408 3525 ﬁdes
1428 3468 1587 3535 dicit,
1611 3466 1787 3522 unius
1808 3465 1909 3521 Dei
1927 3468 2033 3533 est,

391 3561 547 3634 quod
579 3564 667 3617 est
694 3560 822 3632 ipsa
851 3560 1137 3628 Trinitas;
1171 3558 1296 3615 sine
1344 3557 1465 3614 ulla
1508 3555 1869 3612 dubitatione
1900 3553 2037 3609 huic

393 3650 504 3708 soli
533 3651 905 3707 serviendum
940 3653 1029 3705 est
1068 3666 1134 3705 ea
1167 3648 1465 3716 servitute,
1497 3663 1621 3717 qua:
1661 3644 1895 3702 nonnisi
1926 3644 2036 3699 Do-

391 3740 552 3797 mino
584 3739 698 3796 Deo
732 3740 999 3809 debetur,
1034 3738 1170 3809 quia
1212 3739 1338 3810 ipse
1370 3741 1460 3793 est
1500 3735 1808 3800 Dominus,
1841 3737 1897 3789 et
1926 3748 2040 3787 non

392 3833 483 3886 est
510 3827 661 3883 alius
702 3833 907 3900 praeter
934 3828 1153 3898 ipsum.

462 3917 515 3973 4.
542 3916 758 3971 Deinde
791 3932 984 3988 quaero
1008 3915 1307 3987 quomodo
1338 3913 1593 3985 accipias
1642 3912 1795 3985 quod
1825 3910 2042 3965 dictum

398 4011 508 4073 est,
532 4006 678 4062 Unus
706 4008 843 4061 Deus
902 4007 1088 4072 Pater,
1122 4021 1192 4060 ea:
1221 4020 1323 4075 quo
1352 4004 1567 4070 omnia,
1597 4005 1647 4057 et
1676 4018 1771 4057 nos
1801 4001 1865 4055 in
1894 4001 2049 4070 ipso;

398 4104 449 4153 et
479 4111 619 4149 unus
647 4096 908 4150 Dominus
932 4096 1088 4151 Iesus
1139 4093 1383 4149 Christus
1428 4108 1531 4158 per
1563 4106 1722 4163 quem
1756 4091 1967 4158 omnia,
1998 4094 2051 4144 et

403 4204 503 4245 nos
519 4202 619 4261 per
650 4188 827 4258 ipsum
857 4183 1155 4256 Numquid
1188 4201 1305 4238 non
1336 4186 1392 4238 et
1420 4199 1489 4237 ex
1508 4179 1648 4236 Filio
1666 4183 1805 4236 sunt
1820 4178 2047 4234 omnia:

405 4276 883 4351 quandoquidem
919 4275 1044 4346 ipse
1074 4272 1234 4340 dicit,
1285 4273 1651 4342 Quaecumque
1697 4275 1862 4324 Pater
1895 4268 2048 4338 facit,

413 4366 527 4423 haec
556 4369 606 4423 et
635 4366 814 4422 Filius
839 4364 1099 4419 similiter
1118 4363 1255 4434 facit
1283 4362 1457 4433 (Joan.
1495 4377 1547 4430 v,
1583 4358 1669 4431 19)
1692 4358 1719 4413 ‘?
1767 4356 1826 4413 Si
1858 4360 2051 4412 autem

405 4454 489 4511 ita
521 4453 858 4525 distinguis,
902 4456 967 4507 ut
1000 4469 1112 4507 non
1154 4451 1272 4507 sint
1306 4467 1407 4522 per
1438 4451 1663 4505 Patrem
1697 4444 1920 4508 omnia,
1952 4444 2051 4500 sed

406 4560 478 4601 ex
506 4548 707 4611 Patre;
740 4559 845 4598 nec
874 4541 1073 4597 omnia
1103 4541 1222 4597 sint
1250 4557 1317 4596 ex
1348 4539 1515 4604 Filio,
1546 4538 1643 4594 sed
1679 4553 1780 4609 per
1814 4534 2051 4590 Filium:

410 4633 544 4707 quis
574 4648 773 4687 eorum
798 4630 903 4687 tibi
935 4630 1165 4686 videtur
1183 4646 1313 4685 esse
1342 4627 1441 4691 ille
1471 4629 1542 4683 de
1574 4644 1688 4700 quo
1712 4626 1866 4682 idem
1888 4641 2056 4696 apos-

413 4721 573 4777 tolus
631 4720 792 4787 dicit,
854 4720 894 4775 0
962 4718 1209 4775 altitudo
1282 4718 1609 4773 divitiarum
1665 4716 1960 4786 sapientiae
2008 4720 2061 4767 et

411 4812 665 4867 scientia:
694 4810 822 4865 Dei!
843 4826 1007 4881 quam
1035 4808 1423 4864 inscrutabilia
1444 4810 1571 4862 sunt
1590 4804 1810 4878 judicia
1835 4805 1973 4873 eius,
2005 4807 2061 4857 et

414 4900 817 4971 investigabiles
856 4901 961 4956 viae
998 4900 1146 4971 ejus!
1177 4899 1306 4967 Quis
1353 4899 1501 4952 enim
1541 4896 1793 4966 cognovit
1840 4908 2062 4948 sensum

412 4990 680 5047 Domini?
737 4990 841 5044 Aut
882 4989 1002 5059 quis
1048 4988 1404 5043 consiliarius
1442 4987 1558 5057 ejus
1605 4985 1760 5057 fuit?
1805 4983 1910 5038 Aut
1940 4981 2061 5054 quis

412 5082 572 5152 prior
637 5079 787 5135 dedit
844 5081 952 5150 illi,
1012 5082 1063 5135 et
1123 5077 1457 5133 retribuetur
1501 5076 1600 5130 ei?
1665 5073 1941 5143 Quoniam
1995 5087 2064 5126 ea:

408 5174 555 5249 ipso,
607 5176 660 5228 et
702 5187 802 5244 per
848 5175 1049 5245 ipsum,
1089 5173 1139 5226 et
1196 5170 1256 5224 in
1312 5168 1430 5239 ipso
1484 5172 1611 5219 sunt
1666 5163 1851 5219 omnia
1889 5180 1907 5215 :
1957 5161 2065 5233 ipsi

413 5266 595 5341 gloria
634 5267 695 5320 in
724 5263 925 5319 saecula
954 5260 1319 5316 saeculorum.
1357 5258 1523 5312 Amen
1564 5251 2061 5325 (Rom.x1,33-36).

418 5356 627 5413 Utrum
661 5355 827 5410 Pater
843 5347 1461 5420 estintelligendus,an
1478 5343 1875 5399 Filius?Deum
1899 5357 2063 5396 nam-

420 5462 550 5518 quaa
574 5444 738 5517 prius
760 5439 1101 5507 nominavit,
1126 5439 1358 5493 dicens:
1386 5434 1424 5490 0
1469 5433 1713 5489 altitudo
1739 5432 2068 5486 divitiarum

420 5535 707 5608 sapientiae
724 5540 774 5588 et
793 5533 1039 5587 scientiae
1062 5530 1159 5583 Dei
1182 5527 1421 5581 !Postea
1437 5540 1570 5579 vero
1596 5538 1729 5578 eum
1753 5520 2066 5576 Dominum

422 5622 754 5697 appellavit,
790 5621 889 5676 ubi
922 5619 1001 5674 ait
1035 5636 1047 5672 ι
1092 5618 1222 5686 Quis
1240 5617 1392 5671 enim
1420 5613 1671 5683 cognovit
1711 5626 1929 5666 sensum
1960 5610 2068 5665 Do-

420 5714 602 5772 mini?
630 5713 739 5768 Sed
773 5711 879 5767 hoc
914 5727 1025 5764 non
1078 5708 1253 5763 habet
1304 5700 1756 5761 controversiam
1793 5716 1806 5755 :
1842 5704 2067 5755 utrum-

418 5821 531 5879 que
563 5803 721 5861 enim
753 5816 963 5857 nomen
1014 5798 1188 5855 etiam
1219 5812 1318 5853 vos
1363 5799 1420 5853 et
1448 5792 1605 5852 Patri
1646 5789 1964 5864 assignatis
2011 5792 2070 5846 et

416 5894 581 5954 Filio.
615 5893 813 5966 Neque
840 5890 997 5948 enim
1029 5888 1115 5946 sic
1146 5884 1340 5945 dicitis
1369 5885 1557 5944 Deum
1581 5882 1837 5951 Patrem,
1869 5883 1937 5938 ut
1966 5895 2068 5937 ne-

425 5984 576 6061 getis
607 5998 736 6045 esse
764 5986 949 6044 Deum
976 5977 1225 6053 Filium;
1272 5979 1376 6039 aut
1402 5975 1490 6039 sic
1517 5972 1709 6039 dicitis
1754 5971 1940 6036 Deum
1984 5968 2072 6032 Fl-

839 397 1155 462 GONTRA
1196 394 1658 461 MAXIMINUM
1700 389 2173 457 ARIANOBUM
2216 382 2685 458 EPISGOPUM,
2731 382 2799 444 S.
2843 373 3277 443 AUGUSTINI

3641 366 3769 431 800

2110 523 2279 588 lium,
2314 522 2379 575 ut
2410 515 2631 591 negetis
2689 528 2817 570 esse
2856 511 3039 568 Deum
3089 510 3343 563 Patrem.
3394 501 3670 569 Quamvis
3704 500 3767 556 in

2113 612 2222 667 hoc
2253 606 2570 681 apostolico
2602 602 2937 660 testimonio
2963 598 3117 673 quod
3136 593 3648 658 adhibuisti,Deus
3672 591 3768 645 di-

2110 706 2276 757 catur
2304 698 2489 761 Pater,
2514 694 2794 750 Dominus
2812 687 3076 757 Filius,id
3107 690 3215 757 est,
3238 686 3383 742 Unus
3412 684 3553 739 Deus
3594 681 3771 735 Pater

2107 805 2179 845 ea:
2217 802 2321 859 quo
2352 786 2540 841 omnia
2560 800 2578 837 :
2608 790 2659 838 et
2690 796 2833 835 unus
2853 779 3113 834 Dominus
3161 776 3313 831 Iesus
3361 772 3636 835 Christus,
3658 784 3763 839 per

2108 857 2266 951 quem
2295 874 2497 931 omnia.
2531 871 2641 928 Sed
2673 868 2819 924 illud
2872 866 3106 922 attende
3152 863 3251 919 ubi
3307 861 3526 917 dictum
3578 862 3687 915 est.
3727 857 3768 914 0

2115 946 2361 1022 altitudo
2390 963 2719 1018 divitiarum
2757 957 3053 1029 sapientiae
3081 957 3135 1009 et
3179 952 3402 1008 scentis:
3430 951 3528 1005 Dei
3547 946 3560 1001 l
3614 947 3770 1003 Nam

2116 1055 2240 1113 sive
2270 1054 2437 1109 Pater
2466 1051 2545 1107 sit
2573 1049 2704 1117 iste,
2738 1047 2855 1103 sive
2886 1044 3085 1114 Filius,
3102 1058 3176 1098 ea:
3194 1042 3331 1113 ipso,
3352 1042 3405 1095 et
3430 1054 3531 1110 per
3556 1039 3767 1109 ipsum,

2109 1150 2161 1203 et
2192 1148 2250 1199 in
2281 1144 2401 1215 ipso
2430 1142 2558 1197 sunt
2587 1138 2801 1194 omnia.
2834 1133 3135 1200 Quomodo
3162 1146 3297 1203 ergo
3332 1144 3401 1185 ex
3419 1131 3590 1183 Patre
3638 1141 3770 1181 om-

2114 1234 2231 1304 nia,
2266 1248 2381 1288 non
2413 1247 2482 1286 ex
2534 1228 2719 1293 Filio;
2751 1229 2809 1281 et
2855 1240 2957 1297 per
3002 1220 3214 1278 Filium
3261 1217 3480 1285 omnia,
3513 1232 3632 1271 non
3664 1230 3774 1287 per

2114 1324 2345 1379 Patrem
2371 1337 2383 1376 :
2413 1315 2892 1392 quandoquidem
2916 1309 3241 1384 quemlibet
3269 1322 3472 1364 eorum
3509 1307 3773 1378 Aposto-

2114 1412 2207 1467 lus
2236 1408 2485 1466 voluerit
2517 1408 2623 1463 hoc
2653 1404 2778 1460 loco
2810 1399 3078 1471 intelligi,
3112 1399 3207 1454 Ex
3253 1398 3393 1468 ipso,
3445 1392 3661 1465 inquit,
3716 1394 3775 1447 et

2111 1518 2216 1575 per
2244 1502 2443 1572 ipsum,
2474 1506 2526 1553 et
2550 1498 2611 1552 in
2640 1496 2759 1567 ipso
2790 1497 2918 1547 sunt
2938 1490 3165 1546 omnia?
3194 1486 3253 1543 Si
3273 1501 3407 1558 ergo
3426 1484 3547 1540 sive
3564 1482 3635 1536 de
3656 1485 3772 1536 Pa-

2114 1571 2201 1646 tre
2225 1571 2343 1644 sive
2365 1588 2435 1643 de
2459 1585 2624 1653 Filio,
2648 1581 2951 1639 verissime
2972 1584 3170 1635 tamen
3201 1575 3437 1638 dicitur,
3494 1571 3651 1643 quod
3699 1584 3775 1626 ea:

2116 1680 2232 1750 ipso
2252 1693 2352 1749 per
2382 1677 2589 1745 ipsum,
2612 1677 2663 1729 et
2684 1674 2743 1727 in
2760 1672 2877 1743 ipso
2898 1671 3024 1723 sunt
3042 1664 3264 1733 omnia;
3298 1663 3424 1718 sine
3454 1659 3634 1717 dubio
3663 1658 3775 1714 Pa-

2118 1768 2224 1823 tris
2261 1770 2319 1822 et
2340 1764 2468 1821 Filii
2491 1763 2929 1819 demonstratur
2950 1754 3272 1828 aequalitas.
3310 1750 3369 1808 Si
3400 1756 3594 1807 autem
3622 1763 3776 1815 quo-

2121 1855 2277 1912 niam
2312 1870 2427 1910 non
2462 1848 2786 1908 nominavit
2817 1848 3044 1903 Patrem
3066 1849 3123 1900 et
3151 1841 3365 1899 Filium
3397 1844 3453 1896 et
3483 1838 3777 1911 Spiritum

2122 1942 2519 2014 sanctum,sed
2549 1942 2726 1996 Deum
2746 1942 2804 1994 et
2834 1931 3333 2003 Dominum,quod
3363 1932 3419 1985 et
3439 1928 3568 2000 ipsa
3581 1923 3777 1982 Trini-

2121 2039 2212 2091 tas
2235 2033 2347 2089 dici
2366 2034 2574 2104 potest,
2603 2026 2837 2100 singula
2863 2024 3073 2080 horum
3106 2020 3282 2076 trium
3328 2016 3528 2074 referri
3552 2015 3626 2072 ad
3650 2014 3778 2070 sin-

2123 2123 2291 2199 gulos
2322 2120 2500 2178 voluit
2533 2135 2547 2175 :
2579 2136 2650 2175 ex
2681 2115 3034 2190 ipsodicens,
3062 2114 3303 2184 propter
3320 2108 3549 2164 Patrem
3571 2123 3584 2174 ;
3607 2112 3659 2160 et
3677 2119 3782 2173 per

2122 2195 2324 2286 ipsum,
2358 2213 2593 2282 propter
2610 2205 2899 2269 Filium;in
2933 2204 3067 2275 ipso,
3092 2203 3327 2272 propter
3343 2195 3625 2269 Spiritum
3646 2209 3784 2249 san-

2124 2306 2281 2357 ctum
2304 2317 2317 2357 :
2341 2317 2446 2356 cur
2476 2297 2629 2353 hanc
2654 2293 2996 2351 Trinitatem
3038 2304 3222 2345 unum
3246 2285 3563 2342 Dominum
3588 2282 3780 2339 Deum

2126 2408 2241 2447 non
2270 2388 2449 2444 vultis
2479 2382 2836 2460 agnoscere?
2867 2376 3347 2449 Quandoquidem
3391 2390 3508 2429 non
3547 2372 3651 2439 ait,
3696 2370 3783 2426 Ex

2124 2481 2293 2553 ipsis,
2326 2484 2383 2534 et
2403 2476 2705 2549 peripsos,
2730 2478 2788 2529 et
2807 2472 2867 2527 in
2889 2470 3065 2543 ipsis;
3096 2466 3200 2523 sed
3232 2464 3331 2532 ait,
3353 2480 3423 2520 ea:
3443 2465 3582 2534 ipso,
3611 2464 3662 2516 et
3674 2476 3784 2531 per

2125 2571 2387 2642 ipsum,et
2407 2548 2472 2622 in
2492 2568 2613 2635 ipso
2632 2566 2760 2620 sunt
2781 2562 2967 2617 omnia
2980 2578 2998 2614 :
3016 2573 3121 2613 nec
3141 2553 3401 2626 ait,Ipsis
3418 2551 3603 2625 gloria
3618 2571 3634 2617 ς
3649 2548 3782 2615 sed,

2126 2662 2235 2733 ipsi
2260 2658 2446 2730 gloria
2460 2657 2519 2712 in
2539 2654 2741 2711 secula
2769 2649 3115 2708 saeculorum.
3148 2645 3339 2700 Amen.

2198 2795 2251 2848 5.
2273 2789 2512 2848 Falleris
2543 2804 2701 2855 sane,
2735 2784 2835 2858 qui
2865 2785 3037 2856 putas
3067 2781 3139 2836 de
3168 2779 3336 2835 Patre
3365 2775 3490 2832 solo
3527 2787 3657 2829 esse
3687 2770 3788 2827 di-

2130 2888 2312 2940 ctum.
2348 2882 2511 2937 Nemo
2543 2880 2732 2942 bonus,
2764 2875 2876 2929 nisi
2895 2887 3040 2928 unus
3070 2871 3228 2925 Deus.
3251 2866 3311 2923 Si
3331 2865 3491 2921 enim
3512 2861 3785 2927 dixisset,

2130 2973 2312 3029 Nemo
2344 2971 2552 3034 bonus,
2583 2964 2697 3021 nisi
2718 2979 2873 3019 unus
2893 2965 3099 3027 Pater;
3128 2973 3235 3013 nec
3256 2955 3338 3011 sic
3360 2952 3665 3009 exclusum
3690 2948 3785 3005 Fi-

2132 3062 2276 3118 lium
2306 3064 2365 3115 et
2391 3056 2675 3131 Spiritum
2707 3056 2979 3109 sanctum
3008 3050 3080 3104 ab
3107 3048 3221 3103 ista
3252 3045 3476 3100 unitate
3498 3038 3786 3097 bonitatis

2134 3150 2415 3207 voluisset
2438 3127 2729 3217 intelligi:
2763 3140 2901 3214 quia
2922 3146 2978 3195 et
3005 3136 3150 3193 illud
3193 3133 3348 3207 quod
3398 3129 3579 3188 simili
3626 3127 3786 3184 locu-

2135 3240 2292 3295 tione
2324 3237 2545 3293 dictum
2577 3237 2685 3303 est,
2734 3246 2911 3303 quam
2956 3243 3132 3298 supra
3186 3219 3659 3287 commemoravi,
3704 3218 3787 3273 Ea

2138 3344 2256 3402 qua:
2272 3328 2370 3383 Dei
2396 3328 2546 3387 sunt,
2576 3337 2737 3378 nemo
2764 3320 2888 3387 scit,
2918 3318 3033 3373 nisi
3059 3315 3294 3388 Spiritus
3326 3312 3429 3387 Dei
3454 3311 3503 3377 (Ι
3548 3308 3669 3364 Cor.
3722 3323 3786 3375 ii,

2141 3398 2230 3490 11)
2254 3433 2268 3474 :
2303 3432 2418 3471 non
2446 3410 2699 3469 excludit
2727 3409 2799 3464 ab
2818 3408 2927 3462 hac
2957 3404 3201 3461 scientia
3226 3400 3436 3457 Filium
3469 3398 3799 3463 Dei.Quan-

2139 3487 2384 3577 tolergo
2424 3501 2594 3558 nobis
2644 3497 2890 3554 latitudo
2938 3490 3336 3565 intelligentiae
3387 3487 3577 3561 magis
3608 3488 3796 3558 patet,

2143 3596 2280 3669 quia
2309 3610 2423 3649 non
2455 3590 2620 3658 dixit,
2652 3588 2832 3643 Nemo
2856 3586 3066 3653 bonus,
3110 3580 3221 3637 nisi
3252 3595 3408 3635 unus
3432 3581 3631 3643 Pater;
3667 3573 3799 3644 sed,

2144 3663 2312 3746 Nemo
2344 3684 2535 3749 bonus,
2565 3678 2678 3734 nisi
2706 3692 2851 3733 unus
2880 3676 3052 3741 Deus;
3084 3670 3239 3742 quod
3270 3666 3501 3740 estipsa
3514 3663 3799 3721 Trinitas.

2147 3774 2452 3842 Quaerebat
2482 3769 2700 3843 quippe
2726 3766 2824 3821 ille
2847 3763 2941 3820 cui
2973 3763 3080 3818 hoc
3110 3757 3415 3830 respondit
3450 3756 3649 3820 Jesus,
3683 3768 3804 3807 non

2148 3866 2370 3922 bonum
2401 3858 2851 3934 qualecumque,
2872 3853 2973 3909 sed
2996 3852 3214 3907 bonum
3236 3863 3352 3920 quo
3373 3846 3540 3901 ﬁeret
3567 3844 3802 3909 beatus;

2150 3953 2270 4008 imo
2300 3929 2488 4021 ipsam
2521 3941 2942 4001 beatitudinem
2975 3953 3194 4001 veram,
3222 3936 3280 3992 id
3309 3937 3414 4004 est,
3439 3932 3618 3988 vitam
3651 3929 3808 3986 desi-

2153 4018 2392 4097 derabat
2433 4040 2710 4091 aeternam
2745 4050 2759 4088 :
2787 4035 2845 4086 et
2880 4025 3348 4099 interpellaverat
3378 4028 3659 4093 tanquam
3694 4018 3807 4075 ho-

2154 4132 2373 4186 minem
2404 4126 2724 4189 Christum,
2757 4119 3023 4177 nesciens
3049 4133 3185 4173 eum
3218 4130 3347 4170 esse
3385 4112 3559 4168 etiam
3595 4111 3804 4166 Deum.

2154 4220 2387 4276 Dixerat
2413 4214 2567 4271 enim
2594 4229 2607 4269 :
2630 4212 2880 4282 Magister
2910 4207 3062 4277 bone,
3107 4204 3238 4278 quid
3273 4203 3505 4275 faciam,
3529 4203 3593 4255 ut
3630 4199 3812 4254 vitam

2154 4314 2424 4369 aeternam
2451 4302 2787 4373 consequar?
2814 4298 2979 4354 Tunc
3007 4296 3087 4350 ait
3108 4293 3234 4349 ille:
3271 4290 3421 4363 ()uid
3438 4304 3527 4345 me
3551 4289 3696 4345 dicis
3716 4287 3809 4344 bo-

2154 4399 2331 4455 num?
2358 4398 2528 4450 Nemo
2552 4393 2739 4458 bonus,
2771 4388 2884 4443 nisi
2912 4401 3057 4441 unus
3098 4384 3240 4439 Deus
3271 4381 3455 4453 (Marc.
3488 4396 3545 4447 x,
3581 4378 3669 4449 17,
3696 4376 3810 4449 18).

2157 4486 2281 4557 Vel,
2316 4483 2469 4541 sicut
2488 4480 2699 4551 legitur
2736 4476 2890 4550 apud
2950 4474 3131 4530 alium
3178 4469 3619 4543 evangelistam,
3650 4466 3813 4539 quod

2160 4555 2528 4633 tantumdem
2560 4569 2730 4638 valet,
2764 4566 2933 4623 Nemo
2967 4565 3155 4633 bonus,
3184 4561 3301 4617 nisi
3314 4559 3462 4616 solus
3490 4558 3632 4613 Deus
3653 4555 3814 4628 (Luc.

2162 4682 2325 4732 xvm,
2359 4664 2464 4732 19).
2496 4660 2803 4731 Tanquam
2835 4656 3087 4711 diceret:
3138 4652 3306 4707 Recte
3355 4664 3450 4704 me
3489 4643 3818 4719 appellabis

2164 4757 2407 4820 bonum,
2441 4750 2490 4807 si
2523 4765 2616 4805 me
2647 4746 2875 4803 noveris
2905 4744 3112 4799 Deum.
3142 4740 3289 4796 Nam
3322 4737 3557 4810 quando
3600 4750 3694 4789 me
3724 4734 3819 4788 ni-

2165 4844 2250 4903 hil
2281 4842 2439 4899 aliud
2472 4854 2648 4911 quam
2683 4835 2978 4893 hominem
3012 4836 3207 4904 putas,
3239 4828 3379 4898 quid
3407 4843 3501 4882 me
3531 4824 3679 4880 dicis
3711 4823 3819 4878 bo-

2165 4935 2349 4992 num‘l
2377 4931 2502 4987 Non
2534 4934 2591 4984 te
2622 4925 2759 4983 facit
2788 4925 3009 4980 bonum
3038 4936 3143 4977 nec
3165 4920 3423 4983 beatum,
3447 4914 3558 4971 nisi
3590 4915 3819 4970 bonum

2164 5018 2533 5081 immutabile
2557 5016 2710 5088 quod
2740 5014 2902 5071 solus
2930 5014 3020 5068 est
3048 5016 3219 5065 Deus.
3248 5007 3396 5063 Nam
3418 5005 3610 5059 bonus
3638 5017 3820 5073 ange-

2167 5113 2284 5179 lus,
2322 5111 2508 5167 bonus
2539 5107 2736 5171 homo,
2768 5104 2925 5159 bona
2969 5104 3177 5158 caetera
3208 5100 3513 5153 creatura:
3546 5092 3668 5149 haec
3699 5107 3822 5146 non

2170 5202 2252 5259 ita
2300 5201 2453 5256 bona
2481 5199 2642 5262 sunt,
2676 5196 2742 5249 ut
2777 5208 2845 5248 ea
2880 5187 3154 5262 quisquis
3202 5185 3452 5256 adeptus
3498 5181 3694 5251 fuerit,
3745 5179 3828 5235 sit

2172 5293 2407 5355 beatus;
2440 5301 2545 5342 nec
2576 5282 2696 5339 ulla
2725 5285 2817 5337 est
2846 5280 3015 5336 beata
3042 5277 3181 5343 vita,
3232 5272 3282 5330 si
3332 5289 3438 5329 son
3475 5271 3554 5326 sit
3582 5274 3824 5325 eterna.

2174 5379 2473 5450 Quomodo
2504 5380 2699 5433 autem
2730 5388 2846 5428 non
2875 5373 2965 5425 est
2994 5367 3109 5423 tale
3137 5367 3355 5421 bonum
3384 5361 3484 5418 Dei
3514 5358 3697 5416 Filius
3730 5374 3825 5414 ve-

2173 5488 2299 5537 rus,
2331 5484 2463 5524 cum
2488 5466 2567 5522 sit
2592 5479 2765 5519 verus
2798 5466 2946 5515 Deus
2963 5457 3148 5513 etvita
3166 5458 3401 5537 aeterna,
3428 5451 3499 5507 ad
3519 5464 3699 5523 quam
3722 5464 3827 5503 cu-

2174 5530 2369 5634 piebat
2397 5555 2493 5612 ille
2522 5554 2623 5627 qui
2654 5548 3111 5621 interrogoverat
3128 5530 3470 5615 pervenire?

2245 5696 2298 5751 6.
2326 5689 2571 5747 Proinde
2594 5702 2727 5744 cum
2739 5699 2844 5757 ego
2858 5698 3144 5749 asseram,
3174 5679 3339 5737 Nemo
3356 5675 3671 5744 bonus,nisi
3684 5690 3830 5731 unus

2176 5788 2234 5843 et
2253 5783 2402 5841 solus
2415 5781 2574 5845 Deus,
2599 5778 2669 5833 de
2698 5776 2825 5847 ipsa
2842 5770 3125 5827 Trinitatc
3140 5768 3359 5824 dictum
3375 5782 3525 5834 esse,
3548 5764 3647 5836 qui
3673 5763 3829 5821 Deus

2177 5880 2333 5933 unus
2353 5876 2409 5931 et
2426 5869 2584 5927 solus
2607 5871 2722 5931 est;
2761 5869 2821 5919 tu
2843 5867 3038 5919 autem
3061 5873 3291 5917 asseras
3321 5857 3392 5909 de
3428 5853 3552 5910 solo
3574 5852 3691 5909 Deo
3724 5852 3829 5910 Pa-

2178 5971 2264 6028 trc
2289 5963 2506 6021 dictum
2529 5958 2819 6031 essc,qnia
2844 5956 2965 6027 ipse
2981 5953 3050 6009 de
3074 5948 3231 6006 nullo
3252 5945 3365 6003 alio
3388 5943 3641 6015 Deus,de
3663 5943 3827 6001 nullo
