4040 6438
162 390 276 453 805

169 536 299 577 cum
320 518 423 575 tibi
444 516 748 592 Scriptura
764 518 979 591 ubique
999 535 1112 576 non
1134 519 1289 575 dicat
1312 518 1443 585 nisi,
1471 519 1625 574 Dixit
1644 520 1807 573 Deus?

169 612 298 676 Quae
312 612 397 664 est
410 608 524 663 ista
541 609 869 664 temeritas?
882 626 1008 680 qua;
1024 608 1426 681 prmsumptio?
1444 608 1659 663 Deinde
1672 623 1805 663 cum

164 700 290 754 ideo
315 698 542 753 Patrem
575 698 858 769 majorem
890 698 1127 754 soleatis
1159 714 1439 767 asserere,
1473 699 1611 769 quia
1641 696 1807 761 dixit,

164 789 285 845 Fiat
314 786 442 852 hoc,
475 792 578 842 aut
608 787 775 852 illud,
816 793 1099 859 tanquam
1122 788 1341 858 jubens
1373 786 1545 856 Filio;
1598 785 1805 841 Filium

166 893 292 933 vero
319 876 446 931 ideo
470 875 778 942 minorem,
801 876 1120 947 quiajussa
1143 877 1405 948 perfecit:
1432 876 1570 948 quid
1595 874 1805 931 dicturi

165 967 325 1032 estis,
343 964 441 1020 ubi
456 965 739 1037 scriptum
758 970 865 1029 est,
881 967 1164 1022 Faciamus
1182 965 1627 1022 hominemiNon
1647 964 1803 1020 enim

166 1054 242 1109 ait
263 1053 412 1108 sicut
435 1053 491 1107 in
518 1054 937 1124 superioribus,
960 1055 1081 1109 Fiat
1098 1055 1587 1126 homo,tanquam
1610 1055 1665 1108 id
1682 1055 1807 1123 jus-

165 1143 301 1199 serit
315 1141 475 1198 Filio:
499 1143 622 1209 sed,
645 1144 958 1213 Faciamus,
974 1143 1666 1215 inquit,hominem.Quod
1694 1159 1805 1197 non

165 1248 354 1304 quaero
378 1248 553 1303 quem
579 1232 793 1288 dixisse
824 1232 1152 1288 arbitreris:
1178 1235 1303 1303 jam
1337 1232 1487 1287 enim
1516 1232 1687 1287 verba
1708 1236 1810 1286 tua

163 1325 451 1386 tenemus,
475 1322 630 1393 quod
654 1326 825 1377 Pater
854 1322 962 1377 hoc
984 1322 1193 1377 dixerit
1213 1320 1373 1377 Filio.
1399 1322 1512 1377 Cur
1531 1337 1666 1393 ergo
1694 1337 1808 1376 non

165 1411 263 1475 ait,
297 1409 442 1479 Fiat,
482 1409 592 1481 vel,
629 1411 775 1478 Fac;
820 1412 921 1466 sed
952 1410 1053 1477 ait,
1106 1413 1443 1467 Faciamus?
1489 1413 1573 1465 An
1606 1413 1811 1466 caetera

165 1498 314 1555 Deus
344 1498 674 1571 imperavit,
702 1502 759 1553 et
777 1498 958 1555 Filius
981 1500 1141 1567 fecit;
1164 1499 1459 1555 hominem
1484 1516 1616 1554 vero
1638 1498 1811 1553 ambo

164 1589 440 1657 fecerunt,
473 1589 574 1644 sed
605 1593 773 1644 Patre
804 1594 861 1643 et
893 1589 1158 1660 jubente,
1190 1592 1245 1644 et
1276 1594 1639 1660 cooperante,
1669 1586 1812 1642 Filio

166 1682 359 1733 autem
388 1694 499 1732 non
512 1678 756 1748 jubente
774 1681 815 1748 ¹,
841 1678 940 1733 sed
970 1682 1198 1732 tantum
1218 1682 1385 1748 jussa
1411 1675 1683 1733 faciente?
1701 1676 1811 1733 Sed

166 1766 211 1821 si
243 1772 548 1838 propterea
570 1770 801 1821 Patrem
818 1768 1121 1837 jubentem
1147 1765 1447 1837 intelligis,
1470 1768 1608 1838 quia
1631 1766 1813 1837 scrip-

163 1860 285 1910 tum
318 1859 428 1921 est,
454 1856 606 1909 Dixit
637 1856 800 1921 Deus,
825 1857 1109 1911 Faciamus
1132 1856 1445 1911 hominem:
1473 1872 1608 1928 ergo
1631 1855 1815 1925 jussit

167 1949 221 2000 et
248 1944 460 2008 Filius;
494 1944 632 2015 quia
661 1950 722 1999 tu
772 1945 897 2016 ipse
929 1962 1042 1999 non
1074 1946 1298 2000 Patrem
1332 1945 1546 2016 accipis
1575 1946 1813 2011 dixisse,

170 2034 264 2088 sed
285 2033 519 2102 Filium,
540 2035 827 2089 Faciamus
843 2036 895 2089 ei
912 2034 1267 2106 adjutorium.
1291 2035 1359 2089 Et
1376 2035 1527 2089 sicut
1548 2034 1690 2088 illud
1718 2033 1816 2088 ubi

167 2122 383 2177 dictum
406 2128 516 2191 est,
541 2125 615 2177 Et
640 2124 772 2193 fecit
803 2125 941 2178 Deus
963 2125 1239 2179 hominem
1262 2140 1280 2183 ;
1303 2124 1571 2179 obedisse
1584 2122 1817 2194 jubenti

92 2225 102 2235 '
168 2211 316 2267 Patri
338 2211 550 2266 Filium
575 2212 659 2266 vis
682 2213 883 2278 videri,
909 2213 1048 2283 quia
1070 2212 1237 2267 Pater
1257 2212 1499 2281 dixerat,
1526 2215 1819 2268 Faciamus

167 2300 475 2355 hominem:
495 2299 577 2354 ita
593 2300 770 2355 etiam
796 2300 893 2355 ubi
916 2300 1187 2372 legimus,
1211 2304 1283 2355 Et
1307 2302 1534 2356 immisit
1556 2302 1819 2356 Dominus

165 2405 407 2460 soporem
427 2390 487 2443 in
512 2389 712 2457 Adam,
731 2391 780 2444 et
800 2391 1035 2459 sumpsit
1058 2406 1230 2444 unam
1255 2388 1323 2443 de
1341 2392 1501 2444 costis
1522 2390 1639 2460 ejus
1661 2389 1815 2461 (Gen.

169 2496 225 2544 ιι,
256 2478 367 2549 21),
403 2482 461 2533 et
493 2483 717 2545 caetera,
752 2478 971 2549 quibus
998 2478 1327 2534 ostenditur
1353 2479 1567 2533 factum
1595 2478 1819 2534 homini

168 2583 291 2621 esse
324 2566 709 2637 adjutorium,
744 2568 1012 2623 obedisse
1042 2568 1271 2622 Patrem
1296 2568 1528 2638 jubenti
1565 2568 1728 2634 Filio,
1764 2573 1820 2623 te

180 2660 431 2724 auctore,
465 2655 891 2727 intelligamus;
917 2656 1055 2727 quia
1076 2674 1190 2711 non
1212 2661 1463 2725 Patrem,
1486 2657 1585 2712 sed
1610 2657 1819 2713 Filium

180 2745 389 2800 dixisse
418 2745 655 2811 asseris,
689 2746 973 2800 Faciamus
1003 2748 1057 2800 ei
1084 2745 1440 2816 adjutorium.

246 2834 297 2887 3.
322 2834 435 2889 Sed
463 2833 674 2888 baecita
689 2832 909 2904 loquor,
926 2834 1094 2905 quasi
1111 2835 1181 2889 ad
1202 2851 1437 2890 causam
1456 2852 1582 2906 quae
1601 2852 1633 2889 a
1656 2835 1823 2889 nobis

179 2922 385 2995 agitur,
412 2922 737 2994 quidquam
772 2923 1075 2994 pertineat,
1100 2923 1399 2993 quodlibet
1420 2924 1554 2979 hinc
1574 2923 1824 2979 volueris

182 3014 408 3068 credere
430 3016 533 3067 aut
551 3012 862 3082 suspicari.
886 3012 1147 3081 Prorsus,
1168 3012 1499 3079 sicutdicis,
1524 3013 1828 3084 Paterjus-

183 3102 340 3169 serit,
379 3101 480 3156 ubi
513 3100 735 3155 dictum
766 3106 876 3165 est,
911 3102 1189 3155 Faciamus
1218 3102 1528 3163 hominem;
1558 3107 1615 3156 et
1646 3101 1828 3157 Filius

183 3188 481 3257 obedierit,
514 3188 614 3244 ubi
654 3188 877 3244 dictum
927 3193 1036 3254 est,
1066 3190 1130 3243 Et
1158 3190 1286 3259 fecit
1327 3190 1467 3244 Deus
1513 3190 1828 3245 hominem:

183 3295 421 3349 prorsus
436 3278 591 3334 sicut
613 3283 667 3333 te
680 3277 944 3349 delectat,
963 3277 1144 3333 Filius
1164 3278 1389 3348 dixerit,
1404 3279 1519 3333 Non
1532 3284 1607 3334 est
1631 3281 1829 3335 bonum

181 3367 353 3422 solum
373 3382 488 3421 esse
502 3366 810 3433 hominem;
827 3369 1097 3437 faciamus
1113 3369 1168 3421 ei
1186 3366 1523 3438 adjutorium
1535 3385 1556 3430 ;
1574 3369 1674 3423 sed
1692 3368 1832 3423 talia

183 3455 378 3509 dicens
410 3456 540 3527 ipse
572 3455 965 3526 nonjusserit,
991 3455 1129 3525 quia
1159 3456 1267 3510 hoc
1296 3455 1509 3511 vultis:
1538 3458 1830 3527 quomodo

182 3545 440 3599 ostendis
474 3544 683 3598 Filium
706 3543 803 3614 qui
828 3544 1123 3599 hominem
1152 3545 1368 3611 fecerit,
1397 3545 1469 3600 ab
1494 3544 1729 3600 homine
1750 3546 1831 3601 vi-

182 3648 308 3687 sum
333 3631 360 3686 ‘l
382 3632 686 3698 Quomodo
709 3633 968 3687 ostendis
983 3632 1193 3687 Filium
1208 3634 1307 3703 qui
1330 3633 1622 3701 dixit,Non
1644 3644 1719 3689 est
1744 3635 1833 3690 bo-

182 3738 309 3776 num
333 3722 615 3777 hominem
635 3737 749 3776 esse
768 3723 975 3789 solum;
997 3724 1272 3793 faciamus
1297 3725 1349 3778 ei
1372 3722 1737 3793 adjutorium,
1762 3724 1833 3778 ab

185 3809 419 3866 homine
450 3810 666 3878 visum,
697 3810 786 3865 vel
812 3811 883 3866 ab
918 3810 1045 3882 ipsa
1084 3810 1348 3879 muliere,
1383 3811 1431 3866 si
1463 3827 1590 3866 eam
1621 3812 1832 3867 factam

187 3917 294 3955 non
326 3900 415 3954 vis
446 3917 479 3955 a
520 3900 706 3965 Patre,
740 3917 812 3954 ne
845 3898 987 3954 Filio
1021 3899 1185 3954 Pater
1233 3900 1499 3955 obedisse
1528 3902 1830 3967 videatur;

184 3990 279 4044 sed
301 3990 425 4061 ipse
442 4006 571 4044 eam
592 3988 791 4056 Filius,
807 3995 1087 4059 tanquam
1108 3988 1444 4059 sibijubens
1461 3989 1689 4061 sibique
1706 3991 1838 4046 obe-

185 4077 369 4145 diens,
393 4083 449 4133 et
468 4077 793 4132 faciendam
818 4077 964 4131 dixit
983 4082 1040 4132 et
1062 4077 1235 4132 fecit?
1262 4078 1603 4133 Demonstra
1625 4078 1835 4134 Filium

184 4166 373 4221 visum
393 4184 523 4221 esse
546 4183 578 4220 a
602 4166 746 4233 viro,
769 4165 961 4220 visum
981 4182 1110 4221 esse
1131 4184 1165 4221 a
1186 4166 1449 4221 muliere.
1470 4166 1839 4222 Demonstra-

186 4259 315 4310 turu
328 4274 380 4309 [Il
407 4260 463 4310 te
480 4256 698 4326 quippe
710 4254 1084 4326 promiseras,
1103 4259 1160 4309 et
1177 4260 1491 4325 antequam
1513 4255 1840 4311 incarnare-

186 4351 280 4398 tur
296 4348 487 4399 visum
515 4344 695 4399 fuisse
708 4343 981 4399 humanis
1001 4343 1334 4415 aspectibus
1354 4343 1839 4399 li‘ilium.03tende

188 4434 497 4505 promissa.
518 4433 666 4497 Quid
684 4434 881 4505 pergis
902 4433 959 4487 in
982 4432 1203 4488 vacua?
1226 4432 1373 4496 Quid
1395 4432 1625 4487 deludis
1646 4450 1841 4505 exspe-

187 4525 500 4579 ctationem
551 4528 835 4593 nostram,
896 4539 999 4579 nec
1058 4522 1297 4578 exhibes
1354 4522 1838 4594 pollicitationem

189 4613 440 4667 tuam?M
450 4631 482 4667 u
493 4610 749 4684 ltiplicas
761 4613 936 4667 verba
950 4628 1063 4667 non
1081 4612 1427 4678 necessaria,
1438 4616 1500 4666 ut
1514 4611 1841 4668 necessaria

191 4717 438 4772 occupes
469 4706 585 4757 tem
596 4718 754 4772 pora.
781 4701 839 4757 Si
865 4705 1167 4773 propterea
1186 4699 1350 4756 visus
1372 4705 1505 4755 esta
1525 4700 1644 4756 viro
1660 4699 1841 4756 Filius

190 4790 325 4860 quia
368 4790 504 4845 fecit
534 4805 693 4857 eum,
724 4796 781 4845 et
811 4794 1116 4861 propterea
1146 4788 1304 4844 visus
1336 4789 1407 4844 ab
1439 4790 1567 4859 ejus
1600 4788 1841 4845 muliere

191 4877 328 4949 quia
361 4879 497 4934 fecit
518 4893 677 4946 eam;
704 4878 900 4946 deﬁni,
924 4878 973 4932 si
998 4878 1199 4945 audes,
1224 4894 1336 4932 non
1365 4893 1531 4949 posse
1554 4877 1737 4932 Deum
1760 4877 1843 4931 Fi-

190 4965 333 5021 lium
360 4973 417 5022 et
433 4966 662 5038 operari
679 4968 956 5034 videntia,
979 4972 1034 5023 et
1056 4984 1091 5022 a
1110 4966 1235 5021 suis
1257 4966 1551 5037 operibus,
1574 4967 1843 5037 quamvis

192 5055 302 5111 alia
324 5056 679 5123 videntibus,
706 5074 819 5112 non
841 5056 1041 5112 videri.
1062 5055 1115 5111 Si
1134 5060 1329 5110 autem
1348 5056 1457 5112 hoc
1480 5062 1670 5127 potest
1691 5056 1843 5111 Deus

192 5144 405 5213 Filius;
438 5145 565 5216 ipse
595 5147 812 5218 quippe
838 5162 1024 5217 usque
1050 5162 1205 5200 nunc
1233 5150 1509 5216 operatur
1529 5150 1741 5200 cuncta
1761 5146 1842 5200 vi-

195 5233 409 5300 dentis,
433 5238 491 5289 et
522 5239 716 5290 tamen
749 5251 950 5289 eorum
982 5252 1016 5290 a
1042 5251 1105 5290 se
1134 5235 1259 5306 ipso
1292 5233 1501 5289 creatis
1522 5232 1705 5289 oculis
1729 5250 1844 5289 non

194 5323 451 5392 videtur;
485 5322 626 5394 quid
657 5328 745 5379 est
766 5324 921 5395 quod
943 5322 1189 5379 dixisti?
1210 5327 1322 5378 Cur
1343 5322 1454 5377 ista
1476 5323 1547 5378 de
1568 5322 1714 5377 libro
1736 5322 1843 5377 Ge-

196 5428 399 5469 neseos
432 5412 494 5467 in
524 5417 625 5467 tuo
647 5428 917 5469 sermone
942 5412 1239 5484 posuisti?
1261 5428 1366 5467 cur
1386 5412 1556 5467 nobis
1580 5427 1844 5466 necessa-

193 5500 279 5556 ria
307 5506 641 5573 temporum
670 5501 861 5573 spatia
891 5502 1188 5574 superﬂua
1218 5500 1571 5573 loquacitate
1622 5498 1848 5554 ﬁnisti?

259 5664 274 5696 ί
308 5660 468 5725 Editi,
498 5664 547 5709 et
579 5663 879 5725 cooperante
923 5660 1071 5721 Filio,
1103 5660 1230 5713 Filio
1276 5663 1445 5711 autem
1475 5673 1578 5710 non
1614 5657 1846 5723 jubente,

198 5726 295 5774 etc.
325 5723 759 5787 Castigantur'ex
785 5726 909 5777 Mss.

1503 384 1739 447 LIBER
1780 383 2213 449 SECUNDUS.

3438 388 3558 450 806

1976 518 2025 572 [ι.
2058 518 2161 571 Sel
2193 518 2308 585 iste,
2341 515 2553 584 inquis,
2574 516 2755 574 Filius
2784 519 2933 573 visus
2961 527 3038 574 est
3080 518 3228 584 Adae,
3259 518 3556 575 secundum

1907 606 2047 676 quod
2076 608 2329 677 legimus,
2361 606 2534 661 Adam
2571 608 2861 674 dicentem,
2907 630 2935 658 «
2972 610 3155 664 Vocem
3188 618 3341 663 tuam
3368 609 3559 663 audivi

1907 695 2310 751 deambulanti:
2334 698 2393 750 in.
2419 696 2709 766 paradiso;
2731 698 3064 754 etabscondi
3090 716 3197 762 me,
3226 700 3357 770 quia
3378 697 3560 753 nudus

1906 802 2029 839 sum
2063 807 2091 833 ››
2125 784 2278 855 (Gen.
2313 802 2396 849 ιιι,
2436 786 2546 857 10).
2591 786 2707 840 Ηοο
2736 802 2872 857 ergo
2915 788 3079 858 prius
3111 786 3350 855 diceres,
3383 787 3558 843 homo

1910 874 2079 938 bone,
2106 873 2238 929 inde
2264 874 2548 945 inciperes
2582 874 2869 945 promissa
2902 882 3243 931 monstrare.
3282 875 3559 939 Quamvis

1909 962 2074 1017 ethic
2090 963 2294 1028 Adam,
2326 965 2509 1019 Vocem
2530 971 2704 1029 tuam,
2725 964 2935 1035 inquit,
2954 966 3171 1020 audivi:
3196 982 3307 1020 non
3331 967 3431 1029 ait,
3458 965 3559 1020 Fa-

1910 1050 2056 1105 ciem
2076 1052 2159 1105 vel
2188 1052 2438 1122 speciem
2465 1057 2625 1107 tuam
2647 1053 2782 1107 vidi.
2804 1051 2871 1107 Et
2894 1054 3045 1124 quod
3075 1055 3175 1117 ait,
3198 1054 3431 1109 Ascondi
3449 1070 3557 1121 me,

1911 1143 2041 1210 quia
2055 1141 2237 1195 nudus
2251 1158 2406 1203 sum;
2428 1141 2605 1195 videri
2627 1158 2733 1196 sea
2748 1142 2861 1197 Deo
2881 1142 3097 1212 timuit,
3114 1160 3228 1197 non
3244 1159 3276 1197 a
3296 1159 3357 1197 se
3376 1148 3557 1197 Deum

1910 1228 2097 1284 visum
2126 1246 2255 1285 esse
2288 1231 2649 1285 monstravit.
2670 1231 2812 1285 Nam
2839 1231 2885 1285 si
2907 1248 3016 1285 vox
3046 1233 3277 1300 quando
3299 1232 3558 1302 auditur,

1914 1318 2177 1389 sequitur
2202 1319 2344 1373 visio
2369 1337 2383 1386 ;
2412 1320 2572 1374 visus
2594 1325 2682 1375 est
2704 1325 2758 1374 et
2790 1319 2944 1375 Deus
2975 1320 3143 1375 Pater
3172 1321 3398 1391 quoties
3424 1335 3561 1376 voce

1913 1412 2222 1462 attestatus
2239 1413 2328 1462 est
2344 1407 2503 1463 Filio.
2521 1408 2796 1463 Novimus
2814 1409 3029 1480 quippe
3046 1408 3105 1463 in
3120 1408 3427 1480 Evangelio
3444 1425 3567 1464 ver-

1914 1497 1987 1551 ba
2011 1496 2194 1551 Patris
2217 1497 2500 1563 sonantis,
2532 1504 2704 1568 atque
2726 1498 2997 1564 dicentis,
3022 1499 3095 1553 Tu
3122 1516 3175 1553 es
3204 1500 3379 1554 Filius
3408 1514 3564 1554 meus

1914 1585 2161 1653 dilectus,
2183 1591 2289 1641 etc.
2312 1587 2505 1656 (Marc.
2529 1604 2565 1656 ι,
2594 1588 2701 1657 11),
2723 1587 2819 1641 ubi
2844 1588 3081 1641 auditus
3104 1587 3174 1641 ab
3198 1587 3561 1658 hominibus,

1916 1691 2030 1729 non
2051 1680 2246 1730 tamen
2265 1674 2425 1729 visus
2446 1684 2551 1731 est.
2579 1677 2654 1729 Ac
2678 1693 2777 1747 per
2796 1676 2903 1730 hoc
2921 1681 2974 1729 et
3000 1676 3055 1729 in
3082 1675 3197 1730 illis
3222 1676 3408 1730 verbis
3434 1692 3562 1747 qua

1918 1763 2207 1834 adjungis,
2232 1764 2329 1818 ubi
2362 1763 2521 1833 dicit,
2550 1764 2677 1831 Quis
2706 1767 2982 1819 nuntiavit
3001 1766 3103 1819 tibi
3121 1767 3247 1835 quia
3272 1764 3450 1820 nudus
3474 1766 3568 1820 es?

1918 1857 1974 1908 et
1994 1853 2323 1923 sequentia;
2351 1852 2534 1921 potuit
2555 1853 2764 1921 audiri,
2788 1859 2843 1907 et
2866 1870 2976 1906 non
3005 1854 3180 1908 videri
3206 1854 3377 1908 Deus.
3404 1858 3565 1908 Non-

1919 1942 2059 1996 dum
2080 1942 2275 2012 itaque
2300 1940 2518 2011 aliquid
2544 1958 2609 1995 ex
2632 1958 2697 1997 eo
2716 1943 2868 2013 quod
2896 1942 3248 2013 promiseras
3271 1942 3489 1997 dixisse
3512 1946 3571 1998 te

1920 2030 2073 2085 vide:
2100 2030 2258 2085 etdic
2273 2030 2506 2085 tandem
2523 2030 2739 2101 aliquid
2757 2031 2910 2101 quod
2927 2030 3213 2085 discutere
3228 2031 3570 2099 debeamus,

1921 2124 2021 2173 aut
2053 2119 2207 2190 quod
2242 2135 2344 2189 pro
2377 2121 2480 2173 tua
2510 2134 2685 2172 causa
2716 2134 2846 2173 esse
2878 2118 3183 2172 fateamur.

1990 2244 2044 2299 5.
2071 2245 2175 2298 Hic
2190 2244 2348 2311 Deus,
2375 2242 2590 2313 inquis,
2608 2247 2657 2296 et
2680 2242 2908 2296 Abrahae
2926 2245 3073 2296 visus
3093 2248 3197 2297 est.
3221 2241 3423 2298 Visum
3444 2257 3574 2297 esse

1922 2334 2101 2388 Deum
2124 2332 2365 2387 Abrahaz
2382 2348 2589 2401 negare
2607 2348 2719 2385 non
2735 2347 3071 2402 possumus.
3087 2331 3389 2401 Scriptura
3406 2330 3574 2401 quip-

1922 2439 1991 2493 pe
2016 2420 2355 2476 ﬁdelissima
2378 2420 2742 2491 apertissime
2759 2420 2867 2473 hoc
2886 2419 3159 2489 loquitur,
3174 2419 3395 2475 dicens:
3420 2419 3574 2473 Visus

1923 2520 2000 2566 est
2017 2514 2200 2565 autem
2220 2510 2312 2563 illi
2332 2510 2471 2564 Deus
2493 2511 2565 2563 ad
2586 2525 2843 2579 quercum
2862 2508 3120 2563 Mambre.
3142 2508 3252 2562 Sed
3273 2523 3458 2578 neque
3476 2506 3572 2562 hic

1924 2616 2262 2670 expressum
2296 2602 2404 2665 est,
2442 2603 2637 2651 utrum
2666 2597 2832 2651 Pater
2863 2614 2933 2651 an
2970 2597 3166 2651 Filius.
3201 2596 3343 2651 Cum
3377 2600 3574 2650 autem

1926 2694 2188 2743 narraret
2216 2688 2535 2758 Scriptura,
2568 2687 2859 2757 quomodo
2882 2686 2931 2740 ei
2965 2687 3123 2740 visus
3154 2686 3230 2740 sit
3261 2690 3433 2750 Deus,
3455 2690 3576 2740 tres

1926 2779 2078 2833 viros
2108 2776 2189 2831 illi
2224 2776 2565 2848 apparuisse
2598 2774 2873 2843 declarat,
2906 2774 2963 2828 in
2998 2774 3213 2844 quibus
3238 2773 3578 2844 magisipsa

1927 2866 2203 2933 Trinitas,
2226 2866 2324 2937 qui
2350 2882 2502 2919 unus
2525 2865 2798 2926 estDeus,
2821 2868 2969 2917 recte
2989 2862 3227 2932 intelligi
3251 2868 3459 2934 potest.
3476 2862 3580 2917 De-

1932 2957 2105 3028 nique
2124 2962 2238 3009 tres
2268 2954 2439 3020 videt,
2472 2958 2529 3008 et
2552 2970 2665 3007 non
2689 2953 2977 3018 dominos,
3013 2953 3109 3006 sed
3137 2951 3450 3006 Dominum
3475 2966 3577 3022 ap-

1930 3045 2125 3117 pellat,
2161 3043 2437 3115 quoniam
2463 3042 2716 3096 Trinitas
2740 3048 2854 3095 tres
2878 3040 3113 3112 quidem
3139 3057 3397 3111 personas
3416 3042 3578 3107 sunt,

1930 3136 2025 3191 sed
2051 3151 2203 3188 unus
2226 3133 2507 3187 Dominus
2522 3132 2692 3185 Deus.
2714 3130 2807 3183 Sic
2826 3137 3015 3183 autem
3041 3129 3475 3200 narraturquod
3496 3127 3582 3183 vi-

1931 3226 2017 3279 dit
2037 3224 2326 3278 Ahrabam
2351 3238 2363 3275 :
2399 3223 2729 3291 Respiciens,
2766 3220 2978 3289 inquit,
3002 3218 3171 3273 oculis
3200 3220 3316 3272 suis
3346 3218 3508 3285 vidit,
3530 3218 3583 3272 et

1930 3330 2045 3370 ecce
2073 3318 2181 3367 tres
2198 3314 2307 3365 viri
2327 3313 2541 3365 stabant
2562 3325 2723 3379 super
2740 3325 2897 3367 eum;
2918 3312 2970 3362 et
3004 3308 3186 3362 videns
3214 3309 3491 3377 procurrit
3520 3307 3584 3360 in

1932 3403 2149 3458 obviam
2182 3401 2296 3454 illis
2325 3401 2392 3453 ab
2423 3402 2557 3454 ostio
2579 3398 2922 3452 tabernaculi
2948 3399 3055 3463 sui,
3080 3401 3130 3450 et
3154 3396 3399 3450 adoravit
3419 3409 3584 3465 super

1933 3502 2162 3558 terram,
2193 3498 2245 3544 et
2266 3489 2443 3544 dixit:
2475 3490 2718 3553 Domine,
2736 3489 2787 3541 si
2806 3486 2994 3541 inveni
3010 3486 3247 3555 gratiam
3263 3492 3391 3539 ante
3413 3494 3484 3549 te,
3507 3499 3581 3538 ne

1930 3583 2227 3652 praetereas
2243 3595 2457 3631 servum
2480 3586 2653 3631 tuum.
2678 3576 2779 3629 Hic
2801 3574 3066 3629 videmus
3084 3579 3200 3628 tres
3224 3573 3373 3627 viros
3398 3590 3579 3644 appa-

1934 3671 2141 3733 ruisse,
2162 3674 2217 3722 et
2248 3683 2430 3721 unum
2454 3667 2757 3720 Dominum
2783 3664 2915 3731 dici,
2942 3679 3240 3731 unumque
3268 3662 3581 3716 Dominum

1935 3758 2122 3830 rogari
2147 3774 2216 3812 ne
2241 3758 2781 3827 prmtercatservum
2804 3751 3291 3822 suum,quoniam
3312 3750 3584 3822 congruit

1937 3849 2052 3903 Deo
2069 3845 2300 3900 visitare
2322 3842 2573 3898 famulos
2597 3858 2755 3897 suos.
2779 3841 2997 3896 Deinde
3020 3845 3135 3893 tres
3162 3856 3439 3909 personas
3462 3838 3585 3911 plu-

1938 3936 2134 3992 raliter
2165 3933 2503 4005 alloquitur,
2528 3932 2757 3986 dicens:
2782 3930 3045 3985 Sumatur
3071 3944 3220 3983 nunc
3248 3945 3411 3999 aqua,
3436 3932 3489 3983 et
3506 3928 3589 3983 la-

1941 4042 2057 4081 vem
2084 4023 2240 4095 pedes
2266 4029 2490 4086 vestros,
2521 4032 2570 4076 et
2590 4023 2916 4090 refrigerate
2933 4018 3032 4073 sub
3049 4019 3273 4085 arbore,
3305 4020 3355 4072 et
3375 4033 3595 4072 sumam

1937 4130 2155 4186 panem,
2188 4116 2241 4168 et
2272 4111 2616 4177 manducate,
2641 4117 2690 4164 et
2714 4113 2893 4180 postea
2916 4107 3221 4162 transibitis
3252 4109 3312 4160 in
3340 4110 3488 4161 viam
3507 4120 3597 4162 ve-

1938 4208 2133 4265 stram,
2150 4210 2366 4273 prOpter
2383 4216 2488 4269 quo
2509 4201 2523 4252 Ι
2541 4200 2851 4251 declmaslis
2867 4198 2943 4251 ad
2961 4211 3179 4249 servum
3197 4198 3459 4249 vestrum.
3478 4198 3595 4250 Ma-

1941 4294 2216 4347 nifestum
2232 4298 2315 4344 est
2332 4306 2430 4343 eos
2450 4295 2725 4356 tanquam
2742 4284 3010 4340 homines
3031 4283 3281 4338 invitari:
3300 4300 3412 4338 non
3432 4283 3591 4339 enim

1942 4380 2057 4435 tale
2078 4378 2194 4433 illis
2217 4378 2567 4448 praeberetur
2589 4373 2957 4443 obsequium,
2982 4390 3095 4442 quo
3120 4371 3442 4441 indigentia
3460 4370 3593 4426 reﬁ-

1943 4473 2135 4523 cerent
2150 4466 2530 4537 corpora,nisi
2546 4464 2811 4517 homines
2830 4465 3195 4533 putarentur.
3211 4461 3597 4532 EtScriptura

1944 4557 2245 4629 pluraliter
2265 4571 2362 4608 eos
2382 4552 2753 4624 respondisse
2771 4554 3217 4605 commemorat:
3243 4550 3598 4615 aitenim,Et

1942 4647 2221 4709 dixerunt,
2255 4644 2345 4698 Sic
2370 4644 2461 4711 fac
2488 4640 2941 4713 quemadmodum
2970 4639 3189 4694 dixisti.
3222 4642 3349 4693 Non
3395 4638 3495 4705 ait,
3529 4636 3600 4692 Et

1942 4735 2109 4800 dixit;
2134 4734 2256 4797 sed,
2274 4733 2553 4789 dixerunt.
2572 4730 2787 4784 Deinde
2808 4746 2939 4782 cum
2956 4734 3109 4783 esset
3128 4733 3327 4799 parata
3340 4724 3595 4795 reiectio,

1943 4824 2084 4878 dicit
2104 4822 2430 4893 Scriptura:
2456 4821 2519 4873 Et
2541 4821 2788 4890 apposuit
2810 4827 2935 4872 ante
2951 4819 3095 4886 illos,
3123 4826 3172 4871 et
3192 4816 3439 4871 ederunt.
3467 4814 3595 4871 Non

1945 4914 2043 4977 ait,
2067 4911 2348 4983 Apposuit
2378 4915 2510 4965 ante
2544 4909 2732 4973 illum,
2756 4914 2811 4963 et
2843 4906 2977 4961 edit.
3004 4906 3110 4960 Sed
3145 4905 3243 4960 ubi
3266 4905 3337 4959 ad
3372 4904 3427 4958 id
3453 4918 3595 4958 ven-'-

1944 5006 2069 5055 tum
2095 5005 2203 5065 est,
2220 5003 2285 5053 ut
2306 4997 2550 5053 Abrahae
2571 4996 2726 5051 ﬁlius
2745 4995 3177 5066 promitteretur
3192 5009 3258 5046 ex
3276 4992 3437 5060 Sara,
3453 4990 3595 5061 quia

1946 5089 2206 5143 divinum
2240 5088 2589 5141 offerebatur
2621 5086 2987 5149 beneﬁcium,
3016 5100 3126 5136 non
3164 5088 3223 5134 ut
3255 5080 3596 5135 hominibus

1947 5179 2267 5233 humanum
2283 5176 2624 5231 exhibebatu
2637 5192 2661 5227 r
2674 5173 3164 5242 ol)sequium,iinu
3177 5186 3230 5224 m
3248 5168 3600 5224 narratScri-

1947 5273 2117 5339 ptura
2134 5267 2444 5329 dicentem,
2472 5266 2569 5321 Ubi
2584 5270 2662 5318 est
2685 5265 2823 5317 Sara
2844 5277 2989 5315 uxor
3007 5263 3143 5314 tua?
3168 5259 3288 5315 Non
3310 5258 3465 5312 enim
3489 5258 3594 5328 ait,

1953 5358 2229 5412 Dixerunt
2250 5361 2443 5409 autem
2472 5354 2539 5408 ad
2567 5352 2761 5407 illum:
2788 5351 2886 5404 sed
2911 5349 3010 5418 ait,
3036 5350 3189 5402 Dixit
3208 5350 3393 5402 autem
3423 5347 3493 5401 ad
3524 5347 3597 5402 il-

1949 5446 2096 5500 lum:
2130 5445 2230 5502 Ubi
2248 5451 2326 5499 est
2352 5448 2495 5498 Sara
2518 5457 2659 5495 uxor
2683 5443 2815 5493 tua?
2846 5436 2984 5500 Quis
3008 5443 3202 5491 autem
3234 5436 3341 5490 hoc
3362 5435 3592 5505 dixerit,

1948 5541 2150 5606 postea
2179 5532 2538 5596 manifestat;
2568 5529 2663 5583 ubi
2687 5544 2819 5582 cum
2844 5526 3069 5581 risisset
3096 5526 3253 5590 Sara,
3287 5523 3368 5579 ait
3389 5526 3592 5580 eadem

1950 5624 2280 5695 Scriptura:
2315 5622 2378 5674 Et
2398 5621 2538 5674 dixit
2561 5619 2819 5672 Dominus
2842 5616 2910 5670 ad
2936 5614 3247 5670 Abraham:
3273 5614 3451 5681 Quare
3471 5616 3596 5670 risit

1950 5712 2091 5767 Sara
2106 5710 2499 5782 insemetipsa?
2514 5711 2570 5763 et
2585 5711 2788 5762 caetera
2810 5720 2994 5776 usque
3006 5704 3078 5761 ad
3098 5704 3293 5775 ﬁnem,
3312 5708 3598 5776 tanquam
