  <div class='ocr_page' id='page_1' title='image "/cluster/home/n/w/nwhite01/storage/ocr_20150623/42/umn.31951d02850084t/407.png"; bbox 0 0 4040 6442; ppageno 0'>
   <div class='ocr_carea' id='block_1_1' title="bbox 448 369 564 428">
    <p class='ocr_par' dir='ltr' id='par_1_1' title="bbox 448 369 564 428">
     <span class='ocr_line' id='line_1_1' title="bbox 448 369 564 428; baseline -0.017 0"><span class='ocrx_word' id='word_1_1' title='bbox 448 369 564 428; x_wconf 87' lang='grc' dir='ltr'>8οἾ</span> 
     </span>
    </p>
   </div>
   <div class='ocr_carea' id='block_1_2' title="bbox 450 496 2097 571">
    <p class='ocr_par' dir='ltr' id='par_1_2' title="bbox 450 496 2097 571">
     <span class='ocr_line' id='line_1_2' title="bbox 450 496 2097 571; baseline -0.006 -12"><span class='ocrx_word' id='word_1_2' title='bbox 450 519 606 559; x_wconf 89' lang='lat' dir='ltr'>unus</span> <span class='ocrx_word' id='word_1_3' title='bbox 626 500 909 558; x_wconf 87' lang='lat' dir='ltr'>Dominus</span> <span class='ocrx_word' id='word_1_4' title='bbox 931 498 1306 571; x_wconf 80' lang='lat' dir='ltr'>singulariter</span> <span class='ocrx_word' id='word_1_5' title='bbox 1327 497 1602 570; x_wconf 79' lang='lat' dir='ltr'>loquitur.</span> <span class='ocrx_word' id='word_1_6' title='bbox 1624 499 1696 552; x_wconf 86' lang='lat' dir='ltr'>Ac</span> <span class='ocrx_word' id='word_1_7' title='bbox 1714 496 2005 569; x_wconf 78' lang='lat' dir='ltr'>posthaec,</span> <span class='ocrx_word' id='word_1_8' title='bbox 2031 499 2097 550; x_wconf 90' lang='lat' dir='ltr'>ut</span> 
     </span>
    </p>
   </div>
   <div class='ocr_carea' id='block_1_3' title="bbox 449 586 2093 662">
    <p class='ocr_par' dir='ltr' id='par_1_3' title="bbox 449 586 2093 662">
     <span class='ocr_line' id='line_1_3' title="bbox 449 586 2093 662; baseline -0.005 -15"><span class='ocrx_word' id='word_1_9' title='bbox 449 592 718 647; x_wconf 84' lang='lat' dir='ltr'>homines</span> <span class='ocrx_word' id='word_1_10' title='bbox 750 588 1051 662; x_wconf 80' lang='lat' dir='ltr'>pluraliter</span> <span class='ocrx_word' id='word_1_11' title='bbox 1076 588 1237 642; x_wconf 88' lang='lat' dir='ltr'>abire</span> <span class='ocrx_word' id='word_1_12' title='bbox 1268 591 1600 652; x_wconf 77' lang='lat' dir='ltr'>narrantur,</span> <span class='ocrx_word' id='word_1_13' title='bbox 1633 590 1689 641; x_wconf 90' lang='lat' dir='ltr'>et</span> <span class='ocrx_word' id='word_1_14' title='bbox 1718 586 1956 641; x_wconf 88' lang='lat' dir='ltr'>dicitur:</span> <span class='ocrx_word' id='word_1_15' title='bbox 1984 588 2093 640; x_wconf 78' lang='lat' dir='ltr'>Ea:-</span> 
     </span>
    </p>
   </div>
   <div class='ocr_carea' id='block_1_4' title="bbox 446 674 2094 754">
    <p class='ocr_par' dir='ltr' id='par_1_4' title="bbox 446 674 2094 754">
     <span class='ocr_line' id='line_1_4' title="bbox 446 674 2094 754; baseline -0.004 -18"><span class='ocrx_word' id='word_1_16' title='bbox 446 684 727 754; x_wconf 86' lang='lat' dir='ltr'>surgentes</span> <span class='ocrx_word' id='word_1_17' title='bbox 742 683 926 734; x_wconf 88' lang='lat' dir='ltr'>autem</span> <span class='ocrx_word' id='word_1_18' title='bbox 944 677 1070 732; x_wconf 84' lang='lat' dir='ltr'>inde</span> <span class='ocrx_word' id='word_1_19' title='bbox 1082 678 1214 743; x_wconf 85' lang='lat' dir='ltr'>viri,</span> <span class='ocrx_word' id='word_1_20' title='bbox 1234 684 1633 748; x_wconf 72' lang='lat' dir='ltr'>conspexerunt</span> <span class='ocrx_word' id='word_1_21' title='bbox 1651 678 1705 731; x_wconf 89' lang='lat' dir='ltr'>in</span> <span class='ocrx_word' id='word_1_22' title='bbox 1723 676 1921 745; x_wconf 79' lang='lat' dir='ltr'>faciem</span> <span class='ocrx_word' id='word_1_23' title='bbox 1938 674 2094 731; x_wconf 82' lang='lat' dir='ltr'>Sodo-</span> 
     </span>
    </p>
   </div>
   <div class='ocr_carea' id='block_1_5' title="bbox 448 764 2095 827">
    <p class='ocr_par' dir='ltr' id='par_1_5' title="bbox 448 764 2095 827">
     <span class='ocr_line' id='line_1_5' title="bbox 448 764 2095 827; baseline -0.005 -1"><span class='ocrx_word' id='word_1_24' title='bbox 448 786 666 826; x_wconf 84' lang='lat' dir='ltr'>morum</span> <span class='ocrx_word' id='word_1_25' title='bbox 698 772 749 823; x_wconf 87' lang='lat' dir='ltr'>et</span> <span class='ocrx_word' id='word_1_26' title='bbox 780 766 1121 827; x_wconf 81' lang='lat' dir='ltr'>Gomorrhae;</span> <span class='ocrx_word' id='word_1_27' title='bbox 1154 764 1427 819; x_wconf 80' lang='lat' dir='ltr'>Abraham</span> <span class='ocrx_word' id='word_1_28' title='bbox 1457 781 1579 821; x_wconf 92' lang='lat' dir='ltr'>vero</span> <span class='ocrx_word' id='word_1_29' title='bbox 1618 765 1934 819; x_wconf 79' lang='lat' dir='ltr'>ambulabat</span> <span class='ocrx_word' id='word_1_30' title='bbox 1971 780 2095 818; x_wconf 88' lang='lat' dir='ltr'>cum</span> 
     </span>
    </p>
   </div>
   <div class='ocr_carea' id='block_1_6' title="bbox 449 852 2094 927">
    <p class='ocr_par' dir='ltr' id='par_1_6' title="bbox 449 852 2094 927">
     <span class='ocr_line' id='line_1_6' title="bbox 449 852 2094 927; baseline -0.004 -13"><span class='ocrx_word' id='word_1_31' title='bbox 449 860 584 927; x_wconf 72' lang='lat' dir='ltr'>illis,</span> <span class='ocrx_word' id='word_1_32' title='bbox 616 856 901 913; x_wconf 79' lang='lat' dir='ltr'>deducens.</span> <span class='ocrx_word' id='word_1_33' title='bbox 926 855 1151 910; x_wconf 84' lang='lat' dir='ltr'>Rursus</span> <span class='ocrx_word' id='word_1_34' title='bbox 1174 858 1367 909; x_wconf 89' lang='lat' dir='ltr'>autem</span> <span class='ocrx_word' id='word_1_35' title='bbox 1388 854 1536 908; x_wconf 87' lang='lat' dir='ltr'>redit</span> <span class='ocrx_word' id='word_1_36' title='bbox 1556 854 1859 925; x_wconf 82' lang='lat' dir='ltr'>Scriptura</span> <span class='ocrx_word' id='word_1_37' title='bbox 1880 853 1951 908; x_wconf 88' lang='lat' dir='ltr'>ad</span> <span class='ocrx_word' id='word_1_38' title='bbox 1973 852 2094 908; x_wconf 89' lang='lat' dir='ltr'>sin-</span> 
     </span>
    </p>
   </div>
   <div class='ocr_carea' id='block_1_7' title="bbox 448 942 2095 1020">
    <p class='ocr_par' dir='ltr' id='par_1_7' title="bbox 448 942 2095 1020">
     <span class='ocr_line' id='line_1_7' title="bbox 448 942 2095 1020; baseline -0.004 -17"><span class='ocrx_word' id='word_1_39' title='bbox 448 948 711 1020; x_wconf 90' lang='lat' dir='ltr'>gularem</span> <span class='ocrx_word' id='word_1_40' title='bbox 738 960 1069 1012; x_wconf 85' lang='lat' dir='ltr'>numerum,</span> <span class='ocrx_word' id='word_1_41' title='bbox 1099 958 1165 998; x_wconf 91' lang='lat' dir='ltr'>ac</span> <span class='ocrx_word' id='word_1_42' title='bbox 1196 942 1373 998; x_wconf 87' lang='lat' dir='ltr'>dicit:</span> <span class='ocrx_word' id='word_1_43' title='bbox 1407 943 1667 997; x_wconf 78' lang='lat' dir='ltr'>Dominus</span> <span class='ocrx_word' id='word_1_44' title='bbox 1696 944 1877 998; x_wconf 82' lang='lat' dir='ltr'>autem</span> <span class='ocrx_word' id='word_1_45' title='bbox 1904 942 2095 997; x_wconf 75' lang='lat' dir='ltr'>dixit:</span> 
     </span>
    </p>
   </div>
   <div class='ocr_carea' id='block_1_8' title="bbox 448 1031 2096 1109">
    <p class='ocr_par' dir='ltr' id='par_1_8' title="bbox 448 1031 2096 1109">
     <span class='ocr_line' id='line_1_8' title="bbox 448 1031 2096 1109; baseline -0.004 -18"><span class='ocrx_word' id='word_1_46' title='bbox 448 1034 723 1109; x_wconf 82' lang='lat' dir='ltr'>Numquid</span> <span class='ocrx_word' id='word_1_47' title='bbox 742 1035 922 1089; x_wconf 84' lang='lat' dir='ltr'>celabo</span> <span class='ocrx_word' id='word_1_48' title='bbox 938 1049 1035 1101; x_wconf 86' lang='lat' dir='ltr'>ego</span> <span class='ocrx_word' id='word_1_49' title='bbox 1049 1047 1218 1103; x_wconf 86' lang='lat' dir='ltr'>puero</span> <span class='ocrx_word' id='word_1_50' title='bbox 1233 1046 1348 1086; x_wconf 88' lang='lat' dir='ltr'>meo</span> <span class='ocrx_word' id='word_1_51' title='bbox 1365 1031 1643 1085; x_wconf 84' lang='lat' dir='ltr'>Abraham</span> <span class='ocrx_word' id='word_1_52' title='bbox 1657 1045 1781 1101; x_wconf 70' lang='lat' dir='ltr'>quae</span> <span class='ocrx_word' id='word_1_53' title='bbox 1800 1045 1894 1100; x_wconf 89' lang='lat' dir='ltr'>ego</span> <span class='ocrx_word' id='word_1_54' title='bbox 1914 1032 2096 1100; x_wconf 80' lang='lat' dir='ltr'>facio?</span> 
     </span>
    </p>
   </div>
   <div class='ocr_carea' id='block_1_9' title="bbox 448 1119 2098 1195">
    <p class='ocr_par' dir='ltr' id='par_1_9' title="bbox 448 1119 2098 1195">
     <span class='ocr_line' id='line_1_9' title="bbox 448 1119 2098 1195; baseline -0.004 -15"><span class='ocrx_word' id='word_1_55' title='bbox 448 1125 668 1181; x_wconf 90' lang='lat' dir='ltr'>Deinde</span> <span class='ocrx_word' id='word_1_56' title='bbox 682 1120 1295 1195; x_wconf 67' lang='lat' dir='ltr'>promittiturAbraha:</span> <span class='ocrx_word' id='word_1_57' title='bbox 1313 1119 1587 1191; x_wconf 63' lang='lat' dir='ltr'>praclara</span> <span class='ocrx_word' id='word_1_58' title='bbox 1598 1124 1653 1175; x_wconf 89' lang='lat' dir='ltr'>et</span> <span class='ocrx_word' id='word_1_59' title='bbox 1664 1119 1898 1190; x_wconf 89' lang='lat' dir='ltr'>copiosa</span> <span class='ocrx_word' id='word_1_60' title='bbox 1912 1122 2098 1190; x_wconf 88' lang='lat' dir='ltr'>poste-</span> 
     </span>
    </p>
   </div>
   <div class='ocr_carea' id='block_1_10' title="bbox 448 1208 2095 1282">
    <p class='ocr_par' dir='ltr' id='par_1_10' title="bbox 448 1208 2095 1282">
     <span class='ocr_line' id='line_1_10' title="bbox 448 1208 2095 1282; baseline -0.004 -14"><span class='ocrx_word' id='word_1_61' title='bbox 448 1213 613 1282; x_wconf 84' lang='lat' dir='ltr'>ritas,</span> <span class='ocrx_word' id='word_1_62' title='bbox 632 1216 689 1268; x_wconf 89' lang='lat' dir='ltr'>et</span> <span class='ocrx_word' id='word_1_63' title='bbox 710 1212 1095 1267; x_wconf 90' lang='lat' dir='ltr'>Sodomorum</span> <span class='ocrx_word' id='word_1_64' title='bbox 1122 1208 1499 1263; x_wconf 84' lang='lat' dir='ltr'>denuntiatur</span> <span class='ocrx_word' id='word_1_65' title='bbox 1520 1208 1810 1263; x_wconf 88' lang='lat' dir='ltr'>interitus.</span> <span class='ocrx_word' id='word_1_66' title='bbox 1830 1208 2095 1280; x_wconf 89' lang='lat' dir='ltr'>Sequens</span> 
     </span>
    </p>
   </div>
   <div class='ocr_carea' id='block_1_11' title="bbox 449 1297 2097 1372">
    <p class='ocr_par' dir='ltr' id='par_1_11' title="bbox 449 1297 2097 1372">
     <span class='ocr_line' id='line_1_11' title="bbox 449 1297 2097 1372; baseline -0.003 -15"><span class='ocrx_word' id='word_1_67' title='bbox 449 1306 643 1357; x_wconf 88' lang='lat' dir='ltr'>autem</span> <span class='ocrx_word' id='word_1_68' title='bbox 665 1301 964 1372; x_wconf 83' lang='lat' dir='ltr'>Scriptura</span> <span class='ocrx_word' id='word_1_69' title='bbox 986 1298 1151 1353; x_wconf 85' lang='lat' dir='ltr'>dicit:</span> <span class='ocrx_word' id='word_1_70' title='bbox 1186 1300 1249 1352; x_wconf 89' lang='lat' dir='ltr'>Et</span> <span class='ocrx_word' id='word_1_71' title='bbox 1269 1299 1518 1353; x_wconf 82' lang='lat' dir='ltr'>conversi</span> <span class='ocrx_word' id='word_1_72' title='bbox 1536 1297 1661 1352; x_wconf 90' lang='lat' dir='ltr'>inde</span> <span class='ocrx_word' id='word_1_73' title='bbox 1681 1298 1808 1361; x_wconf 87' lang='lat' dir='ltr'>viri,</span> <span class='ocrx_word' id='word_1_74' title='bbox 1829 1300 2097 1353; x_wconf 85' lang='lat' dir='ltr'>venerunt</span> 
     </span>
    </p>
   </div>
   <div class='ocr_carea' id='block_1_12' title="bbox 448 1386 2094 1451">
    <p class='ocr_par' dir='ltr' id='par_1_12' title="bbox 448 1386 2094 1451">
     <span class='ocr_line' id='line_1_12' title="bbox 448 1386 2094 1451; baseline -0.002 -5"><span class='ocrx_word' id='word_1_75' title='bbox 448 1393 509 1446; x_wconf 90' lang='lat' dir='ltr'>in</span> <span class='ocrx_word' id='word_1_76' title='bbox 540 1391 799 1451; x_wconf 84' lang='lat' dir='ltr'>Sodoma;</span> <span class='ocrx_word' id='word_1_77' title='bbox 821 1388 1105 1444; x_wconf 82' lang='lat' dir='ltr'>Abraham</span> <span class='ocrx_word' id='word_1_78' title='bbox 1124 1390 1308 1443; x_wconf 86' lang='lat' dir='ltr'>autem</span> <span class='ocrx_word' id='word_1_79' title='bbox 1331 1395 1451 1441; x_wconf 87' lang='lat' dir='ltr'>erat</span> <span class='ocrx_word' id='word_1_80' title='bbox 1471 1386 1656 1442; x_wconf 86' lang='lat' dir='ltr'>adhuc</span> <span class='ocrx_word' id='word_1_81' title='bbox 1676 1389 1825 1441; x_wconf 71' lang='lat' dir='ltr'>stam</span> <span class='ocrx_word' id='word_1_82' title='bbox 1844 1394 1971 1442; x_wconf 88' lang='lat' dir='ltr'>ante</span> <span class='ocrx_word' id='word_1_83' title='bbox 1992 1387 2094 1442; x_wconf 92' lang='lat' dir='ltr'>Do-</span> 
     </span>
    </p>
   </div>
   <div class='ocr_carea' id='block_1_13' title="bbox 449 1474 2097 1549">
    <p class='ocr_par' dir='ltr' id='par_1_13' title="bbox 449 1474 2097 1549">
     <span class='ocr_line' id='line_1_13' title="bbox 449 1474 2097 1549; baseline -0.003 -15"><span class='ocrx_word' id='word_1_84' title='bbox 449 1481 682 1535; x_wconf 88' lang='lat' dir='ltr'>minum.</span> <span class='ocrx_word' id='word_1_85' title='bbox 701 1480 765 1534; x_wconf 87' lang='lat' dir='ltr'>Et</span> <span class='ocrx_word' id='word_1_86' title='bbox 781 1479 1140 1549; x_wconf 79' lang='lat' dir='ltr'>apprOprians</span> <span class='ocrx_word' id='word_1_87' title='bbox 1157 1476 1433 1530; x_wconf 83' lang='lat' dir='ltr'>Abraham</span> <span class='ocrx_word' id='word_1_88' title='bbox 1447 1476 1618 1530; x_wconf 76' lang='lat' dir='ltr'>dixit:</span> <span class='ocrx_word' id='word_1_89' title='bbox 1633 1477 1706 1531; x_wconf 85' lang='lat' dir='ltr'>Ne</span> <span class='ocrx_word' id='word_1_90' title='bbox 1718 1476 1885 1531; x_wconf 87' lang='lat' dir='ltr'>simul</span> <span class='ocrx_word' id='word_1_91' title='bbox 1900 1474 2097 1547; x_wconf 85' lang='lat' dir='ltr'>perdas</span> 
     </span>
    </p>
   </div>
   <div class='ocr_carea' id='block_1_14' title="bbox 440 1564 2098 1641">
    <p class='ocr_par' dir='ltr' id='par_1_14' title="bbox 440 1564 2098 1641">
     <span class='ocr_line' id='line_1_14' title="bbox 440 1564 2098 1641; baseline -0.003 -18"><span class='ocrx_word' id='word_1_92' title='bbox 440 1571 657 1641; x_wconf 86' lang='lat' dir='ltr'>justum</span> <span class='ocrx_word' id='word_1_93' title='bbox 685 1584 804 1622; x_wconf 89' lang='lat' dir='ltr'>cum</span> <span class='ocrx_word' id='word_1_94' title='bbox 830 1567 1003 1634; x_wconf 87' lang='lat' dir='ltr'>impio</span> <span class='ocrx_word' id='word_1_95' title='bbox 1023 1582 1043 1627; x_wconf 84' lang='lat'><strong><em>;</em></strong></span> <span class='ocrx_word' id='word_1_96' title='bbox 1063 1572 1114 1620; x_wconf 87' lang='lat' dir='ltr'>et</span> <span class='ocrx_word' id='word_1_97' title='bbox 1141 1566 1247 1619; x_wconf 87' lang='lat' dir='ltr'>erit</span> <span class='ocrx_word' id='word_1_98' title='bbox 1257 1565 1440 1635; x_wconf 87' lang='lat' dir='ltr'>justus</span> <span class='ocrx_word' id='word_1_99' title='bbox 1460 1573 1729 1636; x_wconf 81' lang='lat' dir='ltr'>tanquam</span> <span class='ocrx_word' id='word_1_100' title='bbox 1760 1566 2001 1633; x_wconf 84' lang='lat' dir='ltr'>impius?</span> <span class='ocrx_word' id='word_1_101' title='bbox 2028 1564 2098 1619; x_wconf 89' lang='lat' dir='ltr'>Et</span> 
     </span>
    </p>
   </div>
   <div class='ocr_carea' id='block_1_15' title="bbox 447 1644 2097 1729">
    <p class='ocr_par' dir='ltr' id='par_1_15' title="bbox 447 1644 2097 1729">
     <span class='ocr_line' id='line_1_15' title="bbox 447 1644 2097 1729; baseline -0.004 -16"><span class='ocrx_word' id='word_1_102' title='bbox 447 1661 580 1729; x_wconf 87' lang='lat' dir='ltr'>post</span> <span class='ocrx_word' id='word_1_103' title='bbox 599 1644 1043 1712; x_wconf 86' lang='lat' dir='ltr'>collocutionem</span> <span class='ocrx_word' id='word_1_104' title='bbox 1076 1653 1307 1709; x_wconf 88' lang='lat' dir='ltr'>Domini</span> <span class='ocrx_word' id='word_1_105' title='bbox 1336 1657 1510 1725; x_wconf 92' lang='lat' dir='ltr'>atque</span> <span class='ocrx_word' id='word_1_106' title='bbox 1538 1653 1802 1718; x_wconf 60' lang='lat' dir='ltr'>Abrahae,</span> <span class='ocrx_word' id='word_1_107' title='bbox 1836 1652 2097 1723; x_wconf 80' lang='lat' dir='ltr'>sequitur</span> 
     </span>
    </p>
   </div>
   <div class='ocr_carea' id='block_1_16' title="bbox 448 1742 2098 1819">
    <p class='ocr_par' dir='ltr' id='par_1_16' title="bbox 448 1742 2098 1819">
     <span class='ocr_line' id='line_1_16' title="bbox 448 1742 2098 1819; baseline -0.003 -17"><span class='ocrx_word' id='word_1_108' title='bbox 448 1746 770 1818; x_wconf 89' lang='lat' dir='ltr'>Scriptura,</span> <span class='ocrx_word' id='word_1_109' title='bbox 786 1750 843 1799; x_wconf 90' lang='lat' dir='ltr'>et</span> <span class='ocrx_word' id='word_1_110' title='bbox 857 1744 1024 1798; x_wconf 89' lang='lat' dir='ltr'>dicit:</span> <span class='ocrx_word' id='word_1_111' title='bbox 1040 1743 1187 1798; x_wconf 87' lang='lat' dir='ltr'>Abiit</span> <span class='ocrx_word' id='word_1_112' title='bbox 1199 1750 1385 1819; x_wconf 77' lang='lat' dir='ltr'>autem</span> <span class='ocrx_word' id='word_1_113' title='bbox 1396 1743 1676 1812; x_wconf 85' lang='lat' dir='ltr'>Dominus,</span> <span class='ocrx_word' id='word_1_114' title='bbox 1691 1750 1752 1797; x_wconf 89' lang='lat' dir='ltr'>ut</span> <span class='ocrx_word' id='word_1_115' title='bbox 1770 1742 1933 1797; x_wconf 86' lang='lat' dir='ltr'>desiit</span> <span class='ocrx_word' id='word_1_116' title='bbox 1947 1743 2098 1813; x_wconf 82' lang='lat' dir='ltr'>loqui</span> 
     </span>
    </p>
   </div>
   <div class='ocr_carea' id='block_1_17' title="bbox 447 1829 2092 1902">
    <p class='ocr_par' dir='ltr' id='par_1_17' title="bbox 447 1829 2092 1902">
     <span class='ocr_line' id='line_1_17' title="bbox 447 1829 2092 1902; baseline -0.004 -11"><span class='ocrx_word' id='word_1_117' title='bbox 447 1835 519 1891; x_wconf 88' lang='lat' dir='ltr'>ad</span> <span class='ocrx_word' id='word_1_118' title='bbox 536 1834 829 1899; x_wconf 82' lang='lat' dir='ltr'>Abraham,</span> <span class='ocrx_word' id='word_1_119' title='bbox 852 1841 903 1888; x_wconf 91' lang='lat' dir='ltr'>et</span> <span class='ocrx_word' id='word_1_120' title='bbox 922 1832 1207 1888; x_wconf 78' lang='lat' dir='ltr'>Abraham</span> <span class='ocrx_word' id='word_1_121' title='bbox 1227 1846 1499 1902; x_wconf 85' lang='lat' dir='ltr'>regressus</span> <span class='ocrx_word' id='word_1_122' title='bbox 1529 1836 1606 1886; x_wconf 84' lang='lat' dir='ltr'>est</span> <span class='ocrx_word' id='word_1_123' title='bbox 1628 1832 1687 1885; x_wconf 88' lang='lat' dir='ltr'>in</span> <span class='ocrx_word' id='word_1_124' title='bbox 1712 1829 1892 1886; x_wconf 87' lang='lat' dir='ltr'>locum</span> <span class='ocrx_word' id='word_1_125' title='bbox 1911 1846 2092 1886; x_wconf 89' lang='lat' dir='ltr'>suum.</span> 
     </span>
    </p>
   </div>
   <div class='ocr_carea' id='block_1_18' title="bbox 452 1919 2092 1991">
    <p class='ocr_par' dir='ltr' id='par_1_18' title="bbox 452 1919 2092 1991">
     <span class='ocr_line' id='line_1_18' title="bbox 452 1919 2092 1991; baseline -0.005 -10"><span class='ocrx_word' id='word_1_126' title='bbox 452 1926 723 1982; x_wconf 84' lang='lat' dir='ltr'>Venerunt</span> <span class='ocrx_word' id='word_1_127' title='bbox 742 1926 925 1978; x_wconf 84' lang='lat' dir='ltr'>autem</span> <span class='ocrx_word' id='word_1_128' title='bbox 948 1920 1053 1976; x_wconf 90' lang='lat' dir='ltr'>duo</span> <span class='ocrx_word' id='word_1_129' title='bbox 1073 1921 1266 1990; x_wconf 87' lang='lat' dir='ltr'>angeli</span> <span class='ocrx_word' id='word_1_130' title='bbox 1284 1922 1342 1975; x_wconf 90' lang='lat' dir='ltr'>in</span> <span class='ocrx_word' id='word_1_131' title='bbox 1366 1920 1595 1976; x_wconf 86' lang='lat' dir='ltr'>Sodoma</span> <span class='ocrx_word' id='word_1_132' title='bbox 1615 1920 1685 1975; x_wconf 90' lang='lat' dir='ltr'>ad</span> <span class='ocrx_word' id='word_1_133' title='bbox 1704 1936 1999 1991; x_wconf 86' lang='lat' dir='ltr'>vesperam.</span> <span class='ocrx_word' id='word_1_134' title='bbox 2025 1919 2092 1974; x_wconf 92' lang='lat' dir='ltr'>Hi</span> 
     </span>
    </p>
   </div>
   <div class='ocr_carea' id='block_1_19' title="bbox 447 2008 2098 2084">
    <p class='ocr_par' dir='ltr' id='par_1_19' title="bbox 447 2008 2098 2084">
     <span class='ocr_line' id='line_1_19' title="bbox 447 2008 2098 2084; baseline -0.004 -15"><span class='ocrx_word' id='word_1_135' title='bbox 447 2018 588 2069; x_wconf 89' lang='lat' dir='ltr'>sunt</span> <span class='ocrx_word' id='word_1_136' title='bbox 605 2014 676 2069; x_wconf 91' lang='lat' dir='ltr'>de</span> <span class='ocrx_word' id='word_1_137' title='bbox 698 2011 912 2084; x_wconf 88' lang='lat' dir='ltr'>quibus</span> <span class='ocrx_word' id='word_1_138' title='bbox 934 2009 1107 2081; x_wconf 91' lang='lat' dir='ltr'>paulo</span> <span class='ocrx_word' id='word_1_139' title='bbox 1124 2014 1257 2064; x_wconf 86' lang='lat' dir='ltr'>ante</span> <span class='ocrx_word' id='word_1_140' title='bbox 1278 2009 1526 2064; x_wconf 84' lang='lat' dir='ltr'>dixerat:</span> <span class='ocrx_word' id='word_1_141' title='bbox 1559 2011 1822 2065; x_wconf 84' lang='lat' dir='ltr'>Conversi</span> <span class='ocrx_word' id='word_1_142' title='bbox 1842 2008 1969 2064; x_wconf 86' lang='lat' dir='ltr'>inde</span> <span class='ocrx_word' id='word_1_143' title='bbox 1986 2010 2098 2063; x_wconf 86' lang='lat' dir='ltr'>viri</span> 
     </span>
    </p>
   </div>
   <div class='ocr_carea' id='block_1_20' title="bbox 446 2098 2091 2169">
    <p class='ocr_par' dir='ltr' id='par_1_20' title="bbox 446 2098 2091 2169">
     <span class='ocr_line' id='line_1_20' title="bbox 446 2098 2091 2169; baseline -0.004 -11"><span class='ocrx_word' id='word_1_144' title='bbox 446 2110 713 2158; x_wconf 88' lang='lat' dir='ltr'>venerunt</span> <span class='ocrx_word' id='word_1_145' title='bbox 738 2102 797 2155; x_wconf 88' lang='lat' dir='ltr'>in</span> <span class='ocrx_word' id='word_1_146' title='bbox 817 2099 1064 2155; x_wconf 90' lang='lat' dir='ltr'>Sodoma.</span> <span class='ocrx_word' id='word_1_147' title='bbox 1097 2098 1206 2153; x_wconf 88' lang='lat' dir='ltr'>Sed</span> <span class='ocrx_word' id='word_1_148' title='bbox 1233 2098 1381 2153; x_wconf 90' lang='lat' dir='ltr'>duos</span> <span class='ocrx_word' id='word_1_149' title='bbox 1410 2114 1539 2154; x_wconf 89' lang='lat' dir='ltr'>esse</span> <span class='ocrx_word' id='word_1_150' title='bbox 1562 2115 1674 2152; x_wconf 91' lang='lat' dir='ltr'>non</span> <span class='ocrx_word' id='word_1_151' title='bbox 1708 2102 2091 2169; x_wconf 85' lang='lat' dir='ltr'>expresserat,</span> 
     </span>
    </p>
   </div>
   <div class='ocr_carea' id='block_1_21' title="bbox 447 2186 2091 2259">
    <p class='ocr_par' dir='ltr' id='par_1_21' title="bbox 447 2186 2091 2259">
     <span class='ocr_line' id='line_1_21' title="bbox 447 2186 2091 2259; baseline -0.004 -11"><span class='ocrx_word' id='word_1_152' title='bbox 447 2208 583 2247; x_wconf 91' lang='lat' dir='ltr'>cum</span> <span class='ocrx_word' id='word_1_153' title='bbox 607 2191 680 2246; x_wconf 87' lang='lat' dir='ltr'>ab</span> <span class='ocrx_word' id='word_1_154' title='bbox 700 2189 863 2245; x_wconf 88' lang='lat' dir='ltr'>initio</span> <span class='ocrx_word' id='word_1_155' title='bbox 885 2193 1003 2243; x_wconf 89' lang='lat' dir='ltr'>tres</span> <span class='ocrx_word' id='word_1_156' title='bbox 1024 2187 1178 2242; x_wconf 92' lang='lat' dir='ltr'>viros</span> <span class='ocrx_word' id='word_1_157' title='bbox 1201 2186 1443 2242; x_wconf 84' lang='lat' dir='ltr'>dixisset</span> <span class='ocrx_word' id='word_1_158' title='bbox 1463 2188 1805 2259; x_wconf 85' lang='lat' dir='ltr'>apparuisse</span> <span class='ocrx_word' id='word_1_159' title='bbox 1826 2186 2091 2258; x_wconf 62' lang='lat' dir='ltr'>Abrahae,</span> 
     </span>
    </p>
   </div>
   <div class='ocr_carea' id='block_1_22' title="bbox 446 2276 2093 2351">
    <p class='ocr_par' dir='ltr' id='par_1_22' title="bbox 446 2276 2093 2351">
     <span class='ocr_line' id='line_1_22' title="bbox 446 2276 2093 2351; baseline -0.004 -14"><span class='ocrx_word' id='word_1_160' title='bbox 446 2285 504 2337; x_wconf 91' lang='lat' dir='ltr'>et</span> <span class='ocrx_word' id='word_1_161' title='bbox 522 2277 887 2351; x_wconf 88' lang='lat' dir='ltr'>hospitaliter</span> <span class='ocrx_word' id='word_1_162' title='bbox 905 2278 975 2332; x_wconf 90' lang='lat' dir='ltr'>ab</span> <span class='ocrx_word' id='word_1_163' title='bbox 1009 2276 1108 2331; x_wconf 91' lang='lat' dir='ltr'>illo</span> <span class='ocrx_word' id='word_1_164' title='bbox 1131 2292 1259 2331; x_wconf 88' lang='lat' dir='ltr'>esse</span> <span class='ocrx_word' id='word_1_165' title='bbox 1281 2280 1605 2347; x_wconf 90' lang='lat' dir='ltr'>susceptos,</span> <span class='ocrx_word' id='word_1_166' title='bbox 1629 2292 1777 2347; x_wconf 91' lang='lat' dir='ltr'>quos</span> <span class='ocrx_word' id='word_1_167' title='bbox 1801 2280 1859 2331; x_wconf 90' lang='lat' dir='ltr'>et</span> <span class='ocrx_word' id='word_1_168' title='bbox 1878 2276 2093 2331; x_wconf 85' lang='lat' dir='ltr'>abeun-</span> 
     </span>
    </p>
   </div>
   <div class='ocr_carea' id='block_1_23' title="bbox 445 2363 1468 2434">
    <p class='ocr_par' dir='ltr' id='par_1_23' title="bbox 445 2363 1468 2434">
     <span class='ocr_line' id='line_1_23' title="bbox 445 2363 1468 2434; baseline -0.007 -9"><span class='ocrx_word' id='word_1_169' title='bbox 445 2374 534 2425; x_wconf 87' lang='lat' dir='ltr'>tes</span> <span class='ocrx_word' id='word_1_170' title='bbox 565 2367 825 2434; x_wconf 88' lang='lat' dir='ltr'>deduxit,</span> <span class='ocrx_word' id='word_1_171' title='bbox 858 2364 1168 2421; x_wconf 87' lang='lat' dir='ltr'>ambulans</span> <span class='ocrx_word' id='word_1_172' title='bbox 1200 2380 1333 2419; x_wconf 90' lang='lat' dir='ltr'>cum</span> <span class='ocrx_word' id='word_1_173' title='bbox 1365 2363 1468 2419; x_wconf 89' lang='lat' dir='ltr'>eis.</span> 
     </span>
    </p>
   </div>
   <div class='ocr_carea' id='block_1_24' title="bbox 514 2452 2091 2527">
    <p class='ocr_par' dir='ltr' id='par_1_24' title="bbox 514 2452 2091 2527">
     <span class='ocr_line' id='line_1_24' title="bbox 514 2452 2091 2527; baseline -0.004 -14"><span class='ocrx_word' id='word_1_174' title='bbox 514 2459 569 2513; x_wconf 88' lang='lat'>6.</span> <span class='ocrx_word' id='word_1_175' title='bbox 606 2456 887 2512; x_wconf 83' lang='lat' dir='ltr'>Fortassis</span> <span class='ocrx_word' id='word_1_176' title='bbox 918 2471 1053 2527; x_wconf 91' lang='lat' dir='ltr'>ergo</span> <span class='ocrx_word' id='word_1_177' title='bbox 1067 2455 1193 2524; x_wconf 90' lang='lat' dir='ltr'>jam</span> <span class='ocrx_word' id='word_1_178' title='bbox 1218 2452 1596 2525; x_wconf 85' lang='lat' dir='ltr'>pronuntiare</span> <span class='ocrx_word' id='word_1_179' title='bbox 1620 2453 1882 2521; x_wconf 86' lang='lat' dir='ltr'>festinas,</span> <span class='ocrx_word' id='word_1_180' title='bbox 1906 2469 2091 2508; x_wconf 89' lang='lat' dir='ltr'>unum</span> 
     </span>
    </p>
   </div>
   <div class='ocr_carea' id='block_1_25' title="bbox 445 2540 2095 2614">
    <p class='ocr_par' dir='ltr' id='par_1_25' title="bbox 445 2540 2095 2614">
     <span class='ocr_line' id='line_1_25' title="bbox 445 2540 2095 2614; baseline -0.003 -12"><span class='ocrx_word' id='word_1_181' title='bbox 445 2548 627 2602; x_wconf 87' lang='lat' dir='ltr'>fuisse</span> <span class='ocrx_word' id='word_1_182' title='bbox 642 2544 701 2601; x_wconf 91' lang='lat' dir='ltr'>in</span> <span class='ocrx_word' id='word_1_183' title='bbox 715 2546 800 2601; x_wconf 90' lang='lat' dir='ltr'>eis</span> <span class='ocrx_word' id='word_1_184' title='bbox 813 2544 1122 2600; x_wconf 90' lang='lat' dir='ltr'>Dominum</span> <span class='ocrx_word' id='word_1_185' title='bbox 1140 2541 1562 2614; x_wconf 89' lang='lat' dir='ltr'>Christum,qui</span> <span class='ocrx_word' id='word_1_186' title='bbox 1581 2540 1956 2614; x_wconf 90' lang='lat' dir='ltr'>singulariter</span> <span class='ocrx_word' id='word_1_187' title='bbox 1967 2559 2095 2614; x_wconf 85' lang='lat' dir='ltr'>pro-</span> 
     </span>
    </p>
   </div>
   <div class='ocr_carea' id='block_1_26' title="bbox 446 2630 2091 2705">
    <p class='ocr_par' dir='ltr' id='par_1_26' title="bbox 446 2630 2091 2705">
     <span class='ocr_line' id='line_1_26' title="bbox 446 2630 2091 2705; baseline -0.003 -14"><span class='ocrx_word' id='word_1_188' title='bbox 446 2635 717 2691; x_wconf 86' lang='lat' dir='ltr'>mittebat</span> <span class='ocrx_word' id='word_1_189' title='bbox 730 2640 788 2689; x_wconf 93' lang='lat' dir='ltr'>et</span> <span class='ocrx_word' id='word_1_190' title='bbox 806 2632 1190 2705; x_wconf 89' lang='lat' dir='ltr'>respondebat</span> <span class='ocrx_word' id='word_1_191' title='bbox 1204 2631 1476 2699; x_wconf 65' lang='lat' dir='ltr'>Abrahae;</span> <span class='ocrx_word' id='word_1_192' title='bbox 1500 2632 1648 2687; x_wconf 91' lang='lat' dir='ltr'>duos</span> <span class='ocrx_word' id='word_1_193' title='bbox 1664 2648 1797 2687; x_wconf 90' lang='lat' dir='ltr'>vero</span> <span class='ocrx_word' id='word_1_194' title='bbox 1817 2630 1970 2697; x_wconf 90' lang='lat' dir='ltr'>illos,</span> <span class='ocrx_word' id='word_1_195' title='bbox 1989 2648 2091 2686; x_wconf 88' lang='lat' dir='ltr'>an-</span> 
     </span>
    </p>
   </div>
   <div class='ocr_carea' id='block_1_27' title="bbox 445 2719 2093 2797">
    <p class='ocr_par' dir='ltr' id='par_1_27' title="bbox 445 2719 2093 2797">
     <span class='ocr_line' id='line_1_27' title="bbox 445 2719 2093 2797; baseline -0.003 -17"><span class='ocrx_word' id='word_1_196' title='bbox 445 2727 606 2797; x_wconf 90' lang='lat' dir='ltr'>gelos</span> <span class='ocrx_word' id='word_1_197' title='bbox 636 2725 786 2795; x_wconf 86' lang='lat' dir='ltr'>ejus,</span> <span class='ocrx_word' id='word_1_198' title='bbox 814 2722 914 2794; x_wconf 90' lang='lat' dir='ltr'>qui</span> <span class='ocrx_word' id='word_1_199' title='bbox 945 2726 1227 2777; x_wconf 89' lang='lat' dir='ltr'>venerunt</span> <span class='ocrx_word' id='word_1_200' title='bbox 1248 2720 1306 2775; x_wconf 92' lang='lat' dir='ltr'>in</span> <span class='ocrx_word' id='word_1_201' title='bbox 1338 2721 1592 2777; x_wconf 90' lang='lat' dir='ltr'>Sodoma</span> <span class='ocrx_word' id='word_1_202' title='bbox 1620 2726 1901 2790; x_wconf 89' lang='lat' dir='ltr'>tanquam</span> <span class='ocrx_word' id='word_1_203' title='bbox 1927 2719 2093 2775; x_wconf 87' lang='lat' dir='ltr'>missi</span> 
     </span>
    </p>
   </div>
   <div class='ocr_carea' id='block_1_28' title="bbox 444 2809 2091 2887">
    <p class='ocr_par' dir='ltr' id='par_1_28' title="bbox 444 2809 2091 2887">
     <span class='ocr_line' id='line_1_28' title="bbox 444 2809 2091 2887; baseline -0.003 -17"><span class='ocrx_word' id='word_1_204' title='bbox 444 2814 636 2887; x_wconf 84' lang='lat' dir='ltr'>angeli</span> <span class='ocrx_word' id='word_1_205' title='bbox 659 2832 692 2869; x_wconf 93' lang='lat' dir='ltr'>a</span> <span class='ocrx_word' id='word_1_206' title='bbox 722 2811 965 2869; x_wconf 88' lang='lat' dir='ltr'>Domino</span> <span class='ocrx_word' id='word_1_207' title='bbox 983 2828 1110 2867; x_wconf 90' lang='lat' dir='ltr'>suo.</span> <span class='ocrx_word' id='word_1_208' title='bbox 1144 2810 1255 2866; x_wconf 88' lang='lat' dir='ltr'>Sed</span> <span class='ocrx_word' id='word_1_209' title='bbox 1286 2815 1580 2882; x_wconf 84' lang='lat' dir='ltr'>exspecta:</span> <span class='ocrx_word' id='word_1_210' title='bbox 1616 2810 1751 2881; x_wconf 91' lang='lat' dir='ltr'>quid</span> <span class='ocrx_word' id='word_1_211' title='bbox 1786 2809 2091 2881; x_wconf 82' lang='lat' dir='ltr'>properas?</span> 
     </span>
    </p>
   </div>
   <div class='ocr_carea' id='block_1_29' title="bbox 442 2899 2123 2974">
    <p class='ocr_par' dir='ltr' id='par_1_29' title="bbox 442 2899 2123 2974">
     <span class='ocr_line' id='line_1_29' title="bbox 442 2899 2123 2974; baseline -0.004 -13"><span class='ocrx_word' id='word_1_212' title='bbox 442 2905 889 2961; x_wconf 81' lang='lat' dir='ltr'>Gonsideremus</span> <span class='ocrx_word' id='word_1_213' title='bbox 918 2902 1117 2959; x_wconf 85' lang='lat' dir='ltr'>omnia</span> <span class='ocrx_word' id='word_1_214' title='bbox 1135 2901 1470 2974; x_wconf 84' lang='lat' dir='ltr'>diligenter,</span> <span class='ocrx_word' id='word_1_215' title='bbox 1488 2918 1554 2956; x_wconf 92' lang='lat' dir='ltr'>ac</span> <span class='ocrx_word' id='word_1_216' title='bbox 1572 2899 1734 2972; x_wconf 83' lang='lat' dir='ltr'>prius</span> <span class='ocrx_word' id='word_1_217' title='bbox 1757 2900 2094 2955; x_wconf 87' lang='lat' dir='ltr'>intueamur</span> <span class='ocrx_word' id='word_1_218' title='bbox 2120 2959 2123 2961; x_wconf 5' lang='grc' dir='ltr'><em>ἓ</em></span> 
     </span>
    </p>
   </div>
   <div class='ocr_carea' id='block_1_30' title="bbox 440 2988 2088 3064">
    <p class='ocr_par' dir='ltr' id='par_1_30' title="bbox 440 2988 2088 3064">
     <span class='ocr_line' id='line_1_30' title="bbox 440 2988 2088 3064; baseline -0.004 -14"><span class='ocrx_word' id='word_1_219' title='bbox 440 2992 849 3050; x_wconf 89' lang='lat' dir='ltr'>verhaDomini</span> <span class='ocrx_word' id='word_1_220' title='bbox 876 2990 1167 3064; x_wconf 88' lang='lat' dir='ltr'>loquentis</span> <span class='ocrx_word' id='word_1_221' title='bbox 1188 2989 1451 3045; x_wconf 57' lang='lat' dir='ltr'>Abrahae:</span> <span class='ocrx_word' id='word_1_222' title='bbox 1479 2991 1697 3047; x_wconf 84' lang='lat' dir='ltr'>Clamor</span> <span class='ocrx_word' id='word_1_223' title='bbox 1718 2988 2088 3061; x_wconf 82' lang='lat' dir='ltr'>Sodomorum,</span> 
     </span>
    </p>
   </div>
   <div class='ocr_carea' id='block_1_31' title="bbox 442 3078 2092 3154">
    <p class='ocr_par' dir='ltr' id='par_1_31' title="bbox 442 3078 2092 3154">
     <span class='ocr_line' id='line_1_31' title="bbox 442 3078 2092 3154; baseline -0.003 -16"><span class='ocrx_word' id='word_1_224' title='bbox 442 3082 655 3154; x_wconf 87' lang='lat' dir='ltr'>inquit,</span> <span class='ocrx_word' id='word_1_225' title='bbox 668 3086 719 3137; x_wconf 87' lang='lat' dir='ltr'>et</span> <span class='ocrx_word' id='word_1_226' title='bbox 732 3080 1042 3138; x_wconf 70' lang='lat' dir='ltr'>Gomorrhae</span> <span class='ocrx_word' id='word_1_227' title='bbox 1057 3080 1255 3151; x_wconf 77' lang='lat' dir='ltr'>multip</span> <span class='ocrx_word' id='word_1_228' title='bbox 1265 3078 1462 3134; x_wconf 87' lang='lat' dir='ltr'>licatus</span> <span class='ocrx_word' id='word_1_229' title='bbox 1481 3083 1579 3147; x_wconf 82' lang='lat' dir='ltr'>est,</span> <span class='ocrx_word' id='word_1_230' title='bbox 1596 3081 1647 3133; x_wconf 89' lang='lat' dir='ltr'>et</span> <span class='ocrx_word' id='word_1_231' title='bbox 1660 3086 1885 3150; x_wconf 90' lang='lat' dir='ltr'>peccata</span> <span class='ocrx_word' id='word_1_232' title='bbox 1901 3094 2092 3134; x_wconf 87' lang='lat' dir='ltr'>eorum</span> 
     </span>
    </p>
   </div>
   <div class='ocr_carea' id='block_1_32' title="bbox 444 3167 2091 3243">
    <p class='ocr_par' dir='ltr' id='par_1_32' title="bbox 444 3167 2091 3243">
     <span class='ocr_line' id='line_1_32' title="bbox 444 3167 2091 3243; baseline -0.003 -16"><span class='ocrx_word' id='word_1_233' title='bbox 444 3188 647 3243; x_wconf 90' lang='lat' dir='ltr'>magna</span> <span class='ocrx_word' id='word_1_234' title='bbox 676 3172 847 3227; x_wconf 90' lang='lat' dir='ltr'>valde.</span> <span class='ocrx_word' id='word_1_235' title='bbox 873 3168 1201 3226; x_wconf 83' lang='lat' dir='ltr'>Descendens</span> <span class='ocrx_word' id='word_1_236' title='bbox 1220 3184 1351 3237; x_wconf 89' lang='lat' dir='ltr'>ergo</span> <span class='ocrx_word' id='word_1_237' title='bbox 1371 3167 1577 3235; x_wconf 85' lang='lat' dir='ltr'>videbo,</span> <span class='ocrx_word' id='word_1_238' title='bbox 1598 3169 1647 3223; x_wconf 88' lang='lat' dir='ltr'>si</span> <span class='ocrx_word' id='word_1_239' title='bbox 1660 3173 1957 3224; x_wconf 72' lang='lat' dir='ltr'>secundum</span> <span class='ocrx_word' id='word_1_240' title='bbox 1977 3167 2091 3223; x_wconf 89' lang='lat' dir='ltr'>cla-</span> 
     </span>
    </p>
   </div>
   <div class='ocr_carea' id='block_1_33' title="bbox 444 3256 2092 3332">
    <p class='ocr_par' dir='ltr' id='par_1_33' title="bbox 444 3256 2092 3332">
     <span class='ocr_line' id='line_1_33' title="bbox 444 3256 2092 3332; baseline -0.004 -15"><span class='ocrx_word' id='word_1_241' title='bbox 444 3276 653 3317; x_wconf 91' lang='lat' dir='ltr'>morem</span> <span class='ocrx_word' id='word_1_242' title='bbox 683 3263 928 3332; x_wconf 88' lang='lat' dir='ltr'>ipsorum</span> <span class='ocrx_word' id='word_1_243' title='bbox 950 3260 1261 3314; x_wconf 84' lang='lat' dir='ltr'>venientem</span> <span class='ocrx_word' id='word_1_244' title='bbox 1280 3257 1356 3312; x_wconf 91' lang='lat' dir='ltr'>ad</span> <span class='ocrx_word' id='word_1_245' title='bbox 1371 3273 1462 3311; x_wconf 89' lang='lat' dir='ltr'>me</span> <span class='ocrx_word' id='word_1_246' title='bbox 1477 3260 1876 3312; x_wconf 83' lang='lat' dir='ltr'>consummant.</span> <span class='ocrx_word' id='word_1_247' title='bbox 1900 3256 2005 3311; x_wconf 89' lang='lat' dir='ltr'>Hic</span> <span class='ocrx_word' id='word_1_248' title='bbox 2028 3272 2092 3311; x_wconf 88' lang='lat' dir='ltr'>se</span> 
     </span>
    </p>
   </div>
   <div class='ocr_carea' id='block_1_34' title="bbox 443 3345 2090 3423">
    <p class='ocr_par' dir='ltr' id='par_1_34' title="bbox 443 3345 2090 3423">
     <span class='ocr_line' id='line_1_34' title="bbox 443 3345 2090 3423; baseline -0.004 -16"><span class='ocrx_word' id='word_1_249' title='bbox 443 3351 638 3423; x_wconf 90' lang='lat' dir='ltr'>ipsum</span> <span class='ocrx_word' id='word_1_250' title='bbox 658 3350 1078 3405; x_wconf 88' lang='lat' dir='ltr'>descensurum</span> <span class='ocrx_word' id='word_1_251' title='bbox 1102 3347 1247 3401; x_wconf 85' lang='lat' dir='ltr'>dixit</span> <span class='ocrx_word' id='word_1_252' title='bbox 1266 3346 1324 3400; x_wconf 91' lang='lat' dir='ltr'>in</span> <span class='ocrx_word' id='word_1_253' title='bbox 1338 3345 1611 3409; x_wconf 91' lang='lat' dir='ltr'>Sodoma,</span> <span class='ocrx_word' id='word_1_254' title='bbox 1634 3362 1749 3417; x_wconf 93' lang='lat' dir='ltr'>quo</span> <span class='ocrx_word' id='word_1_255' title='bbox 1767 3350 1961 3400; x_wconf 86' lang='lat' dir='ltr'>tamen</span> <span class='ocrx_word' id='word_1_256' title='bbox 1976 3362 2090 3401; x_wconf 89' lang='lat' dir='ltr'>non</span> 
     </span>
    </p>
   </div>
   <div class='ocr_carea' id='block_1_35' title="bbox 442 3434 2092 3512">
    <p class='ocr_par' dir='ltr' id='par_1_35' title="bbox 442 3434 2092 3512">
     <span class='ocr_line' id='line_1_35' title="bbox 442 3434 2092 3512; baseline -0.002 -17"><span class='ocrx_word' id='word_1_257' title='bbox 442 3439 568 3512; x_wconf 90' lang='lat' dir='ltr'>ipse</span> <span class='ocrx_word' id='word_1_258' title='bbox 589 3438 909 3507; x_wconf 87' lang='lat' dir='ltr'>descendit,</span> <span class='ocrx_word' id='word_1_259' title='bbox 943 3437 1043 3492; x_wconf 92' lang='lat' dir='ltr'>sed</span> <span class='ocrx_word' id='word_1_260' title='bbox 1066 3434 1255 3508; x_wconf 86' lang='lat' dir='ltr'>angeli</span> <span class='ocrx_word' id='word_1_261' title='bbox 1290 3435 1426 3490; x_wconf 90' lang='lat' dir='ltr'>duo.</span> <span class='ocrx_word' id='word_1_262' title='bbox 1450 3439 1579 3506; x_wconf 88' lang='lat' dir='ltr'>Ipse</span> <span class='ocrx_word' id='word_1_263' title='bbox 1609 3434 1822 3506; x_wconf 89' lang='lat' dir='ltr'>quippe</span> <span class='ocrx_word' id='word_1_264' title='bbox 1842 3434 1998 3506; x_wconf 88' lang='lat' dir='ltr'>abiit,</span> <span class='ocrx_word' id='word_1_265' title='bbox 2030 3443 2092 3491; x_wconf 91' lang='lat' dir='ltr'>ut</span> 
     </span>
    </p>
   </div>
   <div class='ocr_carea' id='block_1_36' title="bbox 441 3524 2093 3600">
    <p class='ocr_par' dir='ltr' id='par_1_36' title="bbox 441 3524 2093 3600">
     <span class='ocr_line' id='line_1_36' title="bbox 441 3524 2093 3600; baseline -0.004 -16"><span class='ocrx_word' id='word_1_266' title='bbox 441 3528 600 3584; x_wconf 85' lang='lat' dir='ltr'>desiit</span> <span class='ocrx_word' id='word_1_267' title='bbox 619 3530 772 3600; x_wconf 85' lang='lat' dir='ltr'>loqui</span> <span class='ocrx_word' id='word_1_268' title='bbox 790 3527 861 3583; x_wconf 91' lang='lat' dir='ltr'>ad</span> <span class='ocrx_word' id='word_1_269' title='bbox 882 3527 1189 3587; x_wconf 84' lang='lat' dir='ltr'>Abraham;</span> <span class='ocrx_word' id='word_1_270' title='bbox 1219 3524 1489 3580; x_wconf 84' lang='lat' dir='ltr'>Abraham</span> <span class='ocrx_word' id='word_1_271' title='bbox 1512 3531 1700 3580; x_wconf 85' lang='lat' dir='ltr'>autem</span> <span class='ocrx_word' id='word_1_272' title='bbox 1720 3539 1995 3595; x_wconf 85' lang='lat' dir='ltr'>regressus</span> <span class='ocrx_word' id='word_1_273' title='bbox 2014 3530 2093 3579; x_wconf 89' lang='lat' dir='ltr'>est</span> 
     </span>
    </p>
   </div>
   <div class='ocr_carea' id='block_1_37' title="bbox 440 3612 2090 3681">
    <p class='ocr_par' dir='ltr' id='par_1_37' title="bbox 440 3612 2090 3681">
     <span class='ocr_line' id='line_1_37' title="bbox 440 3612 2090 3681; baseline -0.002 -8"><span class='ocrx_word' id='word_1_274' title='bbox 440 3619 503 3673; x_wconf 87' lang='lat' dir='ltr'>in</span> <span class='ocrx_word' id='word_1_275' title='bbox 524 3618 701 3674; x_wconf 89' lang='lat' dir='ltr'>locum</span> <span class='ocrx_word' id='word_1_276' title='bbox 718 3634 900 3671; x_wconf 87' lang='lat' dir='ltr'>suum.</span> <span class='ocrx_word' id='word_1_277' title='bbox 928 3616 1199 3671; x_wconf 82' lang='lat' dir='ltr'>Venerunt</span> <span class='ocrx_word' id='word_1_278' title='bbox 1217 3619 1425 3681; x_wconf 86' lang='lat' dir='ltr'>autem,</span> <span class='ocrx_word' id='word_1_279' title='bbox 1444 3612 1596 3668; x_wconf 88' lang='lat' dir='ltr'>sicut</span> <span class='ocrx_word' id='word_1_280' title='bbox 1612 3613 1963 3678; x_wconf 71' lang='lat' dir='ltr'>dictum~est,</span> <span class='ocrx_word' id='word_1_281' title='bbox 1985 3613 2090 3670; x_wconf 91' lang='lat' dir='ltr'>duo</span> 
     </span>
    </p>
   </div>
   <div class='ocr_carea' id='block_1_38' title="bbox 440 3700 2089 3777">
    <p class='ocr_par' dir='ltr' id='par_1_38' title="bbox 440 3700 2089 3777">
     <span class='ocr_line' id='line_1_38' title="bbox 440 3700 2089 3777; baseline -0.002 -16"><span class='ocrx_word' id='word_1_282' title='bbox 440 3707 636 3775; x_wconf 86' lang='lat' dir='ltr'>angeli</span> <span class='ocrx_word' id='word_1_283' title='bbox 653 3706 1015 3777; x_wconf 88' lang='lat' dir='ltr'>advesperam</span> <span class='ocrx_word' id='word_1_284' title='bbox 1038 3706 1095 3759; x_wconf 88' lang='lat' dir='ltr'>in</span> <span class='ocrx_word' id='word_1_285' title='bbox 1120 3702 1368 3759; x_wconf 87' lang='lat' dir='ltr'>Sodoma.</span> <span class='ocrx_word' id='word_1_286' title='bbox 1394 3702 1563 3766; x_wconf 81' lang='lat' dir='ltr'>Quid,</span> <span class='ocrx_word' id='word_1_287' title='bbox 1584 3700 1631 3755; x_wconf 91' lang='lat' dir='ltr'>si</span> <span class='ocrx_word' id='word_1_288' title='bbox 1654 3706 1710 3757; x_wconf 91' lang='lat' dir='ltr'>et</span> <span class='ocrx_word' id='word_1_289' title='bbox 1732 3702 1787 3756; x_wconf 90' lang='lat' dir='ltr'>in</span> <span class='ocrx_word' id='word_1_290' title='bbox 1810 3700 1923 3756; x_wconf 86' lang='lat' dir='ltr'>illis</span> <span class='ocrx_word' id='word_1_291' title='bbox 1946 3702 2089 3758; x_wconf 86' lang='lat' dir='ltr'>duo-</span> 
     </span>
    </p>
   </div>
   <div class='ocr_carea' id='block_1_39' title="bbox 438 3791 2088 3866">
    <p class='ocr_par' dir='ltr' id='par_1_39' title="bbox 438 3791 2088 3866">
     <span class='ocr_line' id='line_1_39' title="bbox 438 3791 2088 3866; baseline -0.002 -16"><span class='ocrx_word' id='word_1_292' title='bbox 438 3795 554 3850; x_wconf 91' lang='lat' dir='ltr'>bus</span> <span class='ocrx_word' id='word_1_293' title='bbox 578 3794 801 3866; x_wconf 82' lang='lat' dir='ltr'>angelis</span> <span class='ocrx_word' id='word_1_294' title='bbox 822 3810 976 3849; x_wconf 91' lang='lat' dir='ltr'>unus</span> <span class='ocrx_word' id='word_1_295' title='bbox 998 3791 1280 3848; x_wconf 90' lang='lat' dir='ltr'>Dominus</span> <span class='ocrx_word' id='word_1_296' title='bbox 1300 3791 1610 3860; x_wconf 89' lang='lat' dir='ltr'>invenitur,</span> <span class='ocrx_word' id='word_1_297' title='bbox 1634 3792 1732 3861; x_wconf 92' lang='lat' dir='ltr'>qui</span> <span class='ocrx_word' id='word_1_298' title='bbox 1766 3791 2088 3846; x_wconf 90' lang='lat' dir='ltr'>secundum</span> 
     </span>
    </p>
   </div>
   <div class='ocr_carea' id='block_1_40' title="bbox 438 3879 2090 3953">
    <p class='ocr_par' dir='ltr' id='par_1_40' title="bbox 438 3879 2090 3953">
     <span class='ocr_line' id='line_1_40' title="bbox 438 3879 2090 3953; baseline -0.002 -15"><span class='ocrx_word' id='word_1_299' title='bbox 438 3883 681 3939; x_wconf 87' lang='lat' dir='ltr'>verbum</span> <span class='ocrx_word' id='word_1_300' title='bbox 713 3898 888 3938; x_wconf 91' lang='lat' dir='ltr'>suum</span> <span class='ocrx_word' id='word_1_301' title='bbox 911 3881 967 3936; x_wconf 91' lang='lat' dir='ltr'>in</span> <span class='ocrx_word' id='word_1_302' title='bbox 993 3881 1137 3953; x_wconf 89' lang='lat' dir='ltr'>ipsis</span> <span class='ocrx_word' id='word_1_303' title='bbox 1160 3879 1381 3953; x_wconf 85' lang='lat' dir='ltr'>angelis</span> <span class='ocrx_word' id='word_1_304' title='bbox 1402 3879 1703 3935; x_wconf 88' lang='lat' dir='ltr'>descendit</span> <span class='ocrx_word' id='word_1_305' title='bbox 1727 3879 1787 3934; x_wconf 92' lang='lat' dir='ltr'>in</span> <span class='ocrx_word' id='word_1_306' title='bbox 1809 3880 2090 3935; x_wconf 86' lang='lat' dir='ltr'>Sodoma?</span> 
     </span>
    </p>
   </div>
   <div class='ocr_carea' id='block_1_41' title="bbox 438 3967 2090 4027">
    <p class='ocr_par' dir='ltr' id='par_1_41' title="bbox 438 3967 2090 4027">
     <span class='ocr_line' id='line_1_41' title="bbox 438 3967 2090 4027; baseline -0.002 0"><span class='ocrx_word' id='word_1_307' title='bbox 438 3971 643 4027; x_wconf 89' lang='lat' dir='ltr'>Nonne</span> <span class='ocrx_word' id='word_1_308' title='bbox 674 3971 1047 4026; x_wconf 87' lang='lat' dir='ltr'>manifestum</span> <span class='ocrx_word' id='word_1_309' title='bbox 1067 3970 1175 4025; x_wconf 91' lang='lat' dir='ltr'>erit</span> <span class='ocrx_word' id='word_1_310' title='bbox 1195 3970 1252 4024; x_wconf 91' lang='lat' dir='ltr'>in</span> <span class='ocrx_word' id='word_1_311' title='bbox 1277 3968 1464 4024; x_wconf 91' lang='lat' dir='ltr'>tribus</span> <span class='ocrx_word' id='word_1_312' title='bbox 1485 3968 1601 4023; x_wconf 91' lang='lat' dir='ltr'>illis</span> <span class='ocrx_word' id='word_1_313' title='bbox 1618 3967 1756 4023; x_wconf 90' lang='lat' dir='ltr'>viris</span> <span class='ocrx_word' id='word_1_314' title='bbox 1780 3986 1959 4024; x_wconf 89' lang='lat' dir='ltr'>unum</span> <span class='ocrx_word' id='word_1_315' title='bbox 1982 3974 2090 4024; x_wconf 92' lang='lat' dir='ltr'>Do-</span> 
     </span>
    </p>
   </div>
   <div class='ocr_carea' id='block_1_42' title="bbox 438 4057 2091 4129">
    <p class='ocr_par' dir='ltr' id='par_1_42' title="bbox 438 4057 2091 4129">
     <span class='ocr_line' id='line_1_42' title="bbox 438 4057 2091 4129; baseline -0.002 -13"><span class='ocrx_word' id='word_1_316' title='bbox 438 4060 663 4116; x_wconf 89' lang='lat' dir='ltr'>minum</span> <span class='ocrx_word' id='word_1_317' title='bbox 682 4060 869 4115; x_wconf 91' lang='lat' dir='ltr'>visum</span> <span class='ocrx_word' id='word_1_318' title='bbox 891 4059 1091 4122; x_wconf 84' lang='lat' dir='ltr'>fuisse,</span> <span class='ocrx_word' id='word_1_319' title='bbox 1106 4058 1203 4112; x_wconf 92' lang='lat' dir='ltr'>ubi</span> <span class='ocrx_word' id='word_1_320' title='bbox 1228 4057 1366 4129; x_wconf 91' lang='lat' dir='ltr'>quid</span> <span class='ocrx_word' id='word_1_321' title='bbox 1386 4058 1542 4113; x_wconf 91' lang='lat' dir='ltr'>aliud</span> <span class='ocrx_word' id='word_1_322' title='bbox 1563 4074 1737 4127; x_wconf 90' lang='lat' dir='ltr'>quam</span> <span class='ocrx_word' id='word_1_323' title='bbox 1764 4058 1891 4129; x_wconf 90' lang='lat' dir='ltr'>ipsa</span> <span class='ocrx_word' id='word_1_324' title='bbox 1904 4058 2091 4113; x_wconf 89' lang='lat' dir='ltr'>Trini-</span> 
     </span>
    </p>
   </div>
   <div class='ocr_carea' id='block_1_43' title="bbox 435 4146 2091 4223">
    <p class='ocr_par' dir='ltr' id='par_1_43' title="bbox 435 4146 2091 4223">
     <span class='ocr_line' id='line_1_43' title="bbox 435 4146 2091 4223; baseline -0.001 -19"><span class='ocrx_word' id='word_1_325' title='bbox 435 4153 527 4205; x_wconf 89' lang='lat' dir='ltr'>tas</span> <span class='ocrx_word' id='word_1_326' title='bbox 558 4150 808 4223; x_wconf 81' lang='lat' dir='ltr'>figurata</span> <span class='ocrx_word' id='word_1_327' title='bbox 836 4147 961 4205; x_wconf 83' lang='lat' dir='ltr'>est?</span> <span class='ocrx_word' id='word_1_328' title='bbox 991 4148 1099 4203; x_wconf 90' lang='lat' dir='ltr'>Sed</span> <span class='ocrx_word' id='word_1_329' title='bbox 1132 4147 1426 4202; x_wconf 87' lang='lat' dir='ltr'>videamus</span> <span class='ocrx_word' id='word_1_330' title='bbox 1459 4153 1655 4201; x_wconf 90' lang='lat' dir='ltr'>utrum</span> <span class='ocrx_word' id='word_1_331' title='bbox 1690 4146 1857 4202; x_wconf 89' lang='lat' dir='ltr'>nobis</span> <span class='ocrx_word' id='word_1_332' title='bbox 1889 4153 2091 4203; x_wconf 89' lang='lat' dir='ltr'>sancta</span> 
     </span>
    </p>
   </div>
   <div class='ocr_carea' id='block_1_44' title="bbox 436 4234 2089 4310">
    <p class='ocr_par' dir='ltr' id='par_1_44' title="bbox 436 4234 2089 4310">
     <span class='ocr_line' id='line_1_44' title="bbox 436 4234 2089 4310; baseline -0.001 -17"><span class='ocrx_word' id='word_1_333' title='bbox 436 4238 736 4310; x_wconf 88' lang='lat' dir='ltr'>Scriptura</span> <span class='ocrx_word' id='word_1_334' title='bbox 759 4240 1137 4305; x_wconf 89' lang='lat' dir='ltr'>demonstret,</span> <span class='ocrx_word' id='word_1_335' title='bbox 1161 4235 1336 4290; x_wconf 87' lang='lat' dir='ltr'>etiam</span> <span class='ocrx_word' id='word_1_336' title='bbox 1366 4234 1424 4289; x_wconf 92' lang='lat' dir='ltr'>in</span> <span class='ocrx_word' id='word_1_337' title='bbox 1444 4234 1561 4291; x_wconf 88' lang='lat' dir='ltr'>illis</span> <span class='ocrx_word' id='word_1_338' title='bbox 1591 4236 1821 4291; x_wconf 90' lang='lat' dir='ltr'>duobus</span> <span class='ocrx_word' id='word_1_339' title='bbox 1842 4235 2089 4308; x_wconf 89' lang='lat' dir='ltr'>angelis,</span> 
     </span>
    </p>
   </div>
   <div class='ocr_carea' id='block_1_45' title="bbox 438 4324 2090 4393">
    <p class='ocr_par' dir='ltr' id='par_1_45' title="bbox 438 4324 2090 4393">
     <span class='ocr_line' id='line_1_45' title="bbox 438 4324 2090 4393; baseline 0 -12"><span class='ocrx_word' id='word_1_340' title='bbox 438 4332 503 4382; x_wconf 88' lang='lat' dir='ltr'>ut</span> <span class='ocrx_word' id='word_1_341' title='bbox 532 4326 670 4393; x_wconf 87' lang='lat' dir='ltr'>dixi,</span> <span class='ocrx_word' id='word_1_342' title='bbox 706 4343 888 4381; x_wconf 90' lang='lat' dir='ltr'>unum</span> <span class='ocrx_word' id='word_1_343' title='bbox 924 4325 1233 4381; x_wconf 92' lang='lat' dir='ltr'>Dominum</span> <span class='ocrx_word' id='word_1_344' title='bbox 1264 4324 1590 4392; x_wconf 88' lang='lat' dir='ltr'>inventum,</span> <span class='ocrx_word' id='word_1_345' title='bbox 1618 4341 1685 4379; x_wconf 93' lang='lat' dir='ltr'>ne</span> <span class='ocrx_word' id='word_1_346' title='bbox 1712 4324 1854 4379; x_wconf 87' lang='lat' dir='ltr'>forte</span> <span class='ocrx_word' id='word_1_347' title='bbox 1883 4324 2004 4380; x_wconf 66' lang='lat' dir='ltr'>haec</span> <span class='ocrx_word' id='word_1_348' title='bbox 2021 4343 2090 4381; x_wconf 86' lang='lat' dir='ltr'>ex</span> 
     </span>
    </p>
   </div>
   <div class='ocr_carea' id='block_1_46' title="bbox 436 4412 2087 4485">
    <p class='ocr_par' dir='ltr' id='par_1_46' title="bbox 436 4412 2087 4485">
     <span class='ocr_line' id='line_1_46' title="bbox 436 4412 2087 4485; baseline 0.001 -17"><span class='ocrx_word' id='word_1_349' title='bbox 436 4418 637 4470; x_wconf 91' lang='lat' dir='ltr'>nostro</span> <span class='ocrx_word' id='word_1_350' title='bbox 655 4415 827 4470; x_wconf 91' lang='lat' dir='ltr'>corde</span> <span class='ocrx_word' id='word_1_351' title='bbox 843 4414 1168 4469; x_wconf 80' lang='lat' dir='ltr'>afﬁrmasse</span> <span class='ocrx_word' id='word_1_352' title='bbox 1188 4412 1505 4467; x_wconf 88' lang='lat' dir='ltr'>videamur.</span> <span class='ocrx_word' id='word_1_353' title='bbox 1532 4413 1801 4468; x_wconf 82' lang='lat' dir='ltr'>Venerunt</span> <span class='ocrx_word' id='word_1_354' title='bbox 1825 4429 1959 4485; x_wconf 90' lang='lat' dir='ltr'>ergo</span> <span class='ocrx_word' id='word_1_355' title='bbox 1982 4414 2087 4470; x_wconf 89' lang='lat' dir='ltr'>duo</span> 
     </span>
    </p>
   </div>
   <div class='ocr_carea' id='block_1_47' title="bbox 435 4500 2087 4573">
    <p class='ocr_par' dir='ltr' id='par_1_47' title="bbox 435 4500 2087 4573">
     <span class='ocr_line' id='line_1_47' title="bbox 435 4500 2087 4573; baseline 0.001 -18"><span class='ocrx_word' id='word_1_356' title='bbox 435 4500 629 4569; x_wconf 84' lang='lat' dir='ltr'>angeli</span> <span class='ocrx_word' id='word_1_357' title='bbox 654 4505 713 4557; x_wconf 88' lang='lat' dir='ltr'>in</span> <span class='ocrx_word' id='word_1_358' title='bbox 743 4501 977 4558; x_wconf 89' lang='lat' dir='ltr'>Sodoma</span> <span class='ocrx_word' id='word_1_359' title='bbox 1006 4502 1076 4556; x_wconf 89' lang='lat' dir='ltr'>ad</span> <span class='ocrx_word' id='word_1_360' title='bbox 1106 4517 1410 4573; x_wconf 84' lang='lat' dir='ltr'>vesperam;</span> <span class='ocrx_word' id='word_1_361' title='bbox 1436 4501 1564 4555; x_wconf 85' lang='lat' dir='ltr'>Loth</span> <span class='ocrx_word' id='word_1_362' title='bbox 1598 4515 1721 4555; x_wconf 90' lang='lat' dir='ltr'>vero</span> <span class='ocrx_word' id='word_1_363' title='bbox 1745 4502 1987 4567; x_wconf 82' lang='lat' dir='ltr'>sedebat,</span> <span class='ocrx_word' id='word_1_364' title='bbox 2022 4506 2087 4557; x_wconf 90' lang='lat' dir='ltr'>ut</span> 
     </span>
    </p>
   </div>
   <div class='ocr_carea' id='block_1_48' title="bbox 434 4589 2087 4663">
    <p class='ocr_par' dir='ltr' id='par_1_48' title="bbox 434 4589 2087 4663">
     <span class='ocr_line' id='line_1_48' title="bbox 434 4589 2087 4663; baseline 0 -17"><span class='ocrx_word' id='word_1_365' title='bbox 434 4590 721 4663; x_wconf 89' lang='lat' dir='ltr'>scriptum</span> <span class='ocrx_word' id='word_1_366' title='bbox 738 4595 843 4661; x_wconf 78' lang='lat' dir='ltr'>est,</span> <span class='ocrx_word' id='word_1_367' title='bbox 859 4593 1027 4662; x_wconf 73' lang='lat' dir='ltr'>juxta</span> <span class='ocrx_word' id='word_1_368' title='bbox 1046 4598 1267 4657; x_wconf 84' lang='lat' dir='ltr'>portam</span> <span class='ocrx_word' id='word_1_369' title='bbox 1290 4589 1663 4645; x_wconf 89' lang='lat' dir='ltr'>Sodomorum.</span> <span class='ocrx_word' id='word_1_370' title='bbox 1694 4589 1883 4644; x_wconf 88' lang='lat' dir='ltr'>Videns</span> <span class='ocrx_word' id='word_1_371' title='bbox 1902 4594 2087 4646; x_wconf 89' lang='lat' dir='ltr'>autem</span> 
     </span>
    </p>
   </div>
   <div class='ocr_carea' id='block_1_49' title="bbox 433 4678 2083 4751">
    <p class='ocr_par' dir='ltr' id='par_1_49' title="bbox 433 4678 2083 4751">
     <span class='ocr_line' id='line_1_49' title="bbox 433 4678 2083 4751; baseline -0.001 -16"><span class='ocrx_word' id='word_1_372' title='bbox 433 4680 587 4746; x_wconf 84' lang='lat' dir='ltr'>Loth,</span> <span class='ocrx_word' id='word_1_373' title='bbox 613 4680 859 4735; x_wconf 69' lang='lat' dir='ltr'>surrercit</span> <span class='ocrx_word' id='word_1_374' title='bbox 889 4681 948 4733; x_wconf 87' lang='lat' dir='ltr'>in</span> <span class='ocrx_word' id='word_1_375' title='bbox 973 4680 1185 4734; x_wconf 87' lang='lat' dir='ltr'>obviam</span> <span class='ocrx_word' id='word_1_376' title='bbox 1209 4678 1342 4743; x_wconf 84' lang='lat' dir='ltr'>illis,</span> <span class='ocrx_word' id='word_1_377' title='bbox 1366 4682 1415 4733; x_wconf 88' lang='lat' dir='ltr'>et</span> <span class='ocrx_word' id='word_1_378' title='bbox 1437 4678 1685 4733; x_wconf 86' lang='lat' dir='ltr'>adoravit</span> <span class='ocrx_word' id='word_1_379' title='bbox 1712 4679 1772 4732; x_wconf 86' lang='lat' dir='ltr'>in</span> <span class='ocrx_word' id='word_1_380' title='bbox 1801 4678 2005 4751; x_wconf 85' lang='lat' dir='ltr'>faciem</span> <span class='ocrx_word' id='word_1_381' title='bbox 2025 4680 2083 4734; x_wconf 90' lang='lat' dir='ltr'>in</span> 
     </span>
    </p>
   </div>
   <div class='ocr_carea' id='block_1_50' title="bbox 434 4766 2080 4841">
    <p class='ocr_par' dir='ltr' id='par_1_50' title="bbox 434 4766 2080 4841">
     <span class='ocr_line' id='line_1_50' title="bbox 434 4766 2080 4841; baseline 0.001 -18"><span class='ocrx_word' id='word_1_382' title='bbox 434 4768 846 4825; x_wconf 87' lang='lat' dir='ltr'>terram.Vides</span> <span class='ocrx_word' id='word_1_383' title='bbox 861 4784 1069 4839; x_wconf 90' lang='lat' dir='ltr'>nempe</span> <span class='ocrx_word' id='word_1_384' title='bbox 1082 4767 1175 4821; x_wconf 90' lang='lat' dir='ltr'>hic</span> <span class='ocrx_word' id='word_1_385' title='bbox 1190 4784 1223 4821; x_wconf 92' lang='lat' dir='ltr'>a</span> <span class='ocrx_word' id='word_1_386' title='bbox 1227 4768 1390 4837; x_wconf 89' lang='lat' dir='ltr'>justo</span> <span class='ocrx_word' id='word_1_387' title='bbox 1403 4766 1523 4821; x_wconf 85' lang='lat' dir='ltr'>viro</span> <span class='ocrx_word' id='word_1_388' title='bbox 1540 4766 1775 4837; x_wconf 85' lang='lat' dir='ltr'>angelos</span> <span class='ocrx_word' id='word_1_389' title='bbox 1789 4767 2080 4841; x_wconf 80' lang='lat' dir='ltr'>adoratos,</span> 
     </span>
    </p>
   </div>
   <div class='ocr_carea' id='block_1_51' title="bbox 435 4856 2083 4928">
    <p class='ocr_par' dir='ltr' id='par_1_51' title="bbox 435 4856 2083 4928">
     <span class='ocr_line' id='line_1_51' title="bbox 435 4856 2083 4928; baseline 0 -16"><span class='ocrx_word' id='word_1_390' title='bbox 435 4860 567 4912; x_wconf 88' lang='lat' dir='ltr'>ettu</span> <span class='ocrx_word' id='word_1_391' title='bbox 582 4874 696 4912; x_wconf 92' lang='lat' dir='ltr'>non</span> <span class='ocrx_word' id='word_1_392' title='bbox 710 4858 797 4913; x_wconf 90' lang='lat' dir='ltr'>vis</span> <span class='ocrx_word' id='word_1_393' title='bbox 810 4856 1327 4927; x_wconf 89' lang='lat' dir='ltr'>adorariSpiritum</span> <span class='ocrx_word' id='word_1_394' title='bbox 1343 4860 1816 4927; x_wconf 88' lang='lat' dir='ltr'>sanctum,quem</span> <span class='ocrx_word' id='word_1_395' title='bbox 1832 4873 1928 4911; x_wconf 90' lang='lat' dir='ltr'>vos</span> <span class='ocrx_word' id='word_1_396' title='bbox 1944 4875 2083 4928; x_wconf 88' lang='lat' dir='ltr'>quo-</span> 
     </span>
    </p>
   </div>
   <div class='ocr_carea' id='block_1_52' title="bbox 435 4944 2083 5018">
    <p class='ocr_par' dir='ltr' id='par_1_52' title="bbox 435 4944 2083 5018">
     <span class='ocr_line' id='line_1_52' title="bbox 435 4944 2083 5018; baseline -0.001 -16"><span class='ocrx_word' id='word_1_397' title='bbox 435 4962 550 5017; x_wconf 89' lang='lat' dir='ltr'>que</span> <span class='ocrx_word' id='word_1_398' title='bbox 580 4947 852 5002; x_wconf 89' lang='lat' dir='ltr'>omnibus</span> <span class='ocrx_word' id='word_1_399' title='bbox 875 4946 1097 5018; x_wconf 86' lang='lat' dir='ltr'>angelis</span> <span class='ocrx_word' id='word_1_400' title='bbox 1122 4948 1138 4981; x_wconf 78' lang='grc' dir='ltr'>ί</span> <span class='ocrx_word' id='word_1_401' title='bbox 1162 4945 1287 4999; x_wconf 89' lang='lat' dir='ltr'>sine</span> <span class='ocrx_word' id='word_1_402' title='bbox 1312 4944 1693 5014; x_wconf 87' lang='lat' dir='ltr'>ambiguitate</span> <span class='ocrx_word' id='word_1_403' title='bbox 1715 4946 2083 5017; x_wconf 75' lang='lat' dir='ltr'>praeponitis?</span> 
     </span>
    </p>
   </div>
   <div class='ocr_carea' id='block_1_53' title="bbox 433 5032 2081 5105">
    <p class='ocr_par' dir='ltr' id='par_1_53' title="bbox 433 5032 2081 5105">
     <span class='ocr_line' id='line_1_53' title="bbox 433 5032 2081 5105; baseline 0.001 -15"><span class='ocrx_word' id='word_1_404' title='bbox 433 5035 541 5090; x_wconf 89' lang='lat' dir='ltr'>Sed</span> <span class='ocrx_word' id='word_1_405' title='bbox 572 5035 838 5091; x_wconf 89' lang='lat' dir='ltr'>dicturus</span> <span class='ocrx_word' id='word_1_406' title='bbox 867 5052 951 5105; x_wconf 90' lang='lat' dir='ltr'>es,</span> <span class='ocrx_word' id='word_1_407' title='bbox 983 5034 1260 5090; x_wconf 86' lang='lat' dir='ltr'>Homines</span> <span class='ocrx_word' id='word_1_408' title='bbox 1290 5048 1417 5088; x_wconf 90' lang='lat' dir='ltr'>esse</span> <span class='ocrx_word' id='word_1_409' title='bbox 1447 5032 1743 5102; x_wconf 89' lang='lat' dir='ltr'>credebat;</span> <span class='ocrx_word' id='word_1_410' title='bbox 1778 5051 1912 5090; x_wconf 89' lang='lat' dir='ltr'>nam</span> <span class='ocrx_word' id='word_1_411' title='bbox 1945 5039 2002 5090; x_wconf 93' lang='lat' dir='ltr'>et</span> <span class='ocrx_word' id='word_1_412' title='bbox 2024 5035 2081 5091; x_wconf 91' lang='lat' dir='ltr'>in</span> 
     </span>
    </p>
   </div>
   <div class='ocr_carea' id='block_1_54' title="bbox 433 5120 2083 5197">
    <p class='ocr_par' dir='ltr' id='par_1_54' title="bbox 433 5120 2083 5197">
     <span class='ocr_line' id='line_1_54' title="bbox 433 5120 2083 5197; baseline 0.001 -17"><span class='ocrx_word' id='word_1_413' title='bbox 433 5123 753 5197; x_wconf 90' lang='lat' dir='ltr'>hospitium</span> <span class='ocrx_word' id='word_1_414' title='bbox 775 5130 1053 5196; x_wconf 88' lang='lat' dir='ltr'>tanquam</span> <span class='ocrx_word' id='word_1_415' title='bbox 1074 5121 1339 5178; x_wconf 90' lang='lat' dir='ltr'>homines</span> <span class='ocrx_word' id='word_1_416' title='bbox 1355 5120 1639 5176; x_wconf 83' lang='lat' dir='ltr'>invitavit.</span> <span class='ocrx_word' id='word_1_417' title='bbox 1656 5122 1771 5178; x_wconf 92' lang='lat' dir='ltr'>Hoc</span> <span class='ocrx_word' id='word_1_418' title='bbox 1791 5124 1977 5197; x_wconf 89' lang='lat' dir='ltr'>magis</span> <span class='ocrx_word' id='word_1_419' title='bbox 1995 5129 2083 5181; x_wconf 89' lang='lat' dir='ltr'>est</span> 
     </span>
    </p>
   </div>
   <div class='ocr_carea' id='block_1_55' title="bbox 433 5210 2079 5285">
    <p class='ocr_par' dir='ltr' id='par_1_55' title="bbox 433 5210 2079 5285">
     <span class='ocr_line' id='line_1_55' title="bbox 433 5210 2079 5285; baseline 0.001 -17"><span class='ocrx_word' id='word_1_420' title='bbox 433 5218 636 5268; x_wconf 90' lang='lat' dir='ltr'>contra</span> <span class='ocrx_word' id='word_1_421' title='bbox 666 5220 744 5279; x_wconf 88' lang='lat' dir='ltr'>te,</span> <span class='ocrx_word' id='word_1_422' title='bbox 778 5214 879 5285; x_wconf 90' lang='lat' dir='ltr'>qui</span> <span class='ocrx_word' id='word_1_423' title='bbox 911 5213 1057 5269; x_wconf 89' lang='lat' dir='ltr'>dicis</span> <span class='ocrx_word' id='word_1_424' title='bbox 1086 5229 1200 5267; x_wconf 90' lang='lat' dir='ltr'>non</span> <span class='ocrx_word' id='word_1_425' title='bbox 1224 5210 1452 5267; x_wconf 87' lang='lat' dir='ltr'>adorari</span> <span class='ocrx_word' id='word_1_426' title='bbox 1484 5210 1764 5281; x_wconf 86' lang='lat' dir='ltr'>Spiritum</span> <span class='ocrx_word' id='word_1_427' title='bbox 1790 5219 2079 5281; x_wconf 86' lang='lat' dir='ltr'>sanctum,</span> 
     </span>
    </p>
   </div>
   <div class='ocr_carea' id='block_1_56' title="bbox 433 5299 2081 5373">
    <p class='ocr_par' dir='ltr' id='par_1_56' title="bbox 433 5299 2081 5373">
     <span class='ocr_line' id='line_1_56' title="bbox 433 5299 2081 5373; baseline 0.002 -17"><span class='ocrx_word' id='word_1_428' title='bbox 433 5303 709 5358; x_wconf 88' lang='lat' dir='ltr'>omnibus</span> <span class='ocrx_word' id='word_1_429' title='bbox 737 5304 975 5373; x_wconf 87' lang='lat' dir='ltr'>Angelis</span> <span class='ocrx_word' id='word_1_430' title='bbox 1006 5299 1459 5373; x_wconf 66' lang='lat' dir='ltr'>praeferendum;</span> <span class='ocrx_word' id='word_1_431' title='bbox 1496 5315 1629 5354; x_wconf 90' lang='lat' dir='ltr'>cum</span> <span class='ocrx_word' id='word_1_432' title='bbox 1662 5300 1857 5356; x_wconf 88' lang='lat' dir='ltr'>videas</span> <span class='ocrx_word' id='word_1_433' title='bbox 1887 5307 1943 5358; x_wconf 89' lang='lat' dir='ltr'>et</span> <span class='ocrx_word' id='word_1_434' title='bbox 1972 5303 2081 5360; x_wconf 89' lang='lat' dir='ltr'>ho-</span> 
     </span>
    </p>
   </div>
   <div class='ocr_carea' id='block_1_57' title="bbox 433 5387 2080 5461">
    <p class='ocr_par' dir='ltr' id='par_1_57' title="bbox 433 5387 2080 5461">
     <span class='ocr_line' id='line_1_57' title="bbox 433 5387 2080 5461; baseline 0.003 -17"><span class='ocrx_word' id='word_1_435' title='bbox 433 5391 622 5447; x_wconf 91' lang='lat' dir='ltr'>mines</span> <span class='ocrx_word' id='word_1_436' title='bbox 647 5391 949 5446; x_wconf 82' lang='lat' dir='ltr'>inferiores</span> <span class='ocrx_word' id='word_1_437' title='bbox 966 5389 1200 5461; x_wconf 86' lang='lat' dir='ltr'>Angelis</span> <span class='ocrx_word' id='word_1_438' title='bbox 1223 5406 1255 5443; x_wconf 92' lang='lat' dir='ltr'>a</span> <span class='ocrx_word' id='word_1_439' title='bbox 1271 5388 1445 5456; x_wconf 75' lang='lat' dir='ltr'>iustis</span> <span class='ocrx_word' id='word_1_440' title='bbox 1468 5387 1807 5447; x_wconf 88' lang='lat' dir='ltr'>hominibus</span> <span class='ocrx_word' id='word_1_441' title='bbox 1829 5393 2080 5451; x_wconf 89' lang='lat' dir='ltr'>adorari.</span> 
     </span>
    </p>
   </div>
   <div class='ocr_carea' id='block_1_58' title="bbox 431 5477 2079 5545">
    <p class='ocr_par' dir='ltr' id='par_1_58' title="bbox 431 5477 2079 5545">
     <span class='ocr_line' id='line_1_58' title="bbox 431 5477 2079 5545; baseline 0.004 -11"><span class='ocrx_word' id='word_1_442' title='bbox 431 5478 541 5533; x_wconf 87' lang='lat' dir='ltr'>Sed</span> <span class='ocrx_word' id='word_1_443' title='bbox 592 5479 784 5534; x_wconf 89' lang='lat' dir='ltr'>adhuc</span> <span class='ocrx_word' id='word_1_444' title='bbox 823 5481 1087 5534; x_wconf 90' lang='lat' dir='ltr'>dicturus</span> <span class='ocrx_word' id='word_1_445' title='bbox 1127 5494 1208 5545; x_wconf 90' lang='lat' dir='ltr'>es,</span> <span class='ocrx_word' id='word_1_446' title='bbox 1264 5477 1571 5532; x_wconf 88' lang='lat' dir='ltr'>Dominum</span> <span class='ocrx_word' id='word_1_447' title='bbox 1615 5478 1902 5536; x_wconf 86' lang='lat' dir='ltr'>adoravit:</span> <span class='ocrx_word' id='word_1_448' title='bbox 1946 5499 2079 5540; x_wconf 88' lang='lat' dir='ltr'>eum</span> 
     </span>
    </p>
   </div>
   <div class='ocr_carea' id='block_1_59' title="bbox 430 5566 2077 5645">
    <p class='ocr_par' dir='ltr' id='par_1_59' title="bbox 430 5566 2077 5645">
     <span class='ocr_line' id='line_1_59' title="bbox 430 5566 2077 5645; baseline 0.004 -23"><span class='ocrx_word' id='word_1_449' title='bbox 430 5569 647 5640; x_wconf 86' lang='lat' dir='ltr'>quippe</span> <span class='ocrx_word' id='word_1_450' title='bbox 676 5569 734 5623; x_wconf 90' lang='lat' dir='ltr'>in</span> <span class='ocrx_word' id='word_1_451' title='bbox 766 5567 996 5624; x_wconf 91' lang='lat' dir='ltr'>duobus</span> <span class='ocrx_word' id='word_1_452' title='bbox 1026 5566 1164 5636; x_wconf 82' lang='lat' dir='ltr'>illis,</span> <span class='ocrx_word' id='word_1_453' title='bbox 1198 5582 1347 5639; x_wconf 91' lang='lat' dir='ltr'>quos</span> <span class='ocrx_word' id='word_1_454' title='bbox 1368 5566 1613 5639; x_wconf 88' lang='lat' dir='ltr'>putabat</span> <span class='ocrx_word' id='word_1_455' title='bbox 1633 5583 1760 5624; x_wconf 90' lang='lat' dir='ltr'>esse</span> <span class='ocrx_word' id='word_1_456' title='bbox 1790 5567 2077 5645; x_wconf 88' lang='lat' dir='ltr'>homines,</span> 
     </span>
    </p>
   </div>
   <div class='ocr_carea' id='block_1_60' title="bbox 496 5708 1478 5775">
    <p class='ocr_par' dir='ltr' id='par_1_60' title="bbox 496 5708 1478 5775">
     <span class='ocr_line' id='line_1_60' title="bbox 496 5708 1478 5775; baseline -0.002 -14"><span class='ocrx_word' id='word_1_457' title='bbox 496 5712 512 5746; x_wconf 76' lang='grc' dir='ltr'>ι</span> <span class='ocrx_word' id='word_1_458' title='bbox 541 5711 603 5761; x_wconf 84' lang='lat' dir='ltr'>In</span> <span class='ocrx_word' id='word_1_459' title='bbox 631 5711 864 5763; x_wconf 87' lang='lat' dir='ltr'>editione</span> <span class='ocrx_word' id='word_1_460' title='bbox 893 5713 1020 5765; x_wconf 85' lang='lat' dir='ltr'>Lov.</span> <span class='ocrx_word' id='word_1_461' title='bbox 1053 5710 1219 5773; x_wconf 84' lang='lat' dir='ltr'>deest,</span> <span class='ocrx_word' id='word_1_462' title='bbox 1250 5708 1478 5775; x_wconf 82' lang='lat' dir='ltr'>Angelis.</span> 
     </span>
    </p>
   </div>
   <div class='ocr_carea' id='block_1_61' title="bbox 925 359 3370 440">
    <p class='ocr_par' dir='ltr' id='par_1_61' title="bbox 925 359 3370 440">
     <span class='ocr_line' id='line_1_61' title="bbox 925 359 3370 440; baseline 0 -15"><span class='ocrx_word' id='word_1_463' title='bbox 925 363 1240 426; x_wconf 84' lang='lat' dir='ltr'>CONTRA</span> <span class='ocrx_word' id='word_1_464' title='bbox 1283 360 1749 425; x_wconf 85' lang='lat' dir='ltr'>MAXIMINUM</span> <span class='ocrx_word' id='word_1_465' title='bbox 1792 359 2262 423; x_wconf 75' lang='lat' dir='ltr'>ARIANORUM</span> <span class='ocrx_word' id='word_1_466' title='bbox 2309 361 2782 440; x_wconf 87' lang='lat' dir='ltr'>EPISCOPUM,</span> <span class='ocrx_word' id='word_1_467' title='bbox 2832 368 2897 427; x_wconf 92' lang='lat' dir='ltr'>S.</span> <span class='ocrx_word' id='word_1_468' title='bbox 2943 364 3370 429; x_wconf 86' lang='lat' dir='ltr'>AUGUSTINI</span> 
     </span>
    </p>
   </div>
   <div class='ocr_carea' id='block_1_62' title="bbox 3735 364 3856 429">
    <p class='ocr_par' dir='ltr' id='par_1_62' title="bbox 3735 364 3856 429">
     <span class='ocr_line' id='line_1_62' title="bbox 3735 364 3856 429; baseline 0 0"><span class='ocrx_word' id='word_1_469' title='bbox 3735 364 3856 429; x_wconf 84' lang='lat'>808</span> 
     </span>
    </p>
   </div>
   <div class='ocr_carea' id='block_1_63' title="bbox 2198 498 3856 572">
    <p class='ocr_par' dir='ltr' id='par_1_63' title="bbox 2198 498 3856 572">
     <span class='ocr_line' id='line_1_63' title="bbox 2198 498 3856 572; baseline 0.004 -22"><span class='ocrx_word' id='word_1_470' title='bbox 2198 499 2477 568; x_wconf 89' lang='lat' dir='ltr'>tanquam</span> <span class='ocrx_word' id='word_1_471' title='bbox 2508 498 2568 554; x_wconf 90' lang='lat' dir='ltr'>in</span> <span class='ocrx_word' id='word_1_472' title='bbox 2600 501 2902 572; x_wconf 88' lang='lat' dir='ltr'>prophetis</span> <span class='ocrx_word' id='word_1_473' title='bbox 2925 517 3053 556; x_wconf 89' lang='lat' dir='ltr'>esse</span> <span class='ocrx_word' id='word_1_474' title='bbox 3082 500 3370 572; x_wconf 89' lang='lat' dir='ltr'>cognovit.</span> <span class='ocrx_word' id='word_1_475' title='bbox 3389 501 3523 555; x_wconf 88' lang='lat' dir='ltr'>Jam</span> <span class='ocrx_word' id='word_1_476' title='bbox 3554 516 3695 572; x_wconf 88' lang='lat' dir='ltr'>ergo</span> <span class='ocrx_word' id='word_1_477' title='bbox 3728 516 3856 571; x_wconf 89' lang='lat' dir='ltr'>pro-</span> 
     </span>
    </p>
   </div>
   <div class='ocr_carea' id='block_1_64' title="bbox 2198 586 3850 661">
    <p class='ocr_par' dir='ltr' id='par_1_64' title="bbox 2198 586 3850 661">
     <span class='ocr_line' id='line_1_64' title="bbox 2198 586 3850 661; baseline 0.002 -20"><span class='ocrx_word' id='word_1_478' title='bbox 2198 586 2401 642; x_wconf 92' lang='lat' dir='ltr'>batum</span> <span class='ocrx_word' id='word_1_479' title='bbox 2430 593 2539 655; x_wconf 90' lang='lat' dir='ltr'>est,</span> <span class='ocrx_word' id='word_1_480' title='bbox 2572 590 2726 660; x_wconf 91' lang='lat' dir='ltr'>quod</span> <span class='ocrx_word' id='word_1_481' title='bbox 2774 607 2864 645; x_wconf 88' lang='lat' dir='ltr'>me</span> <span class='ocrx_word' id='word_1_482' title='bbox 2896 607 2999 661; x_wconf 91' lang='lat' dir='ltr'>per</span> <span class='ocrx_word' id='word_1_483' title='bbox 3035 590 3403 661; x_wconf 89' lang='lat' dir='ltr'>Scripturam</span> <span class='ocrx_word' id='word_1_484' title='bbox 3446 593 3715 645; x_wconf 89' lang='lat' dir='ltr'>sanctam</span> <span class='ocrx_word' id='word_1_485' title='bbox 3746 590 3850 645; x_wconf 84' lang='lat' dir='ltr'>de-</span> 
     </span>
    </p>
   </div>
   <div class='ocr_carea' id='block_1_65' title="bbox 2198 678 3851 750">
    <p class='ocr_par' dir='ltr' id='par_1_65' title="bbox 2198 678 3851 750">
     <span class='ocr_line' id='line_1_65' title="bbox 2198 678 3851 750; baseline 0.002 -19"><span class='ocrx_word' id='word_1_486' title='bbox 2198 692 2330 731; x_wconf 90' lang='lat' dir='ltr'>mon</span> <span class='ocrx_word' id='word_1_487' title='bbox 2341 682 2666 733; x_wconf 87' lang='lat' dir='ltr'>straturum</span> <span class='ocrx_word' id='word_1_488' title='bbox 2680 694 2809 733; x_wconf 90' lang='lat' dir='ltr'>esse</span> <span class='ocrx_word' id='word_1_489' title='bbox 2822 679 3228 750; x_wconf 88' lang='lat' dir='ltr'>promiseram,</span> <span class='ocrx_word' id='word_1_490' title='bbox 3244 679 3517 733; x_wconf 90' lang='lat' dir='ltr'>eumdem</span> <span class='ocrx_word' id='word_1_491' title='bbox 3530 678 3851 734; x_wconf 88' lang='lat' dir='ltr'>Dominum</span> 
     </span>
    </p>
   </div>
   <div class='ocr_carea' id='block_1_66' title="bbox 2198 765 3852 839">
    <p class='ocr_par' dir='ltr' id='par_1_66' title="bbox 2198 765 3852 839">
     <span class='ocr_line' id='line_1_66' title="bbox 2198 765 3852 839; baseline 0.002 -20"><span class='ocrx_word' id='word_1_492' title='bbox 2198 765 2298 836; x_wconf 89' lang='lat' dir='ltr'>qui</span> <span class='ocrx_word' id='word_1_493' title='bbox 2320 766 2513 822; x_wconf 90' lang='lat' dir='ltr'>dictus</span> <span class='ocrx_word' id='word_1_494' title='bbox 2534 768 2723 823; x_wconf 84' lang='lat' dir='ltr'>fuerat</span> <span class='ocrx_word' id='word_1_495' title='bbox 2752 766 2967 823; x_wconf 90' lang='lat' dir='ltr'>abiisse</span> <span class='ocrx_word' id='word_1_496' title='bbox 2997 771 3061 822; x_wconf 90' lang='lat' dir='ltr'>ut</span> <span class='ocrx_word' id='word_1_497' title='bbox 3089 767 3340 833; x_wconf 88' lang='lat' dir='ltr'>cessavit</span> <span class='ocrx_word' id='word_1_498' title='bbox 3369 766 3530 839; x_wconf 89' lang='lat' dir='ltr'>loqui</span> <span class='ocrx_word' id='word_1_499' title='bbox 3560 767 3632 823; x_wconf 92' lang='lat' dir='ltr'>ad</span> <span class='ocrx_word' id='word_1_500' title='bbox 3663 767 3852 823; x_wconf 87' lang='lat' dir='ltr'>Abra-</span> 
     </span>
    </p>
   </div>
   <div class='ocr_carea' id='block_1_67' title="bbox 2198 853 3849 927">
    <p class='ocr_par' dir='ltr' id='par_1_67' title="bbox 2198 853 3849 927">
     <span class='ocr_line' id='line_1_67' title="bbox 2198 853 3849 927; baseline 0.002 -19"><span class='ocrx_word' id='word_1_501' title='bbox 2198 853 2356 926; x_wconf 91' lang='lat' dir='ltr'>ham,</span> <span class='ocrx_word' id='word_1_502' title='bbox 2379 856 2437 910; x_wconf 85' lang='lat' dir='ltr'>in</span> <span class='ocrx_word' id='word_1_503' title='bbox 2468 855 2585 912; x_wconf 91' lang='lat' dir='ltr'>illis</span> <span class='ocrx_word' id='word_1_504' title='bbox 2602 856 2833 912; x_wconf 89' lang='lat' dir='ltr'>duobus</span> <span class='ocrx_word' id='word_1_505' title='bbox 2852 855 3074 927; x_wconf 86' lang='lat' dir='ltr'>angelis</span> <span class='ocrx_word' id='word_1_506' title='bbox 3096 856 3469 912; x_wconf 86' lang='lat' dir='ltr'>descendisse</span> <span class='ocrx_word' id='word_1_507' title='bbox 3485 856 3543 910; x_wconf 90' lang='lat' dir='ltr'>in</span> <span class='ocrx_word' id='word_1_508' title='bbox 3570 856 3849 924; x_wconf 84' lang='lat' dir='ltr'>Sodoma,</span> 
     </span>
    </p>
   </div>
   <div class='ocr_carea' id='block_1_68' title="bbox 2198 942 3852 1017">
    <p class='ocr_par' dir='ltr' id='par_1_68' title="bbox 2198 942 3852 1017">
     <span class='ocr_line' id='line_1_68' title="bbox 2198 942 3852 1017; baseline 0.002 -20"><span class='ocrx_word' id='word_1_509' title='bbox 2198 942 2352 999; x_wconf 87' lang='lat' dir='ltr'>sicut</span> <span class='ocrx_word' id='word_1_510' title='bbox 2393 944 2640 1009; x_wconf 86' lang='lat' dir='ltr'>dixerat,</span> <span class='ocrx_word' id='word_1_511' title='bbox 2684 949 2743 999; x_wconf 90' lang='lat' dir='ltr'>et</span> <span class='ocrx_word' id='word_1_512' title='bbox 2779 944 2839 999; x_wconf 91' lang='lat' dir='ltr'>in</span> <span class='ocrx_word' id='word_1_513' title='bbox 2879 944 2964 1000; x_wconf 88' lang='lat' dir='ltr'>eis</span> <span class='ocrx_word' id='word_1_514' title='bbox 2994 946 3065 1000; x_wconf 87' lang='lat' dir='ltr'>ab</span> <span class='ocrx_word' id='word_1_515' title='bbox 3107 943 3343 1000; x_wconf 89' lang='lat' dir='ltr'>homine</span> <span class='ocrx_word' id='word_1_516' title='bbox 3375 945 3539 1015; x_wconf 89' lang='lat' dir='ltr'>justo</span> <span class='ocrx_word' id='word_1_517' title='bbox 3579 944 3852 1017; x_wconf 84' lang='lat' dir='ltr'>agnitum</span> 
     </span>
    </p>
   </div>
   <div class='ocr_carea' id='block_1_69' title="bbox 2198 1031 3851 1105">
    <p class='ocr_par' dir='ltr' id='par_1_69' title="bbox 2198 1031 3851 1105">
     <span class='ocr_line' id='line_1_69' title="bbox 2198 1031 3851 1105; baseline 0.002 -20"><span class='ocrx_word' id='word_1_518' title='bbox 2198 1032 2397 1088; x_wconf 82' lang='lat' dir='ltr'>fuisse.</span> <span class='ocrx_word' id='word_1_519' title='bbox 2416 1032 2691 1088; x_wconf 87' lang='lat' dir='ltr'>Exhibuit</span> <span class='ocrx_word' id='word_1_520' title='bbox 2709 1033 2904 1105; x_wconf 88' lang='lat' dir='ltr'>itaque</span> <span class='ocrx_word' id='word_1_521' title='bbox 2920 1031 3375 1105; x_wconf 80' lang='lat' dir='ltr'>hospitalitatem</span> <span class='ocrx_word' id='word_1_522' title='bbox 3397 1033 3692 1105; x_wconf 91' lang='lat' dir='ltr'>quomodo</span> <span class='ocrx_word' id='word_1_523' title='bbox 3715 1049 3851 1089; x_wconf 83' lang='lat' dir='ltr'>san-</span> 
     </span>
    </p>
   </div>
   <div class='ocr_carea' id='block_1_70' title="bbox 2197 1117 3849 1194">
    <p class='ocr_par' dir='ltr' id='par_1_70' title="bbox 2197 1117 3849 1194">
     <span class='ocr_line' id='line_1_70' title="bbox 2197 1117 3849 1194; baseline 0 -17"><span class='ocrx_word' id='word_1_524' title='bbox 2197 1121 2305 1177; x_wconf 90' lang='lat' dir='ltr'>ctis</span> <span class='ocrx_word' id='word_1_525' title='bbox 2330 1121 2670 1177; x_wconf 90' lang='lat' dir='ltr'>hominibus</span> <span class='ocrx_word' id='word_1_526' title='bbox 2699 1121 2823 1189; x_wconf 89' lang='lat' dir='ltr'>Dei,</span> <span class='ocrx_word' id='word_1_527' title='bbox 2854 1122 2915 1177; x_wconf 88' lang='lat' dir='ltr'>in</span> <span class='ocrx_word' id='word_1_528' title='bbox 2947 1121 3161 1193; x_wconf 90' lang='lat' dir='ltr'>quibus</span> <span class='ocrx_word' id='word_1_529' title='bbox 3192 1117 3381 1178; x_wconf 63' lang='lat' dir='ltr'>Deum&#39;</span> <span class='ocrx_word' id='word_1_530' title='bbox 3399 1138 3529 1178; x_wconf 89' lang='lat' dir='ltr'>esse</span> <span class='ocrx_word' id='word_1_531' title='bbox 3557 1120 3849 1194; x_wconf 85' lang='lat' dir='ltr'>cognovit,</span> 
     </span>
    </p>
   </div>
   <div class='ocr_carea' id='block_1_71' title="bbox 2197 1210 3852 1284">
    <p class='ocr_par' dir='ltr' id='par_1_71' title="bbox 2197 1210 3852 1284">
     <span class='ocr_line' id='line_1_71' title="bbox 2197 1210 3852 1284; baseline 0 -18"><span class='ocrx_word' id='word_1_532' title='bbox 2197 1228 2330 1266; x_wconf 90' lang='lat' dir='ltr'>cum</span> <span class='ocrx_word' id='word_1_533' title='bbox 2364 1228 2483 1274; x_wconf 86' lang='lat' dir='ltr'>eos,</span> <span class='ocrx_word' id='word_1_534' title='bbox 2516 1211 2672 1267; x_wconf 90' lang='lat' dir='ltr'>sicut</span> <span class='ocrx_word' id='word_1_535' title='bbox 2712 1212 2888 1266; x_wconf 87' lang='lat' dir='ltr'>etiam</span> <span class='ocrx_word' id='word_1_536' title='bbox 2921 1211 3046 1282; x_wconf 87' lang='lat' dir='ltr'>ipse</span> <span class='ocrx_word' id='word_1_537' title='bbox 3087 1210 3405 1276; x_wconf 86' lang='lat' dir='ltr'>Abraham,</span> <span class='ocrx_word' id='word_1_538' title='bbox 3437 1210 3682 1284; x_wconf 87' lang='lat' dir='ltr'>angelos</span> <span class='ocrx_word' id='word_1_539' title='bbox 3721 1226 3852 1267; x_wconf 88' lang='lat' dir='ltr'>esse</span> 
     </span>
    </p>
   </div>
   <div class='ocr_carea' id='block_1_72' title="bbox 2197 1298 3853 1372">
    <p class='ocr_par' dir='ltr' id='par_1_72' title="bbox 2197 1298 3853 1372">
     <span class='ocr_line' id='line_1_72' title="bbox 2197 1298 3853 1372; baseline -0.002 -15"><span class='ocrx_word' id='word_1_540' title='bbox 2197 1300 2466 1357; x_wconf 87' lang='lat' dir='ltr'>nesciret.</span> <span class='ocrx_word' id='word_1_541' title='bbox 2485 1300 2555 1355; x_wconf 90' lang='lat' dir='ltr'>Hi</span> <span class='ocrx_word' id='word_1_542' title='bbox 2575 1301 2732 1356; x_wconf 90' lang='lat' dir='ltr'>enim</span> <span class='ocrx_word' id='word_1_543' title='bbox 2756 1299 3101 1355; x_wconf 72' lang='lat' dir='ltr'>Patriarchzn</span> <span class='ocrx_word' id='word_1_544' title='bbox 3122 1304 3263 1355; x_wconf 89' lang='lat' dir='ltr'>sunt</span> <span class='ocrx_word' id='word_1_545' title='bbox 3291 1299 3605 1371; x_wconf 82' lang='lat' dir='ltr'>signiﬁcati</span> <span class='ocrx_word' id='word_1_546' title='bbox 3635 1300 3692 1354; x_wconf 91' lang='lat' dir='ltr'>in</span> <span class='ocrx_word' id='word_1_547' title='bbox 3717 1298 3853 1372; x_wconf 88' lang='lat' dir='ltr'>Epi-</span> 
     </span>
    </p>
   </div>
   <div class='ocr_carea' id='block_1_73' title="bbox 2197 1388 3849 1461">
    <p class='ocr_par' dir='ltr' id='par_1_73' title="bbox 2197 1388 3849 1461">
     <span class='ocr_line' id='line_1_73' title="bbox 2197 1388 3849 1461; baseline -0.002 -15"><span class='ocrx_word' id='word_1_548' title='bbox 2197 1389 2346 1447; x_wconf 91' lang='lat' dir='ltr'>stola</span> <span class='ocrx_word' id='word_1_549' title='bbox 2376 1390 2447 1445; x_wconf 91' lang='lat' dir='ltr'>ad</span> <span class='ocrx_word' id='word_1_550' title='bbox 2471 1390 2763 1459; x_wconf 65' lang='lat' dir='ltr'>Hebraeos,</span> <span class='ocrx_word' id='word_1_551' title='bbox 2799 1389 2896 1444; x_wconf 92' lang='lat' dir='ltr'>ubi</span> <span class='ocrx_word' id='word_1_552' title='bbox 2927 1390 2997 1444; x_wconf 89' lang='lat' dir='ltr'>de</span> <span class='ocrx_word' id='word_1_553' title='bbox 3027 1388 3424 1460; x_wconf 84' lang='lat' dir='ltr'>hospitalitate</span> <span class='ocrx_word' id='word_1_554' title='bbox 3454 1389 3702 1461; x_wconf 90' lang='lat' dir='ltr'>loquens</span> <span class='ocrx_word' id='word_1_555' title='bbox 3732 1388 3849 1444; x_wconf 88' lang='lat' dir='ltr'>ait:</span> 
     </span>
    </p>
   </div>
   <div class='ocr_carea' id='block_1_74' title="bbox 2194 1477 3851 1551">
    <p class='ocr_par' dir='ltr' id='par_1_74' title="bbox 2194 1477 3851 1551">
     <span class='ocr_line' id='line_1_74' title="bbox 2194 1477 3851 1551; baseline 0 -17"><span class='ocrx_word' id='word_1_556' title='bbox 2194 1482 2306 1535; x_wconf 89' lang='lat' dir='ltr'>Per</span> <span class='ocrx_word' id='word_1_557' title='bbox 2354 1479 2496 1534; x_wconf 89' lang='lat' dir='ltr'>hanc</span> <span class='ocrx_word' id='word_1_558' title='bbox 2532 1478 2754 1551; x_wconf 82' lang='lat' dir='ltr'>quidam</span> <span class='ocrx_word' id='word_1_559' title='bbox 2783 1479 3103 1547; x_wconf 87' lang='lat' dir='ltr'>nescientes,</span> <span class='ocrx_word' id='word_1_560' title='bbox 3137 1477 3371 1549; x_wconf 89' lang='lat' dir='ltr'>hospitio</span> <span class='ocrx_word' id='word_1_561' title='bbox 3400 1481 3723 1549; x_wconf 86' lang='lat' dir='ltr'>receperunt</span> <span class='ocrx_word' id='word_1_562' title='bbox 3752 1494 3851 1534; x_wconf 83' lang='lat' dir='ltr'>an-</span> 
     </span>
    </p>
   </div>
   <div class='ocr_carea' id='block_1_75' title="bbox 2196 1565 3851 1640">
    <p class='ocr_par' dir='ltr' id='par_1_75' title="bbox 2196 1565 3851 1640">
     <span class='ocr_line' id='line_1_75' title="bbox 2196 1565 3851 1640; baseline -0.001 -16"><span class='ocrx_word' id='word_1_563' title='bbox 2196 1570 2341 1639; x_wconf 90' lang='lat' dir='ltr'>gelos</span> <span class='ocrx_word' id='word_1_564' title='bbox 2367 1569 2545 1640; x_wconf 86' lang='lat' dir='ltr'>(Hebr.</span> <span class='ocrx_word' id='word_1_565' title='bbox 2574 1585 2699 1635; x_wconf 87' lang='lat' dir='ltr'>xm,</span> <span class='ocrx_word' id='word_1_566' title='bbox 2726 1568 2804 1639; x_wconf 86' lang='lat'>2).</span> <span class='ocrx_word' id='word_1_567' title='bbox 2828 1565 3093 1638; x_wconf 84' lang='lat' dir='ltr'>Receptis</span> <span class='ocrx_word' id='word_1_568' title='bbox 3124 1583 3260 1638; x_wconf 91' lang='lat' dir='ltr'>ergo</span> <span class='ocrx_word' id='word_1_569' title='bbox 3280 1567 3365 1635; x_wconf 84' lang='lat' dir='ltr'>eis</span> <span class='ocrx_word' id='word_1_570' title='bbox 3388 1566 3554 1634; x_wconf 90' lang='lat' dir='ltr'>Loth,</span> <span class='ocrx_word' id='word_1_571' title='bbox 3578 1566 3851 1623; x_wconf 82' lang='lat' dir='ltr'>nesciens</span> 
     </span>
    </p>
   </div>
   <div class='ocr_carea' id='block_1_76' title="bbox 2198 1655 3852 1731">
    <p class='ocr_par' dir='ltr' id='par_1_76' title="bbox 2198 1655 3852 1731">
     <span class='ocr_line' id='line_1_76' title="bbox 2198 1655 3852 1731; baseline -0.001 -17"><span class='ocrx_word' id='word_1_572' title='bbox 2198 1660 2351 1731; x_wconf 91' lang='lat' dir='ltr'>quod</span> <span class='ocrx_word' id='word_1_573' title='bbox 2378 1657 2568 1730; x_wconf 89' lang='lat' dir='ltr'>angeli</span> <span class='ocrx_word' id='word_1_574' title='bbox 2593 1661 2809 1726; x_wconf 88' lang='lat' dir='ltr'>essent,</span> <span class='ocrx_word' id='word_1_575' title='bbox 2828 1672 3184 1727; x_wconf 80' lang='lat' dir='ltr'>cngnoscens</span> <span class='ocrx_word' id='word_1_576' title='bbox 3200 1661 3397 1712; x_wconf 87' lang='lat' dir='ltr'>tamen</span> <span class='ocrx_word' id='word_1_577' title='bbox 3421 1656 3575 1711; x_wconf 89' lang='lat' dir='ltr'>sicut</span> <span class='ocrx_word' id='word_1_578' title='bbox 3597 1655 3725 1728; x_wconf 89' lang='lat' dir='ltr'>ipso</span> <span class='ocrx_word' id='word_1_579' title='bbox 3748 1660 3852 1712; x_wconf 87' lang='lat' dir='ltr'>Do-</span> 
     </span>
    </p>
   </div>
   <div class='ocr_carea' id='block_1_77' title="bbox 2198 1743 3853 1818">
    <p class='ocr_par' dir='ltr' id='par_1_77' title="bbox 2198 1743 3853 1818">
     <span class='ocr_line' id='line_1_77' title="bbox 2198 1743 3853 1818; baseline -0.002 -15"><span class='ocrx_word' id='word_1_580' title='bbox 2198 1748 2358 1804; x_wconf 89' lang='lat' dir='ltr'>mino</span> <span class='ocrx_word' id='word_1_581' title='bbox 2389 1748 2831 1803; x_wconf 87' lang='lat' dir='ltr'>demonstrante</span> <span class='ocrx_word' id='word_1_582' title='bbox 2862 1761 3214 1818; x_wconf 84' lang='lat' dir='ltr'>cognoscere</span> <span class='ocrx_word' id='word_1_583' title='bbox 3253 1744 3462 1817; x_wconf 91' lang='lat' dir='ltr'>potuit,</span> <span class='ocrx_word' id='word_1_584' title='bbox 3494 1744 3630 1816; x_wconf 90' lang='lat' dir='ltr'>quis</span> <span class='ocrx_word' id='word_1_585' title='bbox 3672 1743 3733 1799; x_wconf 89' lang='lat' dir='ltr'>in</span> <span class='ocrx_word' id='word_1_586' title='bbox 3765 1744 3853 1801; x_wconf 85' lang='lat' dir='ltr'>eis</span> 
     </span>
    </p>
   </div>
   <div class='ocr_carea' id='block_1_78' title="bbox 2196 1832 3851 1907">
    <p class='ocr_par' dir='ltr' id='par_1_78' title="bbox 2196 1832 3851 1907">
     <span class='ocr_line' id='line_1_78' title="bbox 2196 1832 3851 1907; baseline -0.002 -13"><span class='ocrx_word' id='word_1_587' title='bbox 2196 1842 2372 1903; x_wconf 88' lang='lat' dir='ltr'>esset,</span> <span class='ocrx_word' id='word_1_588' title='bbox 2396 1841 2462 1891; x_wconf 90' lang='lat' dir='ltr'>ut</span> <span class='ocrx_word' id='word_1_589' title='bbox 2485 1852 2553 1891; x_wconf 92' lang='lat' dir='ltr'>ea</span> <span class='ocrx_word' id='word_1_590' title='bbox 2568 1852 2696 1907; x_wconf 67' lang='lat' dir='ltr'>quae</span> <span class='ocrx_word' id='word_1_591' title='bbox 2713 1837 2933 1891; x_wconf 89' lang='lat' dir='ltr'>interea</span> <span class='ocrx_word' id='word_1_592' title='bbox 2952 1836 3105 1891; x_wconf 88' lang='lat' dir='ltr'>facta</span> <span class='ocrx_word' id='word_1_593' title='bbox 3121 1840 3260 1891; x_wconf 89' lang='lat' dir='ltr'>sunt</span> <span class='ocrx_word' id='word_1_594' title='bbox 3279 1839 3525 1901; x_wconf 87' lang='lat' dir='ltr'>taceam,</span> <span class='ocrx_word' id='word_1_595' title='bbox 3548 1832 3851 1900; x_wconf 87' lang='lat' dir='ltr'>exiit,cum</span> 
     </span>
    </p>
   </div>
   <div class='ocr_carea' id='block_1_79' title="bbox 2197 1921 3851 1995">
    <p class='ocr_par' dir='ltr' id='par_1_79' title="bbox 2197 1921 3851 1995">
     <span class='ocr_line' id='line_1_79' title="bbox 2197 1921 3851 1995; baseline -0.004 -12"><span class='ocrx_word' id='word_1_596' title='bbox 2197 1928 2282 1983; x_wconf 92' lang='lat' dir='ltr'>eis</span> <span class='ocrx_word' id='word_1_597' title='bbox 2313 1928 2384 1981; x_wconf 91' lang='lat' dir='ltr'>de</span> <span class='ocrx_word' id='word_1_598' title='bbox 2414 1924 2709 1980; x_wconf 88' lang='lat' dir='ltr'>Sodomis:</span> <span class='ocrx_word' id='word_1_599' title='bbox 2756 1925 2911 1995; x_wconf 91' lang='lat' dir='ltr'>quod</span> <span class='ocrx_word' id='word_1_600' title='bbox 2944 1927 3258 1995; x_wconf 90' lang='lat' dir='ltr'>antequam</span> <span class='ocrx_word' id='word_1_601' title='bbox 3290 1923 3474 1989; x_wconf 80' lang='lat' dir='ltr'>fieret,</span> <span class='ocrx_word' id='word_1_602' title='bbox 3507 1922 3660 1977; x_wconf 88' lang='lat' dir='ltr'>sicut</span> <span class='ocrx_word' id='word_1_603' title='bbox 3689 1921 3851 1978; x_wconf 87' lang='lat' dir='ltr'>Scri-</span> 
     </span>
    </p>
   </div>
   <div class='ocr_carea' id='block_1_80' title="bbox 2196 2010 3854 2088">
    <p class='ocr_par' dir='ltr' id='par_1_80' title="bbox 2196 2010 3854 2088">
     <span class='ocr_line' id='line_1_80' title="bbox 2196 2010 3854 2088; baseline -0.002 -19"><span class='ocrx_word' id='word_1_604' title='bbox 2196 2020 2369 2088; x_wconf 88' lang='lat' dir='ltr'>ptura</span> <span class='ocrx_word' id='word_1_605' title='bbox 2398 2014 2675 2085; x_wconf 80' lang='lat' dir='ltr'>loquitur,</span> <span class='ocrx_word' id='word_1_606' title='bbox 2721 2013 2986 2068; x_wconf 73' lang='lat' dir='ltr'>dixerunt</span> <span class='ocrx_word' id='word_1_607' title='bbox 3014 2013 3127 2068; x_wconf 89' lang='lat' dir='ltr'>viri</span> <span class='ocrx_word' id='word_1_608' title='bbox 3148 2013 3227 2068; x_wconf 87' lang='lat' dir='ltr'>ad</span> <span class='ocrx_word' id='word_1_609' title='bbox 3250 2013 3383 2067; x_wconf 87' lang='lat' dir='ltr'>Loth</span> <span class='ocrx_word' id='word_1_610' title='bbox 3405 2030 3424 2066; x_wconf 90' lang='lat'>:</span> <span class='ocrx_word' id='word_1_611' title='bbox 3466 2019 3595 2066; x_wconf 85' lang='lat' dir='ltr'>sunt</span> <span class='ocrx_word' id='word_1_612' title='bbox 3623 2010 3733 2067; x_wconf 90' lang='lat' dir='ltr'>tibi</span> <span class='ocrx_word' id='word_1_613' title='bbox 3763 2011 3854 2066; x_wconf 87' lang='lat' dir='ltr'>hic</span> 
     </span>
    </p>
   </div>
   <div class='ocr_carea' id='block_1_81' title="bbox 2195 2100 3852 2176">
    <p class='ocr_par' dir='ltr' id='par_1_81' title="bbox 2195 2100 3852 2176">
     <span class='ocr_line' id='line_1_81' title="bbox 2195 2100 3852 2176; baseline -0.004 -16"><span class='ocrx_word' id='word_1_614' title='bbox 2195 2105 2405 2176; x_wconf 87' lang='lat' dir='ltr'>generi,</span> <span class='ocrx_word' id='word_1_615' title='bbox 2427 2112 2524 2159; x_wconf 87' lang='lat' dir='ltr'>aut</span> <span class='ocrx_word' id='word_1_616' title='bbox 2552 2103 2682 2174; x_wconf 82' lang='lat' dir='ltr'>ﬁlii,</span> <span class='ocrx_word' id='word_1_617' title='bbox 2714 2106 2813 2157; x_wconf 87' lang='lat' dir='ltr'>aut</span> <span class='ocrx_word' id='word_1_618' title='bbox 2836 2101 3005 2171; x_wconf 74' lang='lat' dir='ltr'>ﬁliae?</span> <span class='ocrx_word' id='word_1_619' title='bbox 3031 2111 3128 2157; x_wconf 88' lang='lat' dir='ltr'>aut</span> <span class='ocrx_word' id='word_1_620' title='bbox 3148 2103 3198 2156; x_wconf 91' lang='lat' dir='ltr'>si</span> <span class='ocrx_word' id='word_1_621' title='bbox 3223 2102 3350 2173; x_wconf 81' lang='lat' dir='ltr'>quis</span> <span class='ocrx_word' id='word_1_622' title='bbox 3380 2101 3490 2157; x_wconf 90' lang='lat' dir='ltr'>tibi</span> <span class='ocrx_word' id='word_1_623' title='bbox 3516 2100 3671 2156; x_wconf 88' lang='lat' dir='ltr'>alius</span> <span class='ocrx_word' id='word_1_624' title='bbox 3689 2102 3772 2156; x_wconf 88' lang='lat' dir='ltr'>est</span> <span class='ocrx_word' id='word_1_625' title='bbox 3790 2100 3852 2155; x_wconf 88' lang='lat' dir='ltr'>in</span> 
     </span>
    </p>
   </div>
   <div class='ocr_carea' id='block_1_82' title="bbox 2195 2189 3851 2263">
    <p class='ocr_par' dir='ltr' id='par_1_82' title="bbox 2195 2189 3851 2263">
     <span class='ocr_line' id='line_1_82' title="bbox 2195 2189 3851 2263; baseline -0.003 -14"><span class='ocrx_word' id='word_1_626' title='bbox 2195 2195 2445 2259; x_wconf 79' lang='lat' dir='ltr'>civitate,</span> <span class='ocrx_word' id='word_1_627' title='bbox 2478 2191 2610 2248; x_wconf 87' lang='lat' dir='ltr'>educ</span> <span class='ocrx_word' id='word_1_628' title='bbox 2638 2191 2705 2246; x_wconf 85' lang='lat' dir='ltr'>de</span> <span class='ocrx_word' id='word_1_629' title='bbox 2746 2191 2861 2246; x_wconf 90' lang='lat' dir='ltr'>loco</span> <span class='ocrx_word' id='word_1_630' title='bbox 2896 2191 2994 2247; x_wconf 87' lang='lat' dir='ltr'>hoc</span> <span class='ocrx_word' id='word_1_631' title='bbox 3014 2209 3033 2245; x_wconf 89' lang='lat'>:</span> <span class='ocrx_word' id='word_1_632' title='bbox 3063 2192 3329 2263; x_wconf 87' lang='lat' dir='ltr'>quoniam</span> <span class='ocrx_word' id='word_1_633' title='bbox 3368 2189 3655 2263; x_wconf 78' lang='lat' dir='ltr'>perdimus</span> <span class='ocrx_word' id='word_1_634' title='bbox 3686 2192 3703 2226; x_wconf 73' lang='grc'>⁸</span> <span class='ocrx_word' id='word_1_635' title='bbox 3750 2205 3851 2245; x_wconf 81' lang='lat' dir='ltr'>nos</span> 
     </span>
    </p>
   </div>
   <div class='ocr_carea' id='block_1_83' title="bbox 2197 2280 3848 2353">
    <p class='ocr_par' dir='ltr' id='par_1_83' title="bbox 2197 2280 3848 2353">
     <span class='ocr_line' id='line_1_83' title="bbox 2197 2280 3848 2353; baseline -0.002 -15"><span class='ocrx_word' id='word_1_636' title='bbox 2197 2284 2373 2339; x_wconf 88' lang='lat' dir='ltr'>locum</span> <span class='ocrx_word' id='word_1_637' title='bbox 2392 2284 2566 2343; x_wconf 85' lang='lat' dir='ltr'>hunc;</span> <span class='ocrx_word' id='word_1_638' title='bbox 2588 2282 2719 2353; x_wconf 89' lang='lat' dir='ltr'>quia</span> <span class='ocrx_word' id='word_1_639' title='bbox 2738 2281 3014 2336; x_wconf 72' lang='lat' dir='ltr'>exaltatus</span> <span class='ocrx_word' id='word_1_640' title='bbox 3043 2284 3122 2336; x_wconf 86' lang='lat' dir='ltr'>est</span> <span class='ocrx_word' id='word_1_641' title='bbox 3141 2280 3350 2336; x_wconf 88' lang='lat' dir='ltr'>clamor</span> <span class='ocrx_word' id='word_1_642' title='bbox 3378 2296 3568 2335; x_wconf 88' lang='lat' dir='ltr'>eorum</span> <span class='ocrx_word' id='word_1_643' title='bbox 3595 2283 3724 2335; x_wconf 82' lang='lat' dir='ltr'>ante</span> <span class='ocrx_word' id='word_1_644' title='bbox 3745 2280 3848 2335; x_wconf 88' lang='lat' dir='ltr'>Do-</span> 
     </span>
    </p>
   </div>
   <div class='ocr_carea' id='block_1_84' title="bbox 2194 2368 3849 2441">
    <p class='ocr_par' dir='ltr' id='par_1_84' title="bbox 2194 2368 3849 2441">
     <span class='ocr_line' id='line_1_84' title="bbox 2194 2368 3849 2441; baseline -0.003 -13"><span class='ocrx_word' id='word_1_645' title='bbox 2194 2376 2430 2441; x_wconf 87' lang='lat' dir='ltr'>minum,</span> <span class='ocrx_word' id='word_1_646' title='bbox 2458 2380 2510 2427; x_wconf 87' lang='lat' dir='ltr'>et</span> <span class='ocrx_word' id='word_1_647' title='bbox 2528 2371 2679 2426; x_wconf 84' lang='lat' dir='ltr'>misit</span> <span class='ocrx_word' id='word_1_648' title='bbox 2701 2387 2800 2426; x_wconf 84' lang='lat' dir='ltr'>nos</span> <span class='ocrx_word' id='word_1_649' title='bbox 2834 2372 3096 2427; x_wconf 87' lang='lat' dir='ltr'>Dominus</span> <span class='ocrx_word' id='word_1_650' title='bbox 3118 2377 3393 2425; x_wconf 75' lang='lat' dir='ltr'>conterere</span> <span class='ocrx_word' id='word_1_651' title='bbox 3418 2384 3563 2424; x_wconf 89' lang='lat' dir='ltr'>eum.</span> <span class='ocrx_word' id='word_1_652' title='bbox 3585 2372 3726 2423; x_wconf 85' lang='lat' dir='ltr'>Ecce</span> <span class='ocrx_word' id='word_1_653' title='bbox 3748 2368 3849 2424; x_wconf 89' lang='lat' dir='ltr'>ubi</span> 
     </span>
    </p>
   </div>
   <div class='ocr_carea' id='block_1_85' title="bbox 2197 2455 3850 2535">
    <p class='ocr_par' dir='ltr' id='par_1_85' title="bbox 2197 2455 3850 2535">
     <span class='ocr_line' id='line_1_85' title="bbox 2197 2455 3850 2535; baseline -0.004 -17"><span class='ocrx_word' id='word_1_654' title='bbox 2197 2466 2438 2535; x_wconf 89' lang='lat' dir='ltr'>apparet</span> <span class='ocrx_word' id='word_1_655' title='bbox 2470 2459 2610 2515; x_wconf 92' lang='lat' dir='ltr'>illud</span> <span class='ocrx_word' id='word_1_656' title='bbox 2632 2458 2967 2514; x_wconf 89' lang='lat' dir='ltr'>incendium</span> <span class='ocrx_word' id='word_1_657' title='bbox 2986 2459 3365 2514; x_wconf 88' lang='lat' dir='ltr'>Sodomorum</span> <span class='ocrx_word' id='word_1_658' title='bbox 3389 2473 3492 2529; x_wconf 90' lang='lat' dir='ltr'>per</span> <span class='ocrx_word' id='word_1_659' title='bbox 3508 2455 3750 2529; x_wconf 86' lang='lat' dir='ltr'>angelos</span> <span class='ocrx_word' id='word_1_660' title='bbox 3768 2456 3850 2512; x_wconf 83' lang='lat' dir='ltr'>fa-</span> 
     </span>
    </p>
   </div>
   <div class='ocr_carea' id='block_1_86' title="bbox 2197 2545 3851 2621">
    <p class='ocr_par' dir='ltr' id='par_1_86' title="bbox 2197 2545 3851 2621">
     <span class='ocr_line' id='line_1_86' title="bbox 2197 2545 3851 2621; baseline -0.002 -15"><span class='ocrx_word' id='word_1_661' title='bbox 2197 2556 2379 2617; x_wconf 90' lang='lat' dir='ltr'>ctum,</span> <span class='ocrx_word' id='word_1_662' title='bbox 2408 2566 2556 2621; x_wconf 91' lang='lat' dir='ltr'>quos</span> <span class='ocrx_word' id='word_1_663' title='bbox 2589 2548 2752 2603; x_wconf 90' lang='lat' dir='ltr'>misit</span> <span class='ocrx_word' id='word_1_664' title='bbox 2768 2547 3081 2614; x_wconf 89' lang='lat' dir='ltr'>Dominus;</span> <span class='ocrx_word' id='word_1_665' title='bbox 3104 2546 3163 2601; x_wconf 90' lang='lat' dir='ltr'>in</span> <span class='ocrx_word' id='word_1_666' title='bbox 3182 2545 3399 2618; x_wconf 84' lang='lat' dir='ltr'>quibus</span> <span class='ocrx_word' id='word_1_667' title='bbox 3423 2550 3618 2601; x_wconf 87' lang='lat' dir='ltr'>tamen</span> <span class='ocrx_word' id='word_1_668' title='bbox 3638 2550 3697 2600; x_wconf 90' lang='lat' dir='ltr'>et</span> <span class='ocrx_word' id='word_1_669' title='bbox 3724 2546 3851 2617; x_wconf 88' lang='lat' dir='ltr'>ipse</span> 
     </span>
    </p>
   </div>
   <div class='ocr_carea' id='block_1_87' title="bbox 2196 2633 3846 2710">
    <p class='ocr_par' dir='ltr' id='par_1_87' title="bbox 2196 2633 3846 2710">
     <span class='ocr_line' id='line_1_87' title="bbox 2196 2633 3846 2710; baseline -0.004 -14"><span class='ocrx_word' id='word_1_670' title='bbox 2196 2644 2351 2696; x_wconf 87' lang='lat' dir='ltr'>erat:</span> <span class='ocrx_word' id='word_1_671' title='bbox 2386 2655 2575 2710; x_wconf 90' lang='lat' dir='ltr'>neque</span> <span class='ocrx_word' id='word_1_672' title='bbox 2604 2638 2760 2692; x_wconf 90' lang='lat' dir='ltr'>enim</span> <span class='ocrx_word' id='word_1_673' title='bbox 2783 2636 2867 2692; x_wconf 90' lang='lat' dir='ltr'>sic</span> <span class='ocrx_word' id='word_1_674' title='bbox 2901 2636 3079 2691; x_wconf 88' lang='lat' dir='ltr'>mittit</span> <span class='ocrx_word' id='word_1_675' title='bbox 3098 2652 3258 2702; x_wconf 89' lang='lat' dir='ltr'>suos,</span> <span class='ocrx_word' id='word_1_676' title='bbox 3287 2640 3349 2690; x_wconf 88' lang='lat' dir='ltr'>ut</span> <span class='ocrx_word' id='word_1_677' title='bbox 3371 2636 3604 2690; x_wconf 85' lang='lat' dir='ltr'>recedat</span> <span class='ocrx_word' id='word_1_678' title='bbox 3632 2635 3705 2690; x_wconf 89' lang='lat' dir='ltr'>ab</span> <span class='ocrx_word' id='word_1_679' title='bbox 3739 2633 3846 2691; x_wconf 86' lang='lat' dir='ltr'>eis.</span> 
     </span>
    </p>
   </div>
   <div class='ocr_carea' id='block_1_88' title="bbox 2197 2723 3848 2798">
    <p class='ocr_par' dir='ltr' id='par_1_88' title="bbox 2197 2723 3848 2798">
     <span class='ocr_line' id='line_1_88' title="bbox 2197 2723 3848 2798; baseline -0.002 -14"><span class='ocrx_word' id='word_1_680' title='bbox 2197 2730 2258 2784; x_wconf 91' lang='lat' dir='ltr'>In</span> <span class='ocrx_word' id='word_1_681' title='bbox 2287 2728 2373 2783; x_wconf 90' lang='lat' dir='ltr'>eis</span> <span class='ocrx_word' id='word_1_682' title='bbox 2396 2744 2532 2798; x_wconf 90' lang='lat' dir='ltr'>ergo</span> <span class='ocrx_word' id='word_1_683' title='bbox 2562 2726 2863 2782; x_wconf 89' lang='lat' dir='ltr'>descendit</span> <span class='ocrx_word' id='word_1_684' title='bbox 2891 2725 2949 2781; x_wconf 91' lang='lat' dir='ltr'>in</span> <span class='ocrx_word' id='word_1_685' title='bbox 2969 2725 3241 2792; x_wconf 91' lang='lat' dir='ltr'>Sodoma,</span> <span class='ocrx_word' id='word_1_686' title='bbox 3268 2724 3423 2795; x_wconf 89' lang='lat' dir='ltr'>quod</span> <span class='ocrx_word' id='word_1_687' title='bbox 3455 2740 3518 2779; x_wconf 89' lang='lat' dir='ltr'>se</span> <span class='ocrx_word' id='word_1_688' title='bbox 3548 2723 3848 2780; x_wconf 89' lang='lat' dir='ltr'>facturum</span> 
     </span>
    </p>
   </div>
   <div class='ocr_carea' id='block_1_89' title="bbox 2196 2811 3844 2889">
    <p class='ocr_par' dir='ltr' id='par_1_89' title="bbox 2196 2811 3844 2889">
     <span class='ocr_line' id='line_1_89' title="bbox 2196 2811 3844 2889; baseline -0.002 -15"><span class='ocrx_word' id='word_1_689' title='bbox 2196 2833 2324 2874; x_wconf 90' lang='lat' dir='ltr'>esse</span> <span class='ocrx_word' id='word_1_690' title='bbox 2357 2816 2718 2889; x_wconf 71' lang='lat' dir='ltr'>praedixerat,</span> <span class='ocrx_word' id='word_1_691' title='bbox 2738 2814 2974 2886; x_wconf 89' lang='lat' dir='ltr'>quando</span> <span class='ocrx_word' id='word_1_692' title='bbox 2994 2830 3127 2868; x_wconf 91' lang='lat' dir='ltr'>cum</span> <span class='ocrx_word' id='word_1_693' title='bbox 3148 2812 3437 2869; x_wconf 84' lang='lat' dir='ltr'>Abraham</span> <span class='ocrx_word' id='word_1_694' title='bbox 3465 2811 3844 2884; x_wconf 86' lang='lat' dir='ltr'>loquebatur:</span> 
     </span>
    </p>
   </div>
   <div class='ocr_carea' id='block_1_90' title="bbox 2195 2900 3847 2978">
    <p class='ocr_par' dir='ltr' id='par_1_90' title="bbox 2195 2900 3847 2978">
     <span class='ocr_line' id='line_1_90' title="bbox 2195 2900 3847 2978; baseline -0.004 -16"><span class='ocrx_word' id='word_1_695' title='bbox 2195 2906 2348 2978; x_wconf 91' lang='lat' dir='ltr'>quod</span> <span class='ocrx_word' id='word_1_696' title='bbox 2372 2910 2753 2978; x_wconf 87' lang='lat' dir='ltr'>posteaquam</span> <span class='ocrx_word' id='word_1_697' title='bbox 2775 2903 2927 2969; x_wconf 87' lang='lat' dir='ltr'>fecit,</span> <span class='ocrx_word' id='word_1_698' title='bbox 2948 2902 3162 2958; x_wconf 87' lang='lat' dir='ltr'>abiisse</span> <span class='ocrx_word' id='word_1_699' title='bbox 3184 2901 3307 2971; x_wconf 83' lang='lat' dir='ltr'>ipse</span> <span class='ocrx_word' id='word_1_700' title='bbox 3325 2900 3520 2957; x_wconf 85' lang='lat' dir='ltr'>dictus</span> <span class='ocrx_word' id='word_1_701' title='bbox 3536 2905 3644 2972; x_wconf 89' lang='lat' dir='ltr'>est,</span> <span class='ocrx_word' id='word_1_702' title='bbox 3666 2908 3727 2957; x_wconf 91' lang='lat' dir='ltr'>et</span> <span class='ocrx_word' id='word_1_703' title='bbox 3743 2918 3847 2956; x_wconf 82' lang='lat' dir='ltr'>an-</span> 
     </span>
    </p>
   </div>
   <div class='ocr_carea' id='block_1_91' title="bbox 2194 2989 3847 3069">
    <p class='ocr_par' dir='ltr' id='par_1_91' title="bbox 2194 2989 3847 3069">
     <span class='ocr_line' id='line_1_91' title="bbox 2194 2989 3847 3069; baseline -0.004 -17"><span class='ocrx_word' id='word_1_704' title='bbox 2194 2995 2307 3069; x_wconf 86' lang='lat' dir='ltr'>geli</span> <span class='ocrx_word' id='word_1_705' title='bbox 2339 2993 2566 3050; x_wconf 90' lang='lat' dir='ltr'>venisse</span> <span class='ocrx_word' id='word_1_706' title='bbox 2595 2995 2653 3049; x_wconf 90' lang='lat' dir='ltr'>in</span> <span class='ocrx_word' id='word_1_707' title='bbox 2675 2992 2928 3048; x_wconf 88' lang='lat' dir='ltr'>Sodoma</span> <span class='ocrx_word' id='word_1_708' title='bbox 2959 2992 3026 3047; x_wconf 90' lang='lat' dir='ltr'>ad</span> <span class='ocrx_word' id='word_1_709' title='bbox 3060 3006 3382 3064; x_wconf 89' lang='lat' dir='ltr'>vesperam.</span> <span class='ocrx_word' id='word_1_710' title='bbox 3416 2989 3636 3047; x_wconf 90' lang='lat' dir='ltr'>Deinde</span> <span class='ocrx_word' id='word_1_711' title='bbox 3671 2989 3847 3062; x_wconf 88' lang='lat' dir='ltr'>paulo</span> 
     </span>
    </p>
   </div>
   <div class='ocr_carea' id='block_1_92' title="bbox 2196 3077 3849 3158">
    <p class='ocr_par' dir='ltr' id='par_1_92' title="bbox 2196 3077 3849 3158">
     <span class='ocr_line' id='line_1_92' title="bbox 2196 3077 3849 3158; baseline -0.004 -17"><span class='ocrx_word' id='word_1_712' title='bbox 2196 3089 2345 3158; x_wconf 78' lang='lat' dir='ltr'>post.</span> <span class='ocrx_word' id='word_1_713' title='bbox 2380 3100 2512 3139; x_wconf 89' lang='lat' dir='ltr'>mox</span> <span class='ocrx_word' id='word_1_714' title='bbox 2551 3086 2615 3138; x_wconf 93' lang='lat' dir='ltr'>ut</span> <span class='ocrx_word' id='word_1_715' title='bbox 2644 3082 2971 3138; x_wconf 85' lang='lat' dir='ltr'>eduxerunt</span> <span class='ocrx_word' id='word_1_716' title='bbox 3018 3079 3185 3135; x_wconf 90' lang='lat' dir='ltr'>illum</span> <span class='ocrx_word' id='word_1_717' title='bbox 3237 3077 3413 3145; x_wconf 62' lang='lat' dir='ltr'>foras,</span> <span class='ocrx_word' id='word_1_718' title='bbox 3461 3083 3518 3135; x_wconf 92' lang='lat' dir='ltr'>et</span> <span class='ocrx_word' id='word_1_719' title='bbox 3548 3078 3849 3147; x_wconf 88' lang='lat' dir='ltr'>dixerunt,</span> 
     </span>
    </p>
   </div>
   <div class='ocr_carea' id='block_1_93' title="bbox 2194 3168 3848 3242">
    <p class='ocr_par' dir='ltr' id='par_1_93' title="bbox 2194 3168 3848 3242">
     <span class='ocr_line' id='line_1_93' title="bbox 2194 3168 3848 3242; baseline -0.004 -13"><span class='ocrx_word' id='word_1_720' title='bbox 2194 3174 2348 3230; x_wconf 86' lang='lat' dir='ltr'>sicut</span> <span class='ocrx_word' id='word_1_721' title='bbox 2377 3173 2578 3228; x_wconf 91' lang='lat' dir='ltr'>eadem</span> <span class='ocrx_word' id='word_1_722' title='bbox 2609 3170 2909 3242; x_wconf 90' lang='lat' dir='ltr'>Scriptura</span> <span class='ocrx_word' id='word_1_723' title='bbox 2957 3173 3173 3239; x_wconf 88' lang='lat' dir='ltr'>narrat,</span> <span class='ocrx_word' id='word_1_724' title='bbox 3205 3168 3432 3223; x_wconf 87' lang='lat' dir='ltr'>Salvam</span> <span class='ocrx_word' id='word_1_725' title='bbox 3458 3169 3548 3241; x_wconf 76' lang='lat' dir='ltr'>[ac</span> <span class='ocrx_word' id='word_1_726' title='bbox 3597 3168 3848 3223; x_wconf 85' lang='lat' dir='ltr'>animam</span> 
     </span>
    </p>
   </div>
   <div class='ocr_carea' id='block_1_94' title="bbox 2193 3258 3850 3333">
    <p class='ocr_par' dir='ltr' id='par_1_94' title="bbox 2193 3258 3850 3333">
     <span class='ocr_line' id='line_1_94' title="bbox 2193 3258 3850 3333; baseline -0.004 -15"><span class='ocrx_word' id='word_1_727' title='bbox 2193 3267 2339 3319; x_wconf 88' lang='lat' dir='ltr'>tuam</span> <span class='ocrx_word' id='word_1_728' title='bbox 2353 3279 2374 3325; x_wconf 85' lang='lat'><strong><em>;</em></strong></span> <span class='ocrx_word' id='word_1_729' title='bbox 2394 3278 2463 3317; x_wconf 88' lang='lat' dir='ltr'>ne</span> <span class='ocrx_word' id='word_1_730' title='bbox 2477 3261 2779 3333; x_wconf 74' lang='lat' dir='ltr'>respexeris</span> <span class='ocrx_word' id='word_1_731' title='bbox 2793 3265 2965 3321; x_wconf 86' lang='lat' dir='ltr'>retro,</span> <span class='ocrx_word' id='word_1_732' title='bbox 2982 3274 3081 3314; x_wconf 89' lang='lat' dir='ltr'>nec</span> <span class='ocrx_word' id='word_1_733' title='bbox 3094 3258 3305 3314; x_wconf 85' lang='lat' dir='ltr'>steteris</span> <span class='ocrx_word' id='word_1_734' title='bbox 3322 3259 3381 3312; x_wconf 89' lang='lat' dir='ltr'>in</span> <span class='ocrx_word' id='word_1_735' title='bbox 3400 3262 3509 3312; x_wconf 85' lang='lat' dir='ltr'>tota</span> <span class='ocrx_word' id='word_1_736' title='bbox 3523 3258 3773 3328; x_wconf 80' lang='lat' dir='ltr'>regione;</span> <span class='ocrx_word' id='word_1_737' title='bbox 3788 3258 3850 3311; x_wconf 86' lang='lat' dir='ltr'>in</span> 
     </span>
    </p>
   </div>
   <div class='ocr_carea' id='block_1_95' title="bbox 2191 3344 3851 3419">
    <p class='ocr_par' dir='ltr' id='par_1_95' title="bbox 2191 3344 3851 3419">
     <span class='ocr_line' id='line_1_95' title="bbox 2191 3344 3851 3419; baseline -0.004 -12"><span class='ocrx_word' id='word_1_738' title='bbox 2191 3362 2375 3408; x_wconf 88' lang='lat' dir='ltr'>monte</span> <span class='ocrx_word' id='word_1_739' title='bbox 2402 3351 2615 3405; x_wconf 86' lang='lat' dir='ltr'>salvum</span> <span class='ocrx_word' id='word_1_740' title='bbox 2642 3357 2693 3404; x_wconf 89' lang='lat' dir='ltr'>te</span> <span class='ocrx_word' id='word_1_741' title='bbox 2722 3350 2830 3419; x_wconf 80' lang='lat' dir='ltr'>fac,</span> <span class='ocrx_word' id='word_1_742' title='bbox 2848 3346 3133 3419; x_wconf 85' lang='lat' dir='ltr'>nequando</span> <span class='ocrx_word' id='word_1_743' title='bbox 3155 3346 3636 3418; x_wconf 84' lang='lat' dir='ltr'>comprehendaris</span> <span class='ocrx_word' id='word_1_744' title='bbox 3656 3362 3678 3399; x_wconf 87' lang='lat'>:</span> <span class='ocrx_word' id='word_1_745' title='bbox 3701 3344 3851 3401; x_wconf 85' lang='lat' dir='ltr'>dixit</span> 
     </span>
    </p>
   </div>
   <div class='ocr_carea' id='block_1_96' title="bbox 2194 3436 3849 3507">
    <p class='ocr_par' dir='ltr' id='par_1_96' title="bbox 2194 3436 3849 3507">
     <span class='ocr_line' id='line_1_96' title="bbox 2194 3436 3849 3507; baseline -0.004 -11"><span class='ocrx_word' id='word_1_746' title='bbox 2194 3440 2338 3496; x_wconf 93' lang='lat' dir='ltr'>Loth</span> <span class='ocrx_word' id='word_1_747' title='bbox 2373 3442 2443 3495; x_wconf 84' lang='lat' dir='ltr'>ad</span> <span class='ocrx_word' id='word_1_748' title='bbox 2475 3438 2626 3505; x_wconf 91' lang='lat' dir='ltr'>illos,</span> <span class='ocrx_word' id='word_1_749' title='bbox 2677 3437 2800 3503; x_wconf 89' lang='lat' dir='ltr'>0ro,</span> <span class='ocrx_word' id='word_1_750' title='bbox 2830 3438 3079 3504; x_wconf 89' lang='lat' dir='ltr'>Domine,</span> <span class='ocrx_word' id='word_1_751' title='bbox 3128 3438 3262 3507; x_wconf 87' lang='lat' dir='ltr'>quia</span> <span class='ocrx_word' id='word_1_752' title='bbox 3290 3436 3507 3490; x_wconf 85' lang='lat' dir='ltr'>invenit</span> <span class='ocrx_word' id='word_1_753' title='bbox 3552 3450 3693 3506; x_wconf 87' lang='lat' dir='ltr'>puer</span> <span class='ocrx_word' id='word_1_754' title='bbox 3720 3442 3849 3490; x_wconf 82' lang='lat' dir='ltr'>tuus</span> 
     </span>
    </p>
   </div>
   <div class='ocr_carea' id='block_1_97' title="bbox 2190 3522 3844 3603">
    <p class='ocr_par' dir='ltr' id='par_1_97' title="bbox 2190 3522 3844 3603">
     <span class='ocr_line' id='line_1_97' title="bbox 2190 3522 3844 3603; baseline -0.004 -18"><span class='ocrx_word' id='word_1_755' title='bbox 2190 3528 2629 3603; x_wconf 70' lang='lat' dir='ltr'>misericordiam</span> <span class='ocrx_word' id='word_1_756' title='bbox 2641 3535 2846 3593; x_wconf 84' lang='lat' dir='ltr'>antete,</span> <span class='ocrx_word' id='word_1_757' title='bbox 2861 3530 2969 3581; x_wconf 90' lang='lat' dir='ltr'>etc.</span> <span class='ocrx_word' id='word_1_758' title='bbox 2984 3526 3120 3589; x_wconf 64' lang='lat' dir='ltr'>Qua</span> <span class='ocrx_word' id='word_1_759' title='bbox 3138 3541 3270 3580; x_wconf 90' lang='lat' dir='ltr'>cum</span> <span class='ocrx_word' id='word_1_760' title='bbox 3287 3523 3515 3579; x_wconf 82' lang='lat' dir='ltr'>ﬁnisset</span> <span class='ocrx_word' id='word_1_761' title='bbox 3528 3522 3844 3595; x_wconf 89' lang='lat' dir='ltr'>loquendo,</span> 
     </span>
    </p>
   </div>
   <div class='ocr_carea' id='block_1_98' title="bbox 2193 3611 3844 3689">
    <p class='ocr_par' dir='ltr' id='par_1_98' title="bbox 2193 3611 3844 3689">
     <span class='ocr_line' id='line_1_98' title="bbox 2193 3611 3844 3689; baseline -0.004 -15"><span class='ocrx_word' id='word_1_762' title='bbox 2193 3623 2250 3674; x_wconf 90' lang='lat' dir='ltr'>et</span> <span class='ocrx_word' id='word_1_763' title='bbox 2264 3617 2536 3689; x_wconf 86' lang='lat' dir='ltr'>elegisset</span> <span class='ocrx_word' id='word_1_764' title='bbox 2551 3616 2664 3671; x_wconf 91' lang='lat' dir='ltr'>sibi</span> <span class='ocrx_word' id='word_1_765' title='bbox 2683 3614 2977 3671; x_wconf 88' lang='lat' dir='ltr'>civitatem</span> <span class='ocrx_word' id='word_1_766' title='bbox 2996 3612 3271 3686; x_wconf 89' lang='lat' dir='ltr'>pusillam</span> <span class='ocrx_word' id='word_1_767' title='bbox 3290 3613 3347 3667; x_wconf 90' lang='lat' dir='ltr'>in</span> <span class='ocrx_word' id='word_1_768' title='bbox 3367 3629 3483 3684; x_wconf 91' lang='lat' dir='ltr'>qua</span> <span class='ocrx_word' id='word_1_769' title='bbox 3498 3611 3844 3679; x_wconf 89' lang='lat' dir='ltr'>salvaretur,</span> 
     </span>
    </p>
   </div>
   <div class='ocr_carea' id='block_1_99' title="bbox 2193 3702 3848 3778">
    <p class='ocr_par' dir='ltr' id='par_1_99' title="bbox 2193 3702 3848 3778">
     <span class='ocr_line' id='line_1_99' title="bbox 2193 3702 3848 3778; baseline -0.003 -15"><span class='ocrx_word' id='word_1_770' title='bbox 2193 3707 2460 3778; x_wconf 87' lang='lat' dir='ltr'>sequitur</span> <span class='ocrx_word' id='word_1_771' title='bbox 2476 3704 2796 3776; x_wconf 88' lang='lat' dir='ltr'>Scriptura,</span> <span class='ocrx_word' id='word_1_772' title='bbox 2828 3707 2885 3759; x_wconf 91' lang='lat' dir='ltr'>et</span> <span class='ocrx_word' id='word_1_773' title='bbox 2905 3702 2954 3758; x_wconf 90' lang='lat' dir='ltr'>ei</span> <span class='ocrx_word' id='word_1_774' title='bbox 2989 3702 3130 3758; x_wconf 87' lang='lat' dir='ltr'>dicit</span> <span class='ocrx_word' id='word_1_775' title='bbox 3149 3719 3279 3759; x_wconf 88' lang='lat' dir='ltr'>esse</span> <span class='ocrx_word' id='word_1_776' title='bbox 3311 3718 3690 3774; x_wconf 84' lang='lat' dir='ltr'>responsum:</span> <span class='ocrx_word' id='word_1_777' title='bbox 3714 3703 3848 3758; x_wconf 84' lang='lat' dir='ltr'>Ecce</span> 
     </span>
    </p>
   </div>
   <div class='ocr_carea' id='block_1_100' title="bbox 2190 3790 3849 3863">
    <p class='ocr_par' dir='ltr' id='par_1_100' title="bbox 2190 3790 3849 3863">
     <span class='ocr_line' id='line_1_100' title="bbox 2190 3790 3849 3863; baseline -0.002 -12"><span class='ocrx_word' id='word_1_778' title='bbox 2190 3796 2423 3851; x_wconf 82' lang='lat' dir='ltr'>miratus</span> <span class='ocrx_word' id='word_1_779' title='bbox 2458 3794 2619 3849; x_wconf 69' lang='lat' dir='ltr'>sum2</span> <span class='ocrx_word' id='word_1_780' title='bbox 2647 3794 2845 3863; x_wconf 79' lang='lat' dir='ltr'>faciem</span> <span class='ocrx_word' id='word_1_781' title='bbox 2884 3795 3039 3846; x_wconf 86' lang='lat' dir='ltr'>tuam</span> <span class='ocrx_word' id='word_1_782' title='bbox 3075 3799 3127 3847; x_wconf 88' lang='lat' dir='ltr'>et</span> <span class='ocrx_word' id='word_1_783' title='bbox 3163 3807 3326 3863; x_wconf 88' lang='lat' dir='ltr'>super</span> <span class='ocrx_word' id='word_1_784' title='bbox 3355 3791 3576 3846; x_wconf 88' lang='lat' dir='ltr'>verbum</span> <span class='ocrx_word' id='word_1_785' title='bbox 3619 3790 3736 3858; x_wconf 90' lang='lat' dir='ltr'>hoc,</span> <span class='ocrx_word' id='word_1_786' title='bbox 3776 3806 3849 3847; x_wconf 78' lang='lat' dir='ltr'>ne</span> 
     </span>
    </p>
   </div>
   <div class='ocr_carea' id='block_1_101' title="bbox 2191 3880 3850 3952">
    <p class='ocr_par' dir='ltr' id='par_1_101' title="bbox 2191 3880 3850 3952">
     <span class='ocr_line' id='line_1_101' title="bbox 2191 3880 3850 3952; baseline -0.004 -12"><span class='ocrx_word' id='word_1_787' title='bbox 2191 3888 2486 3940; x_wconf 85' lang='lat' dir='ltr'>everterem</span> <span class='ocrx_word' id='word_1_788' title='bbox 2512 3883 2783 3937; x_wconf 84' lang='lat' dir='ltr'>civitatem</span> <span class='ocrx_word' id='word_1_789' title='bbox 2810 3880 2877 3936; x_wconf 89' lang='lat' dir='ltr'>de</span> <span class='ocrx_word' id='word_1_790' title='bbox 2894 3898 3001 3952; x_wconf 91' lang='lat' dir='ltr'>qua</span> <span class='ocrx_word' id='word_1_791' title='bbox 3031 3880 3250 3936; x_wconf 79' lang='lat' dir='ltr'>locutus</span> <span class='ocrx_word' id='word_1_792' title='bbox 3278 3896 3353 3936; x_wconf 89' lang='lat' dir='ltr'>es.</span> <span class='ocrx_word' id='word_1_793' title='bbox 3384 3880 3613 3937; x_wconf 86' lang='lat' dir='ltr'>Festina</span> <span class='ocrx_word' id='word_1_794' title='bbox 3641 3894 3768 3949; x_wconf 89' lang='lat' dir='ltr'>ergo</span> <span class='ocrx_word' id='word_1_795' title='bbox 3789 3881 3850 3934; x_wconf 86' lang='lat' dir='ltr'>ut</span> 
     </span>
    </p>
   </div>
   <div class='ocr_carea' id='block_1_102' title="bbox 2189 3968 3856 4041">
    <p class='ocr_par' dir='ltr' id='par_1_102' title="bbox 2189 3968 3856 4041">
     <span class='ocr_line' id='line_1_102' title="bbox 2189 3968 3856 4041; baseline -0.004 -12"><span class='ocrx_word' id='word_1_796' title='bbox 2189 3974 2373 4029; x_wconf 88' lang='lat' dir='ltr'>salvus</span> <span class='ocrx_word' id='word_1_797' title='bbox 2402 3974 2476 4027; x_wconf 88' lang='lat' dir='ltr'>sis</span> <span class='ocrx_word' id='word_1_798' title='bbox 2505 3972 2622 4027; x_wconf 88' lang='lat' dir='ltr'>ibi:</span> <span class='ocrx_word' id='word_1_799' title='bbox 2658 3987 2768 4027; x_wconf 86' lang='lat' dir='ltr'>non</span> <span class='ocrx_word' id='word_1_800' title='bbox 2796 3971 2946 4026; x_wconf 88' lang='lat' dir='ltr'>enim</span> <span class='ocrx_word' id='word_1_801' title='bbox 2974 3979 3157 4041; x_wconf 87' lang='lat' dir='ltr'>potero</span> <span class='ocrx_word' id='word_1_802' title='bbox 3184 3972 3365 4041; x_wconf 80' lang='lat' dir='ltr'>facere</span> <span class='ocrx_word' id='word_1_803' title='bbox 3402 3968 3649 4035; x_wconf 89' lang='lat' dir='ltr'>verbum,</span> <span class='ocrx_word' id='word_1_804' title='bbox 3681 3968 3856 4024; x_wconf 90' lang='lat' dir='ltr'>donec</span> 
     </span>
    </p>
   </div>
   <div class='ocr_carea' id='block_1_103' title="bbox 2190 4058 3855 4133">
    <p class='ocr_par' dir='ltr' id='par_1_103' title="bbox 2190 4058 3855 4133">
     <span class='ocr_line' id='line_1_103' title="bbox 2190 4058 3855 4133; baseline -0.002 -15"><span class='ocrx_word' id='word_1_805' title='bbox 2190 4067 2250 4118; x_wconf 88' lang='lat' dir='ltr'>tu</span> <span class='ocrx_word' id='word_1_806' title='bbox 2280 4064 2377 4118; x_wconf 87' lang='lat' dir='ltr'>illo</span> <span class='ocrx_word' id='word_1_807' title='bbox 2406 4063 2647 4117; x_wconf 85' lang='lat' dir='ltr'>introeas</span> <span class='ocrx_word' id='word_1_808' title='bbox 2689 4060 2841 4133; x_wconf 85' lang='lat' dir='ltr'>(Gen.</span> <span class='ocrx_word' id='word_1_809' title='bbox 2887 4076 3026 4115; x_wconf 84' lang='lat' dir='ltr'>xvm</span> <span class='ocrx_word' id='word_1_810' title='bbox 3056 4065 3107 4115; x_wconf 91' lang='lat' dir='ltr'>et</span> <span class='ocrx_word' id='word_1_811' title='bbox 3138 4059 3276 4131; x_wconf 84' lang='lat' dir='ltr'>xIx).</span> <span class='ocrx_word' id='word_1_812' title='bbox 3324 4058 3465 4124; x_wconf 87' lang='lat' dir='ltr'>Quis</span> <span class='ocrx_word' id='word_1_813' title='bbox 3505 4058 3615 4126; x_wconf 78' lang='lat' dir='ltr'>hoc</span> <span class='ocrx_word' id='word_1_814' title='bbox 3656 4058 3709 4114; x_wconf 89' lang='lat' dir='ltr'>ei</span> <span class='ocrx_word' id='word_1_815' title='bbox 3756 4075 3855 4114; x_wconf 85' lang='lat' dir='ltr'>re-</span> 
     </span>
    </p>
   </div>
   <div class='ocr_carea' id='block_1_104' title="bbox 2191 4147 3849 4223">
    <p class='ocr_par' dir='ltr' id='par_1_104' title="bbox 2191 4147 3849 4223">
     <span class='ocr_line' id='line_1_104' title="bbox 2191 4147 3849 4223; baseline -0.004 -16"><span class='ocrx_word' id='word_1_816' title='bbox 2191 4150 2451 4223; x_wconf 89' lang='lat' dir='ltr'>spondit,</span> <span class='ocrx_word' id='word_1_817' title='bbox 2485 4151 2599 4206; x_wconf 87' lang='lat' dir='ltr'>nisi</span> <span class='ocrx_word' id='word_1_818' title='bbox 2630 4148 2726 4205; x_wconf 90' lang='lat' dir='ltr'>ille</span> <span class='ocrx_word' id='word_1_819' title='bbox 2755 4149 2848 4204; x_wconf 89' lang='lat' dir='ltr'>cui</span> <span class='ocrx_word' id='word_1_820' title='bbox 2879 4149 3121 4215; x_wconf 89' lang='lat' dir='ltr'>dixerat,</span> <span class='ocrx_word' id='word_1_821' title='bbox 3140 4147 3266 4219; x_wconf 88' lang='lat' dir='ltr'>Oro,</span> <span class='ocrx_word' id='word_1_822' title='bbox 3299 4149 3567 4203; x_wconf 77' lang='lat' dir='ltr'>Domine?</span> <span class='ocrx_word' id='word_1_823' title='bbox 3596 4147 3712 4202; x_wconf 87' lang='lat' dir='ltr'>Hoc</span> <span class='ocrx_word' id='word_1_824' title='bbox 3742 4163 3849 4202; x_wconf 89' lang='lat' dir='ltr'>au-</span> 
     </span>
    </p>
   </div>
   <div class='ocr_carea' id='block_1_105' title="bbox 2192 4235 3850 4308">
    <p class='ocr_par' dir='ltr' id='par_1_105' title="bbox 2192 4235 3850 4308">
     <span class='ocr_line' id='line_1_105' title="bbox 2192 4235 3850 4308; baseline -0.002 -12"><span class='ocrx_word' id='word_1_825' title='bbox 2192 4246 2309 4296; x_wconf 89' lang='lat' dir='ltr'>tem</span> <span class='ocrx_word' id='word_1_826' title='bbox 2341 4240 2410 4295; x_wconf 87' lang='lat' dir='ltr'>ad</span> <span class='ocrx_word' id='word_1_827' title='bbox 2442 4239 2649 4295; x_wconf 88' lang='lat' dir='ltr'>ambos</span> <span class='ocrx_word' id='word_1_828' title='bbox 2670 4238 2913 4305; x_wconf 89' lang='lat' dir='ltr'>dixerat,</span> <span class='ocrx_word' id='word_1_829' title='bbox 2948 4255 3062 4293; x_wconf 90' lang='lat' dir='ltr'>non</span> <span class='ocrx_word' id='word_1_830' title='bbox 3094 4239 3166 4293; x_wconf 87' lang='lat' dir='ltr'>ad</span> <span class='ocrx_word' id='word_1_831' title='bbox 3192 4253 3398 4307; x_wconf 91' lang='lat' dir='ltr'>unum,</span> <span class='ocrx_word' id='word_1_832' title='bbox 3422 4235 3575 4292; x_wconf 90' lang='lat' dir='ltr'>sicut</span> <span class='ocrx_word' id='word_1_833' title='bbox 3600 4235 3850 4308; x_wconf 83' lang='lat' dir='ltr'>apertis-</span> 
     </span>
    </p>
   </div>
   <div class='ocr_carea' id='block_1_106' title="bbox 2191 4324 3845 4400">
    <p class='ocr_par' dir='ltr' id='par_1_106' title="bbox 2191 4324 3845 4400">
     <span class='ocr_line' id='line_1_106' title="bbox 2191 4324 3845 4400; baseline -0.002 -15"><span class='ocrx_word' id='word_1_834' title='bbox 2191 4330 2339 4385; x_wconf 90' lang='lat' dir='ltr'>sime</span> <span class='ocrx_word' id='word_1_835' title='bbox 2372 4329 2654 4400; x_wconf 87' lang='lat' dir='ltr'>scriptum</span> <span class='ocrx_word' id='word_1_836' title='bbox 2703 4332 2810 4394; x_wconf 89' lang='lat' dir='ltr'>est,</span> <span class='ocrx_word' id='word_1_837' title='bbox 2859 4328 3009 4383; x_wconf 73' lang='lat' dir='ltr'>Dixit</span> <span class='ocrx_word' id='word_1_838' title='bbox 3039 4335 3225 4382; x_wconf 87' lang='lat' dir='ltr'>autem</span> <span class='ocrx_word' id='word_1_839' title='bbox 3254 4325 3392 4383; x_wconf 90' lang='lat' dir='ltr'>Loth</span> <span class='ocrx_word' id='word_1_840' title='bbox 3420 4324 3491 4381; x_wconf 88' lang='lat' dir='ltr'>ad</span> <span class='ocrx_word' id='word_1_841' title='bbox 3537 4325 3684 4391; x_wconf 88' lang='lat' dir='ltr'>illos,</span> <span class='ocrx_word' id='word_1_842' title='bbox 3717 4324 3845 4393; x_wconf 86' lang='lat' dir='ltr'>Oro,</span> 
     </span>
    </p>
   </div>
   <div class='ocr_carea' id='block_1_107' title="bbox 2192 4414 3844 4489">
    <p class='ocr_par' dir='ltr' id='par_1_107' title="bbox 2192 4414 3844 4489">
     <span class='ocr_line' id='line_1_107' title="bbox 2192 4414 3844 4489; baseline -0.003 -15"><span class='ocrx_word' id='word_1_843' title='bbox 2192 4420 2435 4475; x_wconf 88' lang='lat' dir='ltr'>Domine.</span> <span class='ocrx_word' id='word_1_844' title='bbox 2458 4418 2706 4489; x_wconf 87' lang='lat' dir='ltr'>Agnovit</span> <span class='ocrx_word' id='word_1_845' title='bbox 2729 4417 2898 4489; x_wconf 62' lang='lat' dir='ltr'>ergo“</span> <span class='ocrx_word' id='word_1_846' title='bbox 2918 4416 3059 4472; x_wconf 82' lang='lat' dir='ltr'>Loth</span> <span class='ocrx_word' id='word_1_847' title='bbox 3086 4431 3268 4470; x_wconf 90' lang='lat' dir='ltr'>unum</span> <span class='ocrx_word' id='word_1_848' title='bbox 3302 4414 3617 4470; x_wconf 88' lang='lat' dir='ltr'>Dominum</span> <span class='ocrx_word' id='word_1_849' title='bbox 3647 4414 3708 4469; x_wconf 92' lang='lat' dir='ltr'>in</span> <span class='ocrx_word' id='word_1_850' title='bbox 3739 4431 3844 4470; x_wconf 88' lang='lat' dir='ltr'>an-</span> 
     </span>
    </p>
   </div>
   <div class='ocr_carea' id='block_1_108' title="bbox 2189 4503 3846 4579">
    <p class='ocr_par' dir='ltr' id='par_1_108' title="bbox 2189 4503 3846 4579">
     <span class='ocr_line' id='line_1_108' title="bbox 2189 4503 3846 4579; baseline -0.001 -18"><span class='ocrx_word' id='word_1_851' title='bbox 2189 4506 2334 4579; x_wconf 89' lang='lat' dir='ltr'>gelis</span> <span class='ocrx_word' id='word_1_852' title='bbox 2352 4507 2604 4573; x_wconf 87' lang='lat' dir='ltr'>duobus,</span> <span class='ocrx_word' id='word_1_853' title='bbox 2621 4505 3078 4561; x_wconf 89' lang='lat' dir='ltr'>sicutAbraham</span> <span class='ocrx_word' id='word_1_854' title='bbox 3101 4520 3284 4559; x_wconf 88' lang='lat' dir='ltr'>unum</span> <span class='ocrx_word' id='word_1_855' title='bbox 3300 4503 3535 4575; x_wconf 88' lang='lat' dir='ltr'>agnovit</span> <span class='ocrx_word' id='word_1_856' title='bbox 3550 4503 3608 4557; x_wconf 90' lang='lat' dir='ltr'>in</span> <span class='ocrx_word' id='word_1_857' title='bbox 3628 4503 3846 4559; x_wconf 89' lang='lat' dir='ltr'>tribus.</span> 
     </span>
    </p>
   </div>
   <div class='ocr_carea' id='block_1_109' title="bbox 2256 4592 3847 4663">
    <p class='ocr_par' dir='ltr' id='par_1_109' title="bbox 2256 4592 3847 4663">
     <span class='ocr_line' id='line_1_109' title="bbox 2256 4592 3847 4663; baseline -0.001 -13"><span class='ocrx_word' id='word_1_858' title='bbox 2256 4598 2312 4651; x_wconf 90' lang='lat'>7.</span> <span class='ocrx_word' id='word_1_859' title='bbox 2348 4596 2470 4651; x_wconf 92' lang='lat' dir='ltr'>Non</span> <span class='ocrx_word' id='word_1_860' title='bbox 2501 4599 2591 4652; x_wconf 90' lang='lat' dir='ltr'>est</span> <span class='ocrx_word' id='word_1_861' title='bbox 2610 4611 2715 4650; x_wconf 92' lang='lat' dir='ltr'>cur</span> <span class='ocrx_word' id='word_1_862' title='bbox 2745 4595 3010 4650; x_wconf 90' lang='lat' dir='ltr'>dicatur:</span> <span class='ocrx_word' id='word_1_863' title='bbox 3045 4594 3144 4649; x_wconf 89' lang='lat' dir='ltr'>Ille</span> <span class='ocrx_word' id='word_1_864' title='bbox 3174 4592 3401 4648; x_wconf 89' lang='lat' dir='ltr'>abierat</span> <span class='ocrx_word' id='word_1_865' title='bbox 3432 4592 3530 4663; x_wconf 91' lang='lat' dir='ltr'>qui</span> <span class='ocrx_word' id='word_1_866' title='bbox 3559 4595 3847 4648; x_wconf 86' lang='lat' dir='ltr'>Dominus</span> 
     </span>
    </p>
   </div>
   <div class='ocr_carea' id='block_1_110' title="bbox 2188 4681 3848 4755">
    <p class='ocr_par' dir='ltr' id='par_1_110' title="bbox 2188 4681 3848 4755">
     <span class='ocr_line' id='line_1_110' title="bbox 2188 4681 3848 4755; baseline -0.001 -15"><span class='ocrx_word' id='word_1_867' title='bbox 2188 4688 2313 4740; x_wconf 91' lang='lat' dir='ltr'>erat</span> <span class='ocrx_word' id='word_1_868' title='bbox 2340 4688 2397 4739; x_wconf 85' lang='lat' dir='ltr'>et</span> <span class='ocrx_word' id='word_1_869' title='bbox 2425 4700 2559 4739; x_wconf 88' lang='lat' dir='ltr'>cum</span> <span class='ocrx_word' id='word_1_870' title='bbox 2581 4682 2873 4738; x_wconf 88' lang='lat' dir='ltr'>Abraham</span> <span class='ocrx_word' id='word_1_871' title='bbox 2905 4682 3136 4738; x_wconf 90' lang='lat' dir='ltr'>locutus</span> <span class='ocrx_word' id='word_1_872' title='bbox 3159 4686 3312 4748; x_wconf 86' lang='lat' dir='ltr'>erat;</span> <span class='ocrx_word' id='word_1_873' title='bbox 3347 4682 3462 4738; x_wconf 93' lang='lat' dir='ltr'>duo</span> <span class='ocrx_word' id='word_1_874' title='bbox 3490 4698 3622 4737; x_wconf 90' lang='lat' dir='ltr'>vero</span> <span class='ocrx_word' id='word_1_875' title='bbox 3651 4681 3848 4755; x_wconf 90' lang='lat' dir='ltr'>angeli</span> 
     </span>
    </p>
   </div>
   <div class='ocr_carea' id='block_1_111' title="bbox 2187 4774 3843 4848">
    <p class='ocr_par' dir='ltr' id='par_1_111' title="bbox 2187 4774 3843 4848">
     <span class='ocr_line' id='line_1_111' title="bbox 2187 4774 3843 4848; baseline -0.001 -18"><span class='ocrx_word' id='word_1_876' title='bbox 2187 4776 2316 4848; x_wconf 87' lang='lat' dir='ltr'>ejus</span> <span class='ocrx_word' id='word_1_877' title='bbox 2350 4780 2518 4832; x_wconf 91' lang='lat' dir='ltr'>erant</span> <span class='ocrx_word' id='word_1_878' title='bbox 2548 4776 2648 4848; x_wconf 89' lang='lat' dir='ltr'>qui</span> <span class='ocrx_word' id='word_1_879' title='bbox 2680 4775 2737 4830; x_wconf 92' lang='lat' dir='ltr'>in</span> <span class='ocrx_word' id='word_1_880' title='bbox 2767 4774 3040 4841; x_wconf 91' lang='lat' dir='ltr'>Sodoma,</span> <span class='ocrx_word' id='word_1_881' title='bbox 3061 4774 3163 4830; x_wconf 91' lang='lat' dir='ltr'>illo</span> <span class='ocrx_word' id='word_1_882' title='bbox 3193 4774 3443 4829; x_wconf 87' lang='lat' dir='ltr'>abeunte</span> <span class='ocrx_word' id='word_1_883' title='bbox 3460 4774 3503 4841; x_wconf 67' lang='lat'>‘,</span> <span class='ocrx_word' id='word_1_884' title='bbox 3535 4776 3843 4829; x_wconf 85' lang='lat' dir='ltr'>venerunt.</span> 
     </span>
    </p>
   </div>
   <div class='ocr_carea' id='block_1_112' title="bbox 2187 4863 3847 4935">
    <p class='ocr_par' dir='ltr' id='par_1_112' title="bbox 2187 4863 3847 4935">
     <span class='ocr_line' id='line_1_112' title="bbox 2187 4863 3847 4935; baseline -0.001 -16"><span class='ocrx_word' id='word_1_885' title='bbox 2187 4864 2402 4920; x_wconf 88' lang='lat' dir='ltr'>Omnes</span> <span class='ocrx_word' id='word_1_886' title='bbox 2415 4865 2570 4920; x_wconf 91' lang='lat' dir='ltr'>enim</span> <span class='ocrx_word' id='word_1_887' title='bbox 2586 4864 2822 4920; x_wconf 89' lang='lat' dir='ltr'>tresviri</span> <span class='ocrx_word' id='word_1_888' title='bbox 2839 4864 2976 4919; x_wconf 91' lang='lat' dir='ltr'>dicti</span> <span class='ocrx_word' id='word_1_889' title='bbox 2991 4869 3132 4919; x_wconf 89' lang='lat' dir='ltr'>sunt</span> <span class='ocrx_word' id='word_1_890' title='bbox 3145 4863 3847 4935; x_wconf 83' lang='lat' dir='ltr'>quiapparueruntAbra-</span> 
     </span>
    </p>
   </div>
   <div class='ocr_carea' id='block_1_113' title="bbox 2185 4950 3844 5024">
    <p class='ocr_par' dir='ltr' id='par_1_113' title="bbox 2185 4950 3844 5024">
     <span class='ocr_line' id='line_1_113' title="bbox 2185 4950 3844 5024; baseline -0.001 -16"><span class='ocrx_word' id='word_1_891' title='bbox 2185 4954 2293 5022; x_wconf 64' lang='lat' dir='ltr'>has,</span> <span class='ocrx_word' id='word_1_892' title='bbox 2316 4955 2469 5009; x_wconf 87' lang='lat' dir='ltr'>sicut</span> <span class='ocrx_word' id='word_1_893' title='bbox 2490 4954 2794 5024; x_wconf 84' lang='lat' dir='ltr'>Scriptura</span> <span class='ocrx_word' id='word_1_894' title='bbox 2814 4952 2961 5009; x_wconf 91' lang='lat' dir='ltr'>solet</span> <span class='ocrx_word' id='word_1_895' title='bbox 2980 4954 3134 5009; x_wconf 90' lang='lat' dir='ltr'>viros</span> <span class='ocrx_word' id='word_1_896' title='bbox 3156 4951 3333 5008; x_wconf 89' lang='lat' dir='ltr'>etiam</span> <span class='ocrx_word' id='word_1_897' title='bbox 3352 4950 3590 5024; x_wconf 89' lang='lat' dir='ltr'>angelos</span> <span class='ocrx_word' id='word_1_898' title='bbox 3614 4967 3844 5007; x_wconf 89' lang='lat' dir='ltr'>nuncu-</span> 
     </span>
    </p>
   </div>
   <div class='ocr_carea' id='block_1_114' title="bbox 2186 5040 3842 5114">
    <p class='ocr_par' dir='ltr' id='par_1_114' title="bbox 2186 5040 3842 5114">
     <span class='ocr_line' id='line_1_114' title="bbox 2186 5040 3842 5114; baseline 0 -18"><span class='ocrx_word' id='word_1_899' title='bbox 2186 5059 2343 5114; x_wconf 91' lang='lat' dir='ltr'>pare.</span> <span class='ocrx_word' id='word_1_900' title='bbox 2376 5042 2489 5098; x_wconf 90' lang='lat' dir='ltr'>Nec</span> <span class='ocrx_word' id='word_1_901' title='bbox 2520 5058 2721 5098; x_wconf 91' lang='lat' dir='ltr'>eorum</span> <span class='ocrx_word' id='word_1_902' title='bbox 2751 5042 2926 5099; x_wconf 87' lang='lat' dir='ltr'>alicui</span> <span class='ocrx_word' id='word_1_903' title='bbox 2959 5041 3058 5098; x_wconf 91' lang='lat' dir='ltr'>uni</span> <span class='ocrx_word' id='word_1_904' title='bbox 3109 5041 3437 5113; x_wconf 88' lang='lat' dir='ltr'>promptius</span> <span class='ocrx_word' id='word_1_905' title='bbox 3466 5044 3524 5095; x_wconf 89' lang='lat' dir='ltr'>et</span> <span class='ocrx_word' id='word_1_906' title='bbox 3554 5040 3842 5096; x_wconf 89' lang='lat' dir='ltr'>humilius</span> 
     </span>
    </p>
   </div>
   <div class='ocr_carea' id='block_1_115' title="bbox 2185 5128 3847 5204">
    <p class='ocr_par' dir='ltr' id='par_1_115' title="bbox 2185 5128 3847 5204">
     <span class='ocr_line' id='line_1_115' title="bbox 2185 5128 3847 5204; baseline 0 -18"><span class='ocrx_word' id='word_1_907' title='bbox 2185 5130 2479 5187; x_wconf 85' lang='lat' dir='ltr'>Abraham</span> <span class='ocrx_word' id='word_1_908' title='bbox 2497 5132 2812 5187; x_wconf 89' lang='lat' dir='ltr'>obsecutus</span> <span class='ocrx_word' id='word_1_909' title='bbox 2840 5136 2932 5188; x_wconf 85' lang='lat' dir='ltr'>est</span> <span class='ocrx_word' id='word_1_910' title='bbox 2953 5148 3129 5204; x_wconf 89' lang='lat' dir='ltr'>quam</span> <span class='ocrx_word' id='word_1_911' title='bbox 3151 5130 3401 5197; x_wconf 88' lang='lat' dir='ltr'>duobus,</span> <span class='ocrx_word' id='word_1_912' title='bbox 3422 5128 3522 5185; x_wconf 89' lang='lat' dir='ltr'>sed</span> <span class='ocrx_word' id='word_1_913' title='bbox 3542 5128 3847 5201; x_wconf 59' lang='lat' dir='ltr'>aequaliter</span> 
     </span>
    </p>
   </div>
   <div class='ocr_carea' id='block_1_116' title="bbox 2186 5216 3844 5294">
    <p class='ocr_par' dir='ltr' id='par_1_116' title="bbox 2186 5216 3844 5294">
     <span class='ocr_line' id='line_1_116' title="bbox 2186 5216 3844 5294; baseline -0.001 -18"><span class='ocrx_word' id='word_1_914' title='bbox 2186 5220 2462 5276; x_wconf 91' lang='lat' dir='ltr'>omnibus</span> <span class='ocrx_word' id='word_1_915' title='bbox 2490 5220 2665 5293; x_wconf 86' lang='lat' dir='ltr'>pedes</span> <span class='ocrx_word' id='word_1_916' title='bbox 2694 5219 2853 5291; x_wconf 89' lang='lat' dir='ltr'>lavit,</span> <span class='ocrx_word' id='word_1_917' title='bbox 2881 5220 3182 5294; x_wconf 67' lang='lat' dir='ltr'>aequaliter</span> <span class='ocrx_word' id='word_1_918' title='bbox 3202 5218 3481 5276; x_wconf 89' lang='lat' dir='ltr'>omnibus</span> <span class='ocrx_word' id='word_1_919' title='bbox 3496 5216 3703 5291; x_wconf 88' lang='lat' dir='ltr'>epulas</span> <span class='ocrx_word' id='word_1_920' title='bbox 3732 5216 3844 5274; x_wconf 91' lang='lat' dir='ltr'>mi-</span> 
     </span>
    </p>
   </div>
   <div class='ocr_carea' id='block_1_117' title="bbox 2251 5400 3197 5464">
    <p class='ocr_par' dir='ltr' id='par_1_117' title="bbox 2251 5400 3197 5464">
     <span class='ocr_line' id='line_1_117' title="bbox 2251 5400 3197 5464; baseline -0.001 -13"><span class='ocrx_word' id='word_1_921' title='bbox 2251 5404 2269 5439; x_wconf 77' lang='grc' dir='ltr'>ί</span> <span class='ocrx_word' id='word_1_922' title='bbox 2300 5401 2382 5451; x_wconf 87' lang='lat' dir='ltr'>Sic</span> <span class='ocrx_word' id='word_1_923' title='bbox 2411 5402 2534 5450; x_wconf 83' lang='lat' dir='ltr'>Mss.</span> <span class='ocrx_word' id='word_1_924' title='bbox 2567 5400 2701 5449; x_wconf 85' lang='lat' dir='ltr'>Editi</span> <span class='ocrx_word' id='word_1_925' title='bbox 2732 5415 2878 5460; x_wconf 84' lang='lat' dir='ltr'>vero,</span> <span class='ocrx_word' id='word_1_926' title='bbox 2907 5402 3197 5464; x_wconf 75' lang='lat' dir='ltr'>perdemus.</span> 
     </span>
    </p>
   </div>
   <div class='ocr_carea' id='block_1_118' title="bbox 2250 5459 3839 5537">
    <p class='ocr_par' dir='ltr' id='par_1_118' title="bbox 2250 5459 3839 5537">
     <span class='ocr_line' id='line_1_118' title="bbox 2250 5459 3839 5537; baseline -0.002 -25"><span class='ocrx_word' id='word_1_927' title='bbox 2250 5467 2272 5500; x_wconf 72' lang='grc'>³</span> <span class='ocrx_word' id='word_1_928' title='bbox 2288 5465 2443 5537; x_wconf 60' lang='lat' dir='ltr'>liditi,</span> <span class='ocrx_word' id='word_1_929' title='bbox 2468 5464 2739 5537; x_wconf 50' lang='lat' dir='ltr'>miserrmus</span> <span class='ocrx_word' id='word_1_930' title='bbox 2758 5459 3142 5537; x_wconf 35' lang='grc' dir='ltr'>δωηίᾉιοΜεεπ</span> <span class='ocrx_word' id='word_1_931' title='bbox 3164 5463 3383 5511; x_wconf 82' lang='lat' dir='ltr'>miratus</span> <span class='ocrx_word' id='word_1_932' title='bbox 3399 5460 3679 5537; x_wconf 50' lang='lat' dir='ltr'>jgmsnuti</span> <span class='ocrx_word' id='word_1_933' title='bbox 3699 5459 3839 5509; x_wconf 89' lang='lat' dir='ltr'>libro</span> 
     </span>
    </p>
   </div>
   <div class='ocr_carea' id='block_1_119' title="bbox 2188 5521 3843 5689">
    <p class='ocr_par' dir='ltr' id='par_1_119' title="bbox 2188 5521 3843 5689">
     <span class='ocr_line' id='line_1_119' title="bbox 2189 5521 3843 5590; baseline -0.004 -13"><span class='ocrx_word' id='word_1_934' title='bbox 2189 5529 2247 5577; x_wconf 83' lang='grc'>16</span> <span class='ocrx_word' id='word_1_935' title='bbox 2276 5526 2340 5576; x_wconf 89' lang='lat' dir='ltr'>de</span> <span class='ocrx_word' id='word_1_936' title='bbox 2370 5524 2590 5575; x_wconf 85' lang='lat' dir='ltr'>Civitate</span> <span class='ocrx_word' id='word_1_937' title='bbox 2610 5527 2719 5584; x_wconf 89' lang='lat' dir='ltr'>Dei,</span> <span class='ocrx_word' id='word_1_938' title='bbox 2740 5540 2855 5590; x_wconf 88' lang='lat' dir='ltr'>cap.</span> <span class='ocrx_word' id='word_1_939' title='bbox 2879 5530 2956 5585; x_wconf 85' lang='lat'>29,</span> <span class='ocrx_word' id='word_1_940' title='bbox 2979 5521 3381 5590; x_wconf 49' lang='lat' dir='ltr'>juxta&#39;graacum</span> <span class='ocrx_word' id='word_1_941' title='bbox 3399 5522 3504 5585; x_wconf 81' lang='lat' dir='ltr'>XX,</span> <span class='ocrx_word' id='word_1_942' title='bbox 3520 5521 3843 5584; x_wconf 84' lang='lat' dir='ltr'>ethaumasa,</span> 
     </span>
     <span class='ocr_line' id='line_1_120' title="bbox 2188 5586 3381 5689; baseline 0 0"><span class='ocrx_word' id='word_1_943' title='bbox 2188 5588 3121 5689; x_wconf 35' lang='lat' dir='ltr'>qus°9ndl§i£ﬁ32nifﬁiﬁfﬁ_‘“‘”&quot;</span> <span class='ocrx_word' id='word_1_944' title='bbox 3153 5586 3381 5654; x_wconf 54' lang='lat' dir='ltr'><strong><em>mpm</em></strong></span> 
     </span>
    </p>
   </div>
   <div class='ocr_carea' id='block_1_120' title="bbox 2245 5651 3195 5781">
    <p class='ocr_par' dir='ltr' id='par_1_120' title="bbox 2245 5651 3195 5781">
     <span class='ocr_line' id='line_1_121' title="bbox 2248 5651 2995 5719; baseline 0.001 -18"><span class='ocrx_word' id='word_1_945' title='bbox 2248 5654 2270 5689; x_wconf 78' lang='grc'>³</span> <span class='ocrx_word' id='word_1_946' title='bbox 2298 5653 2359 5701; x_wconf 89' lang='lat' dir='ltr'>In</span> <span class='ocrx_word' id='word_1_947' title='bbox 2388 5652 2535 5709; x_wconf 85' lang='lat' dir='ltr'>Mss.,</span> <span class='ocrx_word' id='word_1_948' title='bbox 2563 5651 2830 5715; x_wconf 79' lang='lat' dir='ltr'>Agnovisti</span> <span class='ocrx_word' id='word_1_949' title='bbox 2857 5667 2995 5719; x_wconf 78' lang='lat' dir='ltr'>ergo.</span> 
     </span>
     <span class='ocr_line' id='line_1_122' title="bbox 2245 5713 3195 5781; baseline 0.002 -16"><span class='ocrx_word' id='word_1_950' title='bbox 2245 5716 2268 5751; x_wconf 70' lang='grc'><strong>⁸</strong></span> <span class='ocrx_word' id='word_1_951' title='bbox 2296 5713 2422 5766; x_wconf 88' lang='lat' dir='ltr'>Sola</span> <span class='ocrx_word' id='word_1_952' title='bbox 2454 5714 2566 5764; x_wconf 80' lang='lat' dir='ltr'>fere</span> <span class='ocrx_word' id='word_1_953' title='bbox 2596 5714 2756 5766; x_wconf 87' lang='lat' dir='ltr'>editio</span> <span class='ocrx_word' id='word_1_954' title='bbox 2784 5716 2938 5779; x_wconf 85' lang='lat' dir='ltr'>Lov.,</span> <span class='ocrx_word' id='word_1_955' title='bbox 2963 5715 3195 5781; x_wconf 77' lang='lat' dir='ltr'>iubente.</span> 
     </span>
    </p>
   </div>
  </div>
