4040 6452
170 419 292 479 809

168 551 457 605 nistravit.
488 550 637 622 Ergo
657 549 711 604 in
734 549 1009 605 omnibus
1035 555 1211 604 Deum
1236 548 1811 621 vidit.Prnpterquod

168 640 473 711 Scriptura
491 640 1015 711 prmdixerat,quod
1036 639 1193 694 visus
1213 637 1816 695 fueratDeusAbrahaa

168 729 240 783 ad
284 745 566 800 quercum
595 729 997 797 Membre,sub
1019 730 1187 799 cujus
1216 729 1425 784 umbra
1446 726 1670 783 arboris
1702 730 1819 781 tres

166 820 327 872 viros
352 818 529 889 pavit,
563 834 710 889 quos
741 817 925 872 oculis
973 818 1231 889 corporis
1270 818 1449 873 vidit:
1474 817 1533 871 in
1575 817 1655 871 eis
1688 831 1817 871 vero

170 913 374 977 Deum,
409 924 523 962 non
557 907 836 979 corporis,
855 907 957 962 sed
989 907 1179 963 cordis
1210 907 1394 962 oculis
1424 906 1586 976 vidit,
1619 906 1676 960 id
1709 908 1817 970 est,

164 996 452 1051 intellexit
474 1004 649 1067 atque
679 997 973 1069 cognovit;
997 997 1149 1052 sicut
1169 996 1309 1051 Loth
1334 995 1393 1051 in
1425 996 1817 1059 duobus,cum

165 1102 284 1156 quo
317 1102 431 1140 non
454 1084 776 1157 pluraliter,
802 1086 901 1141 sed
942 1084 1319 1158 singulariter
1340 1085 1709 1157 loquebatur,
1736 1083 1817 1139 ei-

169 1190 285 1245 que
318 1175 711 1246 respondebat
741 1174 915 1230 etiam
948 1175 1073 1247 ipse
1104 1178 1384 1246 tanquam
1416 1191 1590 1230 unus.
1623 1173 1817 1228 Primo

168 1263 389 1334 quippe
417 1263 712 1318 Abraham
734 1279 834 1336 per
851 1269 966 1318 tres
989 1264 1143 1319 viros
1174 1263 1340 1319 illum
1366 1262 1602 1327 audivit,
1621 1266 1820 1334 postea

166 1369 274 1424 per
295 1370 503 1413 unum.
529 1353 629 1424 qui
663 1353 893 1408 duobus
918 1354 977 1408 in
998 1354 1250 1408 Sodoma
1276 1352 1550 1408 euntibus
1573 1367 1819 1406 manens

162 1440 399 1495 locutus
422 1446 511 1496 est
530 1457 660 1495 cum
686 1458 785 1508 eo;
812 1442 954 1497 Loth
988 1446 1181 1497 autem
1209 1458 1310 1513 per
1335 1442 1502 1506 duos,
1539 1447 1729 1496 tamen
1764 1444 1820 1493 et

162 1530 293 1600 ipse
318 1547 500 1584 unum
531 1530 862 1596 Dominum,
889 1548 1059 1602 quem
1094 1548 1195 1603 pro
1228 1531 1566 1586 liberatione
1589 1547 1696 1586 sua
1725 1545 1816 1584 ro-

163 1620 364 1690 gebat,
398 1625 452 1673 et
485 1620 580 1689 qui
603 1636 652 1674 e1
670 1621 1076 1692 respondebat,
1103 1621 1324 1675 audivit
1355 1638 1367 1676 :
1394 1637 1524 1676 cum
1551 1618 1817 1681 ambo,id

161 1713 275 1773 est,
311 1714 367 1762 et
390 1708 682 1763 Abraham
722 1714 774 1763 et
816 1709 980 1775 Loth,
1014 1709 1282 1764 homines
1311 1715 1691 1780 putarenteos
1719 1707 1818 1779 qui

162 1796 359 1869 angeli
381 1804 564 1865 erant;
583 1798 764 1853 Deum
788 1815 922 1853 vero
946 1798 1005 1853 in
1031 1799 1114 1854 eis
1139 1798 1531 1870 intelligerent
1553 1798 1651 1869 qui
1675 1802 1817 1865 erat,

165 1903 284 1939 non
319 1891 592 1958 putarent
615 1903 742 1943 esse
770 1888 866 1959 qui
900 1905 1014 1943 non
1047 1893 1187 1943 erat.
1210 1888 1352 1954 Quid
1389 1888 1497 1943 sibi
1530 1904 1667 1959 ergo
1699 1886 1821 1941 vult

160 1976 282 2030 ista
305 1975 551 2030 visibilis
572 1976 831 2031 Trinitas
863 1976 1320 2049 etintelligibilis
1355 1976 1572 2041 unitas,
1611 1976 1723 2031 nisi
1757 1979 1822 2030 ut

165 2064 339 2119 nobis
360 2063 762 2119 insinuaretur
783 2067 931 2136 quod
956 2065 1039 2120 ita
1063 2069 1182 2121 tres
1210 2064 1405 2121 essent
1443 2071 1614 2121 Pater
1644 2070 1699 2120 et
1732 2066 1817 2119 Fi-

159 2152 279 2207 lius
301 2159 356 2209 et
383 2153 633 2223 Spiritus
667 2160 926 2219 sanctus,
962 2159 1024 2209 ut
1045 2158 1241 2209 tamen
1260 2154 1435 2209 simul
1462 2172 1574 2210 non
1598 2160 1717 2210 tres
1738 2153 1819 2208 dii

166 2248 222 2296 et
244 2242 465 2296 domini
491 2244 824 2306 essent,sed
850 2261 1004 2300 unus
1029 2243 1307 2299 Dominus
1323 2245 1601 2299 Deus?Tu
1627 2252 1818 2299 autem

167 2331 391 2396 dixisti,
425 2333 522 2385 Hic
552 2332 691 2386 Deus
720 2335 868 2388 visus
897 2342 979 2388 est
1008 2333 1241 2390 Abrahae
1272 2352 1290 2387 :
1318 2334 1507 2389 sciens
1534 2339 1589 2388 te
1614 2332 1821 2404 legisse

167 2420 322 2489 quod
345 2420 627 2490 scriptum
645 2424 732 2476 est
754 2421 944 2476 visum
968 2438 1096 2477 esse
1113 2422 1296 2477 Deum
1313 2422 1553 2477 Abrahae
1572 2422 1639 2476 ad
1657 2436 1821 2492 qucr-

164 2523 301 2561 cum
329 2508 587 2563 Mambre
611 2527 623 2563 :
650 2514 704 2565 et
730 2509 929 2565 volens
953 2511 1117 2582 quasi
1148 2512 1391 2581 probare
1406 2511 1715 2566 Dominum
1737 2509 1823 2564 Fi-

163 2596 312 2651 lium
329 2597 517 2652 visum
544 2614 671 2653 esse
690 2598 773 2652 illi
802 2599 1471 2670 patriarchae,declinasti
1496 2601 1567 2655 ab
1584 2599 1821 2655 illistri-

167 2685 280 2739 bus
312 2684 471 2750 viris,
498 2691 552 2741 et
579 2704 677 2743 eos
704 2688 941 2742 omnino
981 2688 1239 2759 tacuisti,
1272 2690 1327 2743 in
1364 2689 1577 2760 quibus
1626 2690 1821 2744 narrat

168 2773 474 2844 Scriptura
507 2774 687 2830 Deum
712 2775 901 2831 visum
936 2776 1115 2832 fuisse
1136 2777 1398 2845 Abrahaa;
1420 2784 1559 2833 netu
1584 2779 1822 2851 ipsenos

171 2863 243 2917 ad
256 2878 522 2918 moneres
538 2864 714 2919 unius
733 2881 860 2920 esse
882 2866 1225 2921 substantia!
1246 2866 1589 2921 Trinitatem
1618 2872 1819 2936 Deum,

170 2950 329 3006 sicut
349 2951 523 3006 unius
538 2956 704 3006 erant
722 2953 1061 3008 substantiae
1078 2961 1191 3009 tres
1204 2954 1311 3009 viri
1333 2971 1480 3026 quos
1498 2956 1827 3011 viditAbra-

176 3040 516 3095 ham:cum
573 3042 936 3111 praedixisset
985 3043 1304 3115 Scriptura,
1361 3046 1510 3098 Visus
1558 3050 1631 3101 est
1680 3051 1822 3101 Deus

170 3128 429 3194 Abrahae,
455 3146 559 3184 nec
589 3134 785 3185 tamen
811 3136 926 3187 tres
951 3132 1089 3187 deos
1119 3149 1269 3198 esse,
1293 3133 1426 3204 quia
1449 3138 1526 3195 et,
1562 3136 1715 3190 Visus
1746 3144 1825 3191 est

184 3219 343 3287 Deus,
378 3218 599 3274 dictum
625 3224 749 3286 est;
776 3237 913 3289 non,
956 3220 1063 3275 visi
1089 3226 1226 3277 sunt
1246 3223 1322 3276 dii
1351 3240 1363 3277 :
1388 3228 1443 3278 et
1473 3223 1598 3295 ipse
1640 3225 1821 3280 Abra-

172 3306 309 3361 ham
340 3312 457 3363 tres
489 3307 650 3373 vidit,
677 3314 730 3363 et
772 3326 953 3364 unum
992 3311 1269 3365 adoravit
1291 3326 1305 3366 :
1331 3328 1360 3365 a
1396 3328 1511 3383 quo
1544 3314 1820 3382 praeteriri

172 3394 394 3457 noluit;
424 3397 496 3449 ab
528 3414 644 3451 uno
667 3414 946 3468 responsa
968 3399 1287 3455 divinitatis
1311 3401 1549 3472 accepit.
1571 3402 1684 3456 Nec
1716 3402 1818 3457 ali-

174 3500 325 3553 quos
357 3484 505 3539 duos
520 3502 718 3539 eorum
736 3486 883 3541 duos
897 3503 1023 3543 esse
1043 3489 1180 3543 deos
1211 3490 1415 3559 sensit,
1441 3491 1540 3544 sed
1565 3506 1744 3544 unum
1763 3490 1821 3545 in

175 3572 492 3628 omnibus:
521 3575 657 3643 quia
688 3580 744 3629 et
777 3575 919 3630 Loth
947 3576 1094 3632 duos
1124 3577 1288 3648 vidit,
1316 3583 1369 3633 et
1399 3582 1594 3634 tamen
1638 3596 1821 3634 unum

177 3660 495 3717 Dominum
529 3665 781 3734 agnovit.
805 3663 908 3719 Ubi
936 3666 1076 3720 mihi
1129 3667 1399 3722 videntur
1437 3684 1540 3739 per
1588 3669 1825 3741 angelos

177 3750 497 3820 signiﬁcari
525 3751 705 3807 Filius
751 3758 806 3808 et
854 3753 1106 3824 Spiritus
1156 3762 1391 3811 sanctus
1427 3758 1738 3829 :quoniam
1763 3775 1826 3814 se

174 3838 264 3893 illi
285 3839 474 3911 angeli
508 3839 722 3896 missos
752 3859 880 3896 esse
901 3843 1189 3904 dixerunt;
1209 3849 1266 3899 et
1296 3846 1367 3900 de
1387 3847 1668 3902 Trinitate
1699 3865 1825 3920 quae

178 3927 335 3982 Deus
366 3934 472 3997 est,
506 3930 668 3984 solus
705 3934 872 3985 Pater
901 3949 1014 3986 non
1049 3931 1261 4004 legitur
1292 3934 1535 4003 missus;
1562 3935 1829 4008 leguntur

178 4024 376 4071 autem
412 4017 573 4072 missi
606 4023 662 4072 et
695 4019 875 4073 Filius
912 4025 967 4074 et
996 4020 1246 4090 Spiritus
1279 4028 1548 4091 sanctus;
1574 4042 1824 4096 quorum

180 4122 296 4161 non
332 4105 461 4161 ideo
501 4112 592 4161 est
638 4107 866 4163 diversa
909 4114 1157 4166 natura:
1192 4128 1326 4166 nam
1360 4117 1417 4166 et
1448 4111 1531 4167 illi
1576 4114 1680 4168 viri
1730 4131 1831 4186 per

181 4209 335 4264 quos
366 4194 677 4265 signiﬁcati
706 4201 869 4261 sunt,
910 4197 1084 4252 unius
1114 4204 1277 4254 erant
1309 4201 1689 4273 ejusdemque
1722 4220 1827 4258 na-

178 4288 345 4337 turas.
382 4282 540 4337 Hanc
572 4300 707 4355 ergo
740 4284 1103 4355 Scripturam
1139 4303 1254 4357 qua
1297 4288 1556 4343 convinci
1604 4307 1827 4361 posses,

178 4376 382 4426 astuto
414 4371 646 4427 silentio
670 4372 959 4428 devitasti.
1002 4375 1064 4428 Et
1098 4391 1229 4430 cum
1264 4377 1531 4444 dixisses,
1568 4380 1663 4433 llic
1695 4382 1830 4435 Deus

178 4463 330 4516 visus
358 4465 438 4516 est
462 4461 738 4518 Abrahae:
762 4462 961 4517 volens
980 4463 1187 4518 Filium
1214 4464 1401 4519 solum
1427 4466 1615 4523 visum
1639 4468 1830 4539 putari

175 4549 235 4603 in
270 4565 337 4605 eo
377 4551 530 4621 quod
583 4551 640 4605 in
692 4551 899 4607 Genesi
943 4551 1171 4622 legitur,
1232 4554 1420 4609 visum
1466 4572 1594 4611 esse
1646 4557 1829 4613 Deum

177 4636 445 4705 Abrahae,
479 4639 773 4708 quomodo
806 4639 882 4693 sit
912 4640 1093 4710 visus,
1127 4640 1316 4697 dicere
1360 4642 1622 4710 noluisti,
1650 4662 1720 4701 ne
1751 4645 1831 4700 ibi

180 4740 298 4780 non
331 4724 491 4780 solus
526 4725 726 4793 Filius,
762 4728 862 4781 sed
895 4727 1147 4784 Trinitas
1179 4737 1560 4801 agnoceretur
1593 4733 1765 4791 Deus.

253 4815 308 4882 8,
341 4814 547 4869 Dixisti
581 4820 772 4869 autem
803 4832 815 4869 :
841 4815 903 4871 Si
932 4819 1011 4871 vis
1038 4818 1277 4887 credere,
1309 4822 1439 4889 quia
1469 4822 1651 4877 Filius
1690 4825 1834 4878 visus

180 4906 262 4957 est
286 4903 537 4973 Abrahw,
568 4907 756 4976 utique
786 4906 901 4976 ipse
924 4906 1249 4979 Unigenitus
1279 4910 1338 4963 in
1366 4920 1552 4966 sancto
1582 4912 1833 4982 afﬁrma-

180 4993 261 5046 vit
282 4993 588 5060 Evangelio
616 4995 697 5047 sic
728 5010 740 5048 :
776 5016 804 5043 ‹‹
838 4995 1113 5050 Abraham
1156 5000 1314 5067 pater
1351 5003 1529 5053 vester
1554 5000 1835 5057 exultavit

180 5084 244 5133 ut
286 5080 496 5135 videret
550 5080 695 5136 diem
754 5099 972 5145 meum;
1018 5094 1067 5140 et
1108 5085 1263 5151 vidit,
1309 5092 1360 5141 et
1405 5090 1622 5158 gavisus
1674 5094 1770 5145 est.
1805 5113 1834 5141 »

181 5170 364 5240 (Joan.
418 5187 542 5240 VIII,
574 5171 687 5241 56).
722 5171 765 5226 Ο
798 5172 1117 5244 disputare,
1166 5192 1197 5229 ο
1230 5177 1475 5246 probare
1507 5179 1827 5250 promissa!

183 5259 355 5330 quasi
406 5259 618 5315 dixerit
674 5260 771 5315 Dei
821 5261 1023 5330 Filius,
1076 5264 1367 5320 Abraham
1440 5273 1599 5336 pater
1648 5276 1839 5325 vester

181 5346 515 5418 concupivit
564 5364 654 5402 me
700 5349 938 5412 videre;
995 5356 1050 5406 et
1108 5352 1272 5418 vidit,
1332 5358 1387 5409 et
1435 5357 1669 5427 gavisus
1726 5362 1833 5413 est.

178 5436 458 5500 Quamvis
492 5441 553 5491 et
597 5435 705 5492 hoc
754 5437 836 5492 sic
889 5439 1079 5494 adhuc
1127 5446 1323 5512 posset
1366 5443 1633 5517 intelligi,
1681 5447 1836 5515 quod

178 5531 423 5581 sanctus
458 5526 795 5581 Patriarcha
826 5528 1011 5583 oculis
1037 5529 1227 5584 cordis
1248 5530 1458 5586 viderit
1479 5531 1577 5588 Dei
1604 5533 1837 5607 Filium,

181 5631 295 5669 non
329 5612 521 5671 oculis
551 5615 746 5669 carnis
776 5615 931 5671 unde
960 5618 1114 5672 inter
1147 5635 1253 5675 nos
1302 5622 1543 5676 vertitur
1574 5624 1836 5694 quaestio.

180 5703 294 5759 Sed
328 5719 465 5759 cum
496 5703 707 5758 dixerit
745 5704 1035 5774 Christus,
1082 5707 1359 5764 Abraham
1398 5714 1709 5784 concupivit
1756 5715 1839 5769 vi-

182 5792 313 5852 dere
340 5792 488 5851 diem
516 5808 699 5849 meum
710 5811 734 5858 ;
772 5796 823 5849 et
868 5794 1029 5863 vidit,
1068 5804 1120 5853 et
1163 5802 1383 5870 gavisus
1426 5803 1508 5857 est
1525 5816 1547 5865 ;
1578 5818 1683 5859 cur
1724 5820 1839 5863 non

509 5921 771 5982 PATROL.
820 5920 1000 5984 XLII.

1524 416 1758 479 LIBER
1800 416 2239 481 SECUNDUS.

3460 429 3581 490 8l0

1927 548 2077 604 diem
2113 550 2322 606 Christi
2355 552 2731 624 intelligimus
2771 558 3003 626 tempus
3026 554 3263 625 Christi,
3310 574 3421 628 quo
3456 576 3584 627 erat,

1929 643 2212 695 venturus
2271 641 2329 695 in
2380 658 2573 708 carne,
2624 645 2777 713 quod
2834 646 3125 701 Abraham
3173 647 3319 702 sicut
3358 655 3415 704 et
3460 649 3581 705 allii

1932 726 2233 798 Propheta:
2262 729 2320 784 in
2354 729 2561 802 spiritu
2612 732 2799 802 potuit
2845 734 3036 790 videre
3076 740 3253 807 atque
3280 739 3584 809 gaudere?

1930 815 2128 887 Neque
2158 817 2252 873 hic
2274 818 2455 890 igitur
2472 820 2624 891 quod
2650 838 3036 894 proposueras
3057 831 3113 879 et
3138 825 3432 897 pollicitus
3456 828 3581 885 fue-

1930 921 2046 972 ras,
2082 908 2325 978 probare
2355 909 2618 979 potuisti.

2003 994 2060 1050 9.
2096 994 2232 1051 Post
2262 996 2605 1053 hacvenisti
2626 998 2697 1053 ad
2715 998 3021 1073 Jacob,qui
3047 999 3304 1060 luctatus
3335 1009 3422 1060 est
3443 1022 3576 1063 cum

1929 1084 2170 1156 Angelo,
2203 1102 2377 1157 quem
2400 1087 2689 1158 scriptura
2718 1088 2847 1161 ipsa
2869 1089 3160 1147 Geneseos
3190 1095 3247 1148 et
3280 1092 3577 1152 hominem

1930 1173 2073 1228 dicit
2103 1178 2159 1228 et
2187 1174 2391 1231 Deum.
2425 1176 2570 1231 Nam
2604 1176 2683 1231 ita
2710 1176 2960 1249 legitur:
2984 1181 3262 1237 Remansit
3282 1190 3465 1238 autem
3491 1184 3578 1240 Ja-

1929 1262 2024 1317 cob
2052 1263 2218 1329 solus,
2251 1271 2300 1319 et
2329 1265 2641 1320 luctabatur
2656 1266 2816 1321 homo
2836 1283 2958 1322 cum
2982 1269 3080 1324 illo
3111 1285 3277 1341 usque
3305 1273 3362 1326 in
3388 1288 3572 1329 mane.

1936 1352 2076 1406 Vidit
2106 1356 2291 1408 autem
2321 1354 2461 1424 quod
2488 1369 2595 1410 non
2624 1358 2798 1426 potest
2823 1355 2894 1410 ad
2921 1373 3066 1427 eum,
3099 1362 3151 1413 et
3180 1360 3355 1430 tetigit
3376 1361 3575 1417 latitu-

1926 1440 2114 1495 dinem
2153 1442 2381 1510 femoris
2434 1443 2568 1512 ejus,
2607 1450 2658 1497 et
2701 1443 3013 1515 obstupuit‘
3065 1446 3302 1502 latitudo
3349 1451 3577 1520 femoris

1928 1528 2111 1594 Jacob,
2143 1529 2274 1583 dum
2304 1531 2603 1586 luctaretur
2631 1547 2755 1585 cum
2783 1546 2877 1593 eo;
2908 1536 2959 1587 et
3004 1532 3149 1588 dixit
3200 1535 3326 1590 illi:
3353 1537 3578 1593 Dimitte

1928 1632 2013 1671 me
2028 1633 2048 1675 ,·
2077 1617 2312 1671 ascendit
2341 1620 2487 1673 enim
2519 1635 2742 1673 aurora.
2776 1621 2877 1676 Ille
2916 1625 3099 1676 autem
3127 1622 3272 1678 dixit
3292 1642 3311 1677 .·
3359 1626 3476 1681 Νοη
3528 1628 3579 1682 te

1928 1704 2224 1769 dimittam.
2255 1707 2372 1761 nisi
2403 1724 2487 1761 me
2518 1707 2876 1765 benedixeris.
2913 1711 3066 1765 Dixit
3096 1715 3281 1768 autem
3301 1714 3355 1768 ei
3384 1730 3396 1769 :
3428 1713 3578 1781 Quod

1928 1802 2231 1849 estnomen
2277 1800 2481 1850 tuum?
2511 1796 2608 1852 Ille
2648 1800 2832 1851 autem
2872 1798 3019 1854 dixit
3048 1816 3067 1853 :
3099 1801 3277 1856 Iacob.
3326 1802 3391 1857 Et
3431 1802 3581 1860 dixit

1930 1884 2019 1936 ei:
2045 1884 2159 1937 Non
2188 1885 2471 1938 vocabitur
2499 1884 2743 1955 amplius
2791 1901 2988 1941 nomen
3042 1894 3198 1942 tuum
3242 1889 3441 1958 Iacob;
3481 1890 3581 1947 sed

1927 1972 2095 2026 Israel
2124 1974 2233 2027 erit
2281 1988 2478 2028 nomen
2522 1977 2700 2043 tuum,
2748 1975 2883 2045 quia
2912 1976 3137 2031 valuisti
3181 1993 3305 2033 cum
3360 1980 3487 2047 Deo,
3527 1987 3580 2036 et

1928 2077 2053 2115 cum
2082 2062 2398 2117 hominibus
2416 2070 2607 2130 porcus
2628 2078 2701 2118 es.
2718 2064 2947 2132 Rogavit
2967 2068 3149 2120 autem
3168 2082 3290 2122 eum
3309 2068 3473 2123 Jacob
3493 2068 3576 2123 di-

1928 2152 2367 2205 cens:Enuntia
2417 2152 2565 2206 mihi
2594 2167 2793 2207 nomen
2845 2161 3019 2209 tuum.
3070 2155 3136 2208 Et
3174 2155 3367 2211 dixit:
3401 2157 3580 2225 Quare

1930 2238 2030 2293 hoc
2076 2240 2388 2308 interrogas
2440 2248 2499 2293 tu
2547 2255 2745 2295 nomen
2789 2246 3008 2296 meum?
3036 2243 3098 2296 Et
3129 2243 3409 2300 benedixit
3449 2263 3578 2302 eum

1931 2328 2066 2382 illic.
2103 2328 2164 2383 Et
2193 2328 2499 2399 appellavit
2527 2330 2688 2384 Jacob
2718 2344 2916 2384 nomen
2948 2331 3055 2386 loci
3096 2333 3270 2398 illius,
3320 2335 3577 2405 Aspectus

1928 2417 2027 2470 Dei
2049 2433 2061 2470 :
2090 2416 2375 2471 Vidienim
2400 2418 2569 2472 Deum
2596 2418 2740 2487 facie
2767 2417 2838 2472 ad
2865 2420 3087 2490 faciem,
3139 2428 3191 2475 et
3233 2420 3391 2477 salva
3427 2429 3576 2494 [acta

1928 2514 2006 2560 est
2032 2506 2223 2559 anima
2252 2522 2373 2560 mea
2405 2506 2560 2577 (Gen.
2612 2522 2791 2573 χχχιι,
2834 2508 3045 2575 24-30).
3081 2509 3161 2564 Ex
3187 2508 3304 2565 ista
3330 2510 3576 2569 lectione

1930 2593 2167 2649 unicum
2200 2593 2298 2648 Dei
2332 2594 2541 2649 Filium
2575 2598 2631 2650 et
2660 2598 2971 2666 antequam
3015 2596 3271 2654 venisset
3313 2598 3372 2653 in
3404 2616 3578 2657 carne

1928 2682 2234 2737 visibiliter
2273 2683 2617 2754 apparuisse
2657 2684 2886 2739 conaris
2935 2686 3240 2742 ostendam
3275 2704 3288 2741 :
3321 2688 3419 2743 ubi
3469 2690 3579 2745 etsi

1930 2789 2042 2826 non
2077 2772 2329 2827 absurde
2352 2771 2615 2827 Christus
2644 2771 2995 2845 intelligitur
3018 2774 3324 2844 ﬁguratus,
3342 2784 3582 2850 propter

1929 2859 2294 2931 prophetiam
2328 2862 2524 2915 futura
2554 2860 2947 2926 nuntiantem,
2979 2863 3119 2933 quia
3153 2865 3417 2921 futurum
3449 2870 3575 2924 erat

1929 2953 1994 3003 ut
2020 2949 2199 3004 Jacob
2231 2949 2290 3003 in
2341 2948 2476 3004 ﬁliis
2515 2949 2638 3004 suis
2670 2949 2768 3019 qui
2801 2950 3216 3007 cruciﬁxerunt
3244 2952 3574 3024 Christum,

1928 3036 2302 3109 praevaluisse
2332 3036 2557 3092 Christo
2587 3038 2917 3106 videretur;
2969 3043 3026 3093 et
3072 3040 3133 3095 in
3165 3040 3303 3097 ﬁliis
3343 3042 3468 3099 suis
3497 3042 3577 3098 vi-

1927 3127 2089 3181 deret
2118 3126 2411 3181 Christum
2444 3126 2588 3181 facie
2619 3126 2689 3181 ad
2725 3127 2951 3192 faciem,
2983 3133 3040 3183 et
3077 3128 3236 3184 salva
3258 3130 3420 3187 ﬁeret
3447 3132 3572 3188 ani-

1929 3233 2025 3270 ma
2059 3215 2452 3270 lsraelitarum
2485 3216 2584 3285 qui
2612 3215 2857 3271 ﬁdeliter
2889 3215 2997 3272 hoc
3022 3218 3293 3275 viderunt
3328 3236 3340 3275 :
3375 3226 3573 3279 tamen

1927 3304 2083 3359 hunc
2114 3304 2407 3360 hominem
2443 3304 2539 3375 qui
2570 3304 2825 3360 luctatus
2864 3311 2952 3362 est
2994 3323 3127 3363 cum
3184 3308 3385 3381 Jacob,
3430 3310 3573 3370 Osee

1928 3393 2209 3465 propheta
2237 3393 2530 3448 evidenter
2575 3393 2848 3465 angelum
2899 3395 3060 3451 dicit.
3104 3396 3196 3451 Sic
3228 3398 3379 3454 enim
3412 3402 3567 3471 apud

1929 3500 2061 3538 eum
2104 3484 2387 3555 scriptum
2419 3489 2509 3540 est
2551 3485 2621 3541 de
2653 3486 2831 3541 Jacob
2866 3502 2878 3540 :
2917 3488 2979 3542 In
3014 3490 3169 3543 utero
3198 3489 3578 3559 supplantavit

1928 3573 2165 3642 fratrem
2194 3589 2378 3642 suum,
2414 3575 2465 3627 et
2494 3574 2554 3627 in
2584 3573 2767 3628 labore
2790 3575 3092 3644 praevaluit
3124 3576 3250 3645 Deo,
3284 3579 3334 3630 et
3354 3578 3573 3647 confor-

1928 3664 2076 3716 tatus
2104 3665 2182 3717 est
2210 3677 2331 3716 cum
2353 3662 2577 3733 angelo,
2610 3671 2661 3717 et
2690 3665 2864 3732 potuit
2895 3662 3047 3730 (Osee
3075 3681 3174 3731 xu,
3207 3664 3262 3735 3,
3296 3665 3367 3736 4).
3416 3665 3583 3721 Sicut

1930 3766 2065 3822 ergo
2098 3750 2157 3805 in
2187 3749 2395 3805 Genesi
2426 3749 2523 3805 ille
2553 3751 2651 3822 qui
2681 3749 2936 3807 luctatus
2980 3756 3069 3807 est
3111 3770 3245 3809 cum
3296 3753 3496 3824 Jacob,
3528 3756 3587 3810 et.

1932 3839 2107 3894 homo
2136 3845 2193 3895 et
2227 3844 2373 3894 Deus
2403 3838 2691 3902 dicitur”;
2725 3840 2805 3895 ita
2851 3845 2909 3896 et
2956 3841 3028 3897 ab
3059 3841 3167 3897 hoc
3214 3841 3496 3914 propheta
3527 3847 3587 3898 et

1934 3929 2086 3984 Deus
2117 3934 2171 3983 et
2200 3927 2467 4000 angelus.
2499 3930 2578 3983 Ae
2611 3945 2712 4000 per
2740 3928 2849 3984 hoc
2892 3929 2971 3985 ita
3020 3930 3117 4002 qui
3155 3935 3279 3986 erat
3310 3931 3578 4003 angelus,

1933 4018 2124 4073 dictus
2154 4023 2241 4073 est
2273 4016 2466 4084 homo,
2492 4018 2783 4089 quomodo
2804 4017 2886 4074 illi
2909 4019 3048 4074 dicti
3080 4025 3216 4075 sunt
3236 4020 3342 4075 viri
3365 4020 3463 4091 qui
3488 4037 3589 4093 ap-

1934 4111 2257 4179 paruerunt
2285 4106 2550 4175 Abrahae,
2585 4108 2818 4178 quando
2868 4108 3227 4163 nescientes3
3269 4112 3324 4164 et
3357 4109 3483 4180 ipse
3523 4114 3583 4165 et

1936 4197 2075 4251 Loth
2108 4195 2361 4266 hospitio
2384 4200 2723 4266 receperunt
2754 4195 3178 4269 angelos.Deus
3200 4213 3335 4269 ergo
3366 4203 3487 4252 erat
3520 4197 3580 4253 in

1935 4284 2164 4356 angelo,
2194 4285 2346 4338 sicut
2375 4290 2464 4339 est
2494 4284 2646 4339 Deus
2669 4283 2727 4338 in
2770 4284 3025 4351 homine,
3063 4285 3313 4341 maxime
3344 4286 3579 4356 quando

1934 4390 2033 4445 per
2065 4373 2363 4428 hominem
2394 4372 2670 4441 loquitur.
2706 4374 2790 4427 Ita
2818 4390 2951 4428 vero
2984 4390 3083 4445 per
3114 4374 3270 4429 hunc
3301 4374 3577 4447 angelum

1934 4464 2221 4534 ﬁguratus
2252 4467 2340 4517 est
2366 4461 2654 4527 Christus,
2687 4463 2837 4517 sicut
2866 4478 2965 4531 per
2995 4462 3314 4518 hominem.
3348 4463 3493 4518 Nam
3526 4468 3585 4518 et

1936 4553 2097 4607 Isaac
2117 4551 2271 4605 ﬁlius
2305 4550 2573 4615 Abrahae,
2606 4551 2745 4621 quid
2766 4556 2891 4606 erat
2913 4550 2970 4605 in
3006 4551 3213 4624 ﬁgura,
3239 4550 3349 4607 nisi
3385 4551 3582 4609 Chris-

1935 4645 2053 4709 tus,
2089 4641 2322 4711 quando
2353 4640 2508 4694 sicut
2538 4639 2659 4694 ovis
2691 4640 2760 4693 ad
2795 4639 3221 4696 immolandum
3254 4641 3466 4696 ductus
3497 4642 3586 4696 est

1937 4730 2376 4802 (lsai.L1u,7),et
2406 4729 2638 4800 quando
2666 4728 2818 4784 sicut
2842 4729 3367 4786 Dominuscrucem
3390 4744 3584 4796 suam,

1938 4819 2019 4874 ita
2050 4822 2106 4874 et
2146 4819 2270 4889 ipse
2311 4818 2419 4873 sibi
2466 4817 2681 4888 quibus
2745 4818 2933 4874 fuerat
2977 4819 3369 4890 imponendus
3427 4817 3589 4889 ligna

1938 4907 2246 4980 portabat?
2278 4911 2602 4973 Postremo,
2635 4907 2777 4978 quid
2830 4907 3116 4963 miramur
3160 4924 3264 4979 per
3312 4907 3602 4979 angelum.

1938 4998 2253 5068 ﬁguratum
2281 5012 2409 5051 esse
2437 4995 2663 5063 Jesum,
2698 4997 2744 5052 si
2776 5014 2889 5052 non
2922 4995 3111 5052 solum
3140 5013 3241 5069 per
3261 4996 3584 5065 hominem,

1937 5102 2141 5142 verum
2184 5084 2356 5140 etiam
2417 5102 2519 5157 per
2564 5087 2847 5157 pecudem
2907 5086 3193 5157 ﬁguratus
3248 5085 3382 5142 est?
3435 5085 3583 5140 Nam

1941 5175 2072 5246 quis
2103 5174 2254 5230 alius
2304 5178 2430 5229 erat
2477 5174 2574 5229 ille
2606 5174 2755 5230 aries
2804 5173 2903 5246 qui
2961 5175 3240 5230 cornibus
3282 5174 3591 5230 tenebatur

1940 5266 1999 5319 in
2030 5280 2220 5335 vepre,
2255 5262 2366 5317 nisi
2390 5262 2659 5318 Christus
2689 5262 3023 5332 cruciﬁxus,
3058 5261 3144 5317 vel
3178 5262 3366 5334 spinis
3407 5262 3586 5319 etiam

1942 5356 2271 5409 coronatus.
2308 5351 2473 5405 Hunc
2504 5356 2698 5406 autem
2743 5351 2980 5407 arietem
3015 5368 3116 5423 pro
3147 5351 3283 5418 ﬁlio,
3319 5353 3412 5408 cui
3458 5368 3589 5424 par-

1941 5456 2068 5496 cere
2082 5444 2290 5510 jussus
2320 5445 2410 5493 est
2434 5439 2759 5493 immolavit
2788 5438 3081 5495 Abraham
3106 5439 3592 5514 (Gen.xxn,6-l3).

1944 5530 2032 5585 Ita
2079 5528 2235 5584 enim
2290 5526 2513 5582 homini
2566 5526 2725 5598 parci
2782 5531 2931 5583 Deus
2964 5527 3169 5600 jussit,
3203 5533 3268 5585 ut
3296 5534 3495 5586 tamen
3526 5544 3597 5586 ex

2006 5690 2022 5725 ί
2056 5689 2115 5737 ln
2150 5687 2293 5745 Mss.,
2319 5684 2562 5749 obstipuit

2006 5754 2028 5787 ²
2054 5752 2198 5811 Msa,
2232 5752 2281 5798 et
2310 5748 2459 5797 Deus
2473 5748 2652 5811 scitur.

2005 5814 2028 5852 ³
2055 5810 2201 5872 Msa,
2236 5811 2445 5879 quando
2475 5810 2722 5863 videntes.
