4040 6504
443 371 553 431 811

444 521 668 578 pecore,
700 507 937 580 propter
970 504 1306 579 passionem
1354 503 1588 576 Christi,
1622 521 1748 579 qua
1790 504 1890 564 illo
1913 506 2084 563 modo

443 595 1311 669 pmnuntiabatur,mysterium
1334 596 1481 653 sacri
1498 596 1804 669 sanguinis
1819 595 2089 669 implere-

442 687 554 741 tur.
581 685 639 742 Si
669 701 805 758 ergo
827 690 998 757 putas
1034 687 1408 759 proprietate,
1454 703 1570 742 non
1613 686 1843 760 ﬂigura.
1886 685 2085 743 Chris-

440 776 566 830 tum
598 776 781 831 fuisse
810 773 1107 848 angelum,
1155 774 1254 845 qui
1284 774 1541 832 luctatus
1578 779 1668 832 est
1709 792 1842 831 cum
1872 774 2082 843 Jacob;

441 867 606 936 potes
689 864 881 921 dicere
920 864 1294 936 proprietate,
1348 880 1465 921 non
1512 865 1731 938 figura,
1787 864 2083 919 Christum

439 950 621 1009 fuisse
650 952 912 1025 arietem,
946 969 1119 1026 quem
1162 953 1494 1025 patriarcha
1537 952 1863 1010 immolavit
1907 953 2087 1008 Abra-

438 1040 573 1098 ham
598 1059 612 1098 :
647 1046 809 1115 potes
839 1046 1133 1115 postremo
1164 1042 1356 1099 dicere
1385 1042 1761 1115 proprietate,
1794 1059 1911 1098 non
1942 1042 2087 1114 figu-

439 1147 523 1199 ra,
555 1130 855 1187 Christum
890 1131 1070 1188 fuisse
1101 1136 1351 1204 petram,
1400 1148 1527 1204 qua:
1575 1148 1854 1204 percussa
1902 1132 2081 1203 ligno,

438 1219 659 1276 sitienti
717 1219 930 1293 populo
990 1225 1195 1292 potum
1240 1219 1642 1293 largissimum
1691 1220 1843 1276 fudit
1889 1219 2082 1292 (Emori.

436 1325 573 1377 xvn,
603 1310 681 1378 6).
712 1311 804 1365 Sic
833 1310 990 1365 enim
1022 1309 1163 1364 dicit
1192 1308 1508 1381 Apostolus
1532 1326 1545 1366 :
1568 1309 2085 1367 Bibebantenimde

436 1400 720 1471 spirituali
744 1405 997 1471 sequente
1028 1403 1186 1471 petra
1203 1414 1225 1462 ,'
1254 1408 1408 1471 petra
1432 1405 1629 1456 autem
1665 1408 1784 1457 erat
1833 1400 2085 1456 Christus

438 1488 483 1561 (Ι
514 1489 635 1546 Cor.
666 1506 723 1561 χ,
755 1490 829 1562 4).
865 1489 1086 1563 Figura:
1115 1488 1241 1545 istae
1263 1507 1377 1547 non
1402 1507 1492 1547 res
1514 1490 1653 1563 ipsa:
1684 1492 1939 1558 fuerunt,
1960 1490 2086 1563 qui-

437 1577 549 1634 bus
576 1578 780 1651 ﬂguris
812 1580 1271 1652 praecedentibus
1304 1596 1396 1637 res
1427 1580 1915 1652 significabantur
1956 1595 2085 1636 esse

433 1671 727 1724 venturas:
757 1684 885 1740 qua:
917 1668 1113 1742 ﬁguras
1130 1686 1233 1742 per
1244 1670 1571 1741 subjectam
1592 1669 1719 1726 Deo‘
1733 1674 2082 1738 creaturam,

435 1760 492 1813 et
522 1756 773 1813 maxime
801 1773 905 1830 per
932 1758 1281 1830 Angelorum
1299 1758 1717 1825 ministerium,
1745 1758 2082 1815 mortalium

436 1847 818 1903 exibebantur
845 1849 1202 1920 aspectibus,
1232 1849 1333 1905 Dei
1365 1849 1600 1921 quidem
1634 1854 1839 1921 agente
1878 1854 2084 1920 poten-

437 1936 539 2004 tia,
572 1936 673 1992 sed
703 1940 899 1992 tamen
930 1934 1146 1993 latente
1162 1943 1391 2007 natura,
1420 1938 1539 1993 sive
1556 1937 1762 2009 Patris,
1780 1937 1899 1994 sive
1929 1936 2081 2006 Filii,

438 2025 559 2081 sive
579 2024 833 2097 Spiritus
862 2026 1072 2081 sancti.

510 2114 598 2170 lO.
634 2114 1083 2187 Frustraitaque
1097 2114 1311 2171 asseris
1333 2113 1542 2171 Filium
1565 2114 1666 2171 Dei
1688 2114 1877 2171 visum
1901 2115 2084 2173 fuisse

438 2203 509 2259 ab
531 2203 895 2272 hominibus,
913 2204 1140 2259 Patrem
1164 2208 1358 2259 autem
1387 2221 1501 2259 non
1532 2204 1713 2260 fuisse
1734 2205 1925 2261 visum
1948 2221 2083 2262 cum

439 2309 541 2366 per
569 2293 892 2364 subjectam
927 2293 1039 2348 sibi
1059 2299 1384 2348 creaturam
1404 2298 1460 2350 et
1482 2293 1647 2349 Peter
1667 2294 1849 2351 videri
1907 2300 2082 2367 potu-

435 2382 567 2453 erit,
597 2386 655 2438 et
696 2381 897 2453 Filius,
930 2386 989 2437 et
1016 2381 1269 2453 Spiritus
1303 2386 1544 2438 sanctus
1573 2400 1586 2450 ;
1622 2399 1722 2453 per
1751 2400 1918 2439 suam
1950 2401 2082 2440 vero

432 2470 824 2527 substantiam
854 2470 1053 2526 nullus
1101 2471 1340 2525 illorum
1370 2471 1531 2526 visus
1558 2475 1666 2527 est.
1716 2472 1864 2544 Ergo
1905 2472 2080 2539 Deus,

432 2560 585 2617 sicut
626 2559 877 2616 inﬁrmis
906 2559 1212 2615 hominum
1244 2560 1536 2627 sensibus,
1572 2562 1760 2634 magis
1789 2561 2082 2633 signiﬁca-

429 2654 527 2706 tus
558 2666 735 2722 quam
767 2650 1205 2705 demonstratus
1236 2654 1343 2704 est.
1386 2649 1511 2705 Non
1548 2649 1744 2721 itaque
1793 2650 1954 2706 visus
1995 2655 2084 2707 est

429 2739 582 2795 sicut
597 2744 685 2795 est
708 2755 721 2794 :
748 2740 858 2794 hoc
880 2738 1095 2811 quippe
1120 2738 1181 2793 in
1214 2738 1411 2793 futura
1431 2739 1547 2793 vita
1568 2739 2080 2810 promittitursan-

427 2829 557 2884 ctis.
613 2827 776 2884 Unde
831 2827 971 2882 dicit
1019 2827 1321 2899 apostolus
1370 2831 1661 2884 Joannes:
1703 2829 2079 2895 Dilectissimi,

424 2934 571 2973 nuuc
600 2918 711 2988 ﬁlii
739 2918 837 2973 Dei
855 2933 1066 2987 sumus,
1104 2926 1157 2972 et
1186 2916 1431 2972 nondum
1482 2919 1740 2988 apparuit
1789 2918 1918 2988 quid
1969 2921 2081 2973 eri-

423 3024 582 3063 mus:
612 3009 815 3062 scimus
843 3010 1021 3061 autem
1055 3007 1181 3076 quia
1221 3022 1346 3060 cum
1390 3009 1732 3077 apparuerit,
1778 3008 1987 3062 similes
2029 3010 2083 3064 ei

422 3100 650 3165 erimus,
719 3096 979 3169 quaniam
1023 3094 1331 3150 videbimus
1375 3111 1498 3150 eum
1536 3096 1702 3151 sicuti
1728 3104 1807 3151 est
1835 3098 1880 3166 (Ι
1921 3098 2077 3152 .Ioan.

429 3204 515 3255 ιιι,
538 3189 617 3258 2).
648 3185 931 3240 Viderunt
958 3201 1095 3257 ergo
1121 3189 1180 3240 et
1208 3183 1267 3238 in
1290 3184 1399 3240 hoc
1428 3184 1640 3241 saeculo
1670 3185 1926 3257 Apostoli
1976 3187 2081 3243 Do-

429 3274 653 3332 minum
679 3291 693 3343 ;
722 3273 1014 3340 viderunt,
1046 3274 1148 3330 sed
1183 3290 1297 3329 non
1329 3273 1482 3329 sicut
1511 3278 1621 3330 est.
1644 3274 1905 3347 Denique
1926 3276 2080 3349 Moy-

427 3380 521 3421 ses
553 3380 687 3421 eum
712 3362 821 3419 sibi
855 3361 1125 3435 cupiebat
1153 3363 1404 3429 ostendi,
1436 3364 1705 3435 quamvis
1735 3381 1866 3419 cum
1893 3381 1960 3420 eo
1991 3365 2076 3421 fa-

426 3453 512 3510 cie
569 3453 640 3509 ad
698 3452 903 3508 faciem
944 3453 1242 3524 Scriptura
1283 3451 1475 3508 indice
1515 3451 1847 3521 loqueretur
1873 3455 2070 3521 (Exod.

423 3560 620 3611 XXXIII,
654 3541 742 3613 l3,
779 3542 887 3613 11).
920 3542 1081 3608 Quod
1114 3558 1247 3597 cum
1279 3542 1339 3597 in
1384 3558 1516 3598 mea
1562 3543 1834 3613 superius
1870 3561 2069 3614 prose-

423 3633 654 3688 cutione
704 3631 1006 3699 dixissem,
1039 3630 1208 3703 quasi
1256 3647 1373 3686 non
1424 3631 1679 3687 audieris
1737 3633 2067 3703 praeteristi,

420 3738 555 3777 cum
582 3721 687 3776 tibi
718 3720 982 3792 ejusdem
1014 3737 1157 3776 meae
1186 3720 1613 3792 prosecutionis
1644 3721 1873 3777 recitari
1904 3739 1971 3777 ex
1988 3726 2070 3778 ta-

418 3810 576 3866 bulis
595 3808 1348 3866 universavoluissem.Non
1363 3813 1557 3865 autem
1572 3809 1908 3866 discernens
1924 3811 2064 3883 quid

416 3899 496 3955 sit
515 3898 697 3955 videri
718 3899 900 3955 Deum
927 3916 1027 3971 per
1055 3899 1448 3955 substantiam
1498 3915 1689 3969 suam,
1729 3904 1786 3954 et
1818 3901 1957 3971 quid
1989 3900 2067 3957 sit

416 3988 598 4045 videri
628 3989 810 4044 Deum
843 3999 947 4061 p'er
979 3989 1305 4060 subjectam
1348 3995 1696 4055 creaturam,
1737 3988 1797 4043 in
1838 3995 2062 4047 tantam

416 4076 844 4150 blasphemiam
886 4076 1178 4143 decidisti,
1224 4081 1290 4131 ut
1318 4076 1684 4149 unigenitum
1717 4078 1816 4133 Dei
1849 4078 2061 4136 Filium

416 4184 519 4239 per
554 4167 662 4223 hoc
694 4168 887 4239 ipsum
917 4167 1073 4238 quod
1106 4166 1259 4221 Deus
1290 4170 1379 4221 est
1411 4165 1753 4222 mutabilem
1788 4168 2010 4225 diceres
2044 4186 2057 4225 :

416 4256 888 4329 quandoquidem
926 4255 1032 4312 soli
1067 4255 1216 4310 Patri
1248 4255 1467 4327 putasti
1505 4272 1633 4311 esse
1679 4256 2059 4315 tribuendum

414 4347 569 4418 quod
601 4345 884 4417 scriptum
914 4361 1043 4400 esse
1072 4344 1291 4413 dixisti,
1328 4347 1429 4415 Ego
1449 4362 1569 4401 sum
1597 4347 1695 4416 qui
1711 4364 1853 4416 sum,
1878 4352 2060 4403 etnon

408 4450 534 4489 sum
560 4438 845 4499 mutatus;
874 4436 1042 4505 quasi
1073 4434 1252 4490 Filius
1290 4435 1377 4489 vel
1409 4434 1659 4506 Spiritus
1709 4442 1951 4491 sanctus
1982 4437 2059 4493 sit

410 4526 673 4579 mutatus
707 4525 941 4595 quando
988 4522 1294 4579 visibiliter
1326 4524 1617 4595 apparuit,
1650 4522 1737 4578 vel
1772 4524 1867 4579 ille
1896 4527 2051 4596 quod

406 4616 636 4668 constat
666 4617 841 4668 natus
873 4629 942 4667 ex
968 4613 1203 4679 femina,
1235 4611 1324 4667 vel
1363 4615 1472 4667 iste
1504 4613 1560 4666 in
1609 4612 1800 4684 specie
1831 4614 2053 4669 colum-

404 4702 488 4756 baa
521 4706 621 4756 aut
650 4700 838 4774 igneis
868 4700 1087 4774 linguis
1110 4719 1171 4757 se
1186 4702 1461 4756 humanis
1489 4701 1823 4773 aspectibus
1852 4719 2051 4759 mons-

401 4797 587 4847 trans.
620 4790 782 4848 Unde
819 4791 947 4863 jam
980 4790 1253 4862 respondi
1286 4789 1389 4845 tibi
1421 4790 1480 4844 in
1511 4807 1576 4845 eo
1626 4806 1916 4859 sermone,
1953 4792 2051 4849 ubi

402 4879 630 4935 ostendi
661 4897 776 4936 non
795 4883 853 4936 te
875 4879 1153 4936 refellisss
1179 4896 1303 4950 quas
1334 4878 1472 4934 dixi.
1504 4878 1669 4934 Nunc
1699 4896 1832 4935 vero
1864 4887 1927 4935 ut
1958 4881 2047 4936 in-

401 4968 631 5041 telligas
662 4970 955 5042 quomodo
986 4969 1195 5025 dixerit
1225 4968 1400 5033 Deus,
1430 4968 1539 5038 Ego
1556 4983 1679 5022 sum
1711 4972 1805 5038 qui
1832 4986 1974 5039 sum,
1997 4975 2047 5027 et

398 5072 507 5115 non
529 5076 650 5114 sum
678 5063 945 5125 mutatus,
978 5057 1063 5115 vel
1096 5058 1249 5130 quod
1283 5057 1567 5128 scriptum
1601 5058 1789 5129 magis
1822 5058 2043 5114 inveni-

397 5152 514 5212 tur,
546 5150 653 5220 Ego
682 5151 829 5204 enim
856 5150 1142 5217 Dominus,
1174 5153 1224 5203 et
1260 5163 1368 5203 non
1394 5150 1576 5200 mutor
1616 5146 1713 5217 (Id.
1765 5148 1818 5213 3,
1871 5148 1958 5215 14,
1992 5154 2046 5204 et

397 5236 635 5292 Malae/1.
667 5236 720 5303 3,
751 5239 836 5309 6);
869 5238 1147 5309 quoniam
1179 5252 1293 5291 non
1327 5234 1487 5290 solus
1525 5238 1715 5299 Pater,
1748 5236 1849 5290 sed
1889 5237 2042 5292 Deus

396 5342 549 5381 unus
572 5326 680 5382 hoc
710 5327 872 5393 dixit,
908 5327 1060 5398 quod
1110 5330 1199 5381 est
1228 5326 1356 5396 ipsa
1403 5323 1690 5390 Trinitas;
1743 5324 2039 5382 Psalmum

392 5414 625 5469 attende
648 5415 745 5469 ubi
780 5415 993 5487 legitur
1027 5432 1041 5470 :
1078 5417 1149 5470 Tu
1178 5416 1238 5468 in
1252 5414 1816 5485 principio,Domine,
1836 5420 2041 5472 terram

383 5501 655 5571 fundasti,
689 5508 739 5558 et
768 5520 935 5573 opera
962 5520 1228 5559 manuum
1276 5508 1503 5558 tuarum
1548 5505 1679 5556 sunt
1722 5503 1849 5557 caeli
1881 5520 1894 5559 :
1929 5506 2040 5574 ipsi

384 5592 668 5663 peribunt;
703 5595 763 5646 tu
791 5596 973 5647 autem
1018 5593 1368 5665 permanebis
1396 5610 1414 5647 :
1447 5596 1497 5648 et
1527 5608 1712 5647 omnes
1743 5595 1886 5646 sicut
1916 5609 2034 5648 ves-

385 5682 681 5739 timentum
708 5684 1053 5750 veterascent,
1082 5686 1137 5737 et
1178 5682 1324 5739 velut
1370 5686 1749 5752 tegumentum
1795 5682 2034 5741 mutabis

384 5786 490 5843 eos,
523 5778 574 5829 et
600 5770 997 5838 mutabuntur;
1035 5775 1097 5829 tu
1130 5776 1314 5829 autem
1367 5770 1513 5829 idem
1543 5771 1657 5845 ipse
1683 5786 1759 5841 es,
1815 5779 1868 5830 et
1891 5772 2034 5832 anni

923 372 1233 434 CONTRA
1276 371 1742 434 MAXIMINUM
1789 372 2264 436 ARIANORUM
2310 372 2779 446 EPISCOPUM,
2825 375 2890 434 S.
2937 373 3362 437 AUGUSTINI

3728 378 3847 438 812

2194 509 2275 562 iui
2304 520 2415 561 non
2442 506 2696 576 deﬁcient
2723 505 2740 578 (
2769 507 2919 562 Psal.
2961 523 3035 575 c1,
3084 507 3301 581 26-28).
3348 506 3467 564 Hoc
3525 512 3722 565 autem
3773 511 3847 566 ad

2194 596 2403 651 Filium
2436 595 2534 651 Dei
2567 595 2786 651 dictum
2817 613 2941 653 esse
2972 596 3031 653 in
3064 597 3318 669 Epistola
3349 614 3475 670 quae
3504 603 3595 655 est
3624 600 3695 655 ad
3732 597 3839 656 He-

2190 685 2374 742 braeos
2390 690 2609 766 sancta
2632 686 2931 759 Scriptura
2953 691 3205 743 testatur
3221 686 3404 759 (Hebr.
3422 705 3463 751 ι,
3480 689 3686 761 10-12).
3704 689 3847 754 Quis

2188 792 2321 831 vero
2352 792 2467 832 non
2509 775 2816 849 intelligat,
2848 776 2945 833 ubi
2995 776 3400 851 dicitur,plei
3445 779 3847 843 mutabuntur,-

2188 868 2250 921 tu
2278 874 2459 921 autem
2480 866 2626 921 idem
2655 867 2767 938 ipse
2793 882 2887 935 es;
2920 865 3065 921 nihil
3096 866 3210 922 dici
3244 865 3427 933 aliud,
3460 867 3595 934 nisi,
3619 868 3708 923 'l‘u
3730 885 3847 927 non

2191 954 2489 1010 mutaris?
2533 957 2613 1011 Ac
2644 971 2746 1028 per
2766 955 2874 1012 hoc
2917 955 3093 1011 etiam
3128 955 3244 1012 Deo
3277 954 3421 1012 Filio
3452 950 3722 1013 convenit
3750 957 3849 1012 di-

2189 1060 2337 1114 cere,
2387 1046 2492 1116 Ego
2521 1061 2642 1100 sum
2694 1046 2790 1117 qui
2815 1062 2957 1113 sum,
2988 1049 3044 1101 et
3092 1061 3202 1102 non
3230 1061 3354 1101 sum
3390 1050 3685 1114 mutatus;
3730 1045 3844 1118 vel,

2187 1134 2298 1204 Ego
2328 1135 2476 1191 enim
2504 1136 2784 1203 Dominus,
2825 1139 2877 1191 et
2904 1151 3013 1191 non
3035 1139 3238 1191 mutor.
3266 1135 3431 1200 Quod
3461 1140 3523 1191 tu
3557 1136 3687 1191 ideo
3734 1136 3846 1193 soli

2189 1223 2343 1279 Patri
2362 1223 2699 1296 assignasti,
2720 1227 2785 1280 ut
2804 1223 2864 1279 in
2886 1241 2994 1280 sua
3015 1224 3349 1280 substantia
3369 1226 3846 1283 credereturesrs

2190 1311 2486 1368 mutabilis
2510 1312 2721 1381 Filius;
2744 1317 3027 1385 tanquam
3052 1313 3133 1368 ita
3155 1312 3480 1385 susceperit
3522 1312 3746 1369 hominr
3764 1331 3846 1383 m,

2190 1406 2254 1455 ut
2282 1400 2341 1456 in
2386 1400 2682 1457 hominem
2725 1407 3066 1460 verteretur.
3110 1402 3269 1458 Hanc
3307 1406 3530 1458 tantam
3564 1401 3846 1476 blasphe-

2190 1490 2369 1546 miam
2401 1508 2515 1547 non
2569 1491 2930 1562 emendabis,
2974 1491 3089 1547 nisi
3141 1491 3481 1563 credideris,
3526 1492 3586 1546 in
3617 1509 3846 1550 assum-

2188 1579 2385 1651 ptione
2417 1579 2672 1636 hominis
2702 1580 3019 1636 accessisse
3052 1579 3195 1636 Filio
3225 1581 3377 1652 quod
3410 1597 3524 1636 non
3559 1585 3704 1647 erat,
3727 1598 3844 1638 non

2189 1673 2384 1725 autem
2420 1668 2735 1725 recessisse
2766 1668 2854 1725 vel
2877 1668 3162 1725 defecisse
3185 1669 3341 1741 quod
3363 1674 3506 1725 erat.

2258 1758 2346 1814 41.
2372 1758 2590 1814 Deinde
2636 1775 2846 1831 quaero,
2875 1758 3008 1830 quis
3039 1744 3376 1831 apparuerit
3416 1757 3597 1831 Moysi
3615 1758 3676 1815 in
3708 1758 3845 1831 igne

2190 1849 2424 1919 quando
2483 1848 2665 1904 rubus
2713 1848 3212 1917 inﬂammabatur,
3267 1854 3326 1903 et
3374 1865 3489 1903 non
3534 1849 3840 1906 urebatur.

2189 1939 2532 2008 Quanquam
2555 1942 2610 1992 et
2634 1936 2752 1992 illic
2774 1936 3047 2011 angelum
3060 1936 3403 2009 apparuisse
3425 1937 3845 2010 Scripuraipsa

2190 2024 2465 2091 declarat,
2496 2025 2696 2082 dicens
2722 2042 2736 2082 :
2762 2028 3026 2098 Apparuit
3054 2036 3232 2083 autem
3266 2027 3358 2082 illi
3383 2029 3611 2096 angelus
3644 2030 3840 2083 Domi-

2187 2116 2252 2171 ni
2280 2116 2338 2170 in
2362 2115 2595 2187 ﬂamma
2624 2116 2774 2184 ignis
2811 2115 2877 2172 de
2903 2116 3058 2172 rubo.
3093 2116 3157 2170 In
3189 2115 3395 2188 angelo
3426 2124 3621 2172 autem
3652 2117 3840 2174 Deum

2191 2204 2393 2273 fuisse,
2426 2205 2560 2276 quis
2592 2204 2866 2260 dubitet?
2896 2205 3006 2261 Sed
3039 2205 3174 2277 quis
3212 2205 3368 2261 Deus
3416 2206 3587 2261 erat?
3634 2211 3837 2277 utrum

2189 2292 2378 2360 Pater,
2403 2310 2475 2348 an
2509 2293 2690 2350 Filius
2719 2297 2743 2349 Ρ
2772 2294 3048 2349 Dicturus
3069 2309 3153 2355 es.
3187 2293 3368 2349 Filius
3394 2309 3407 2348 :
3434 2310 3548 2350 non
3571 2294 3660 2350 vis
3680 2295 3839 2350 enim

2189 2381 2422 2437 Patrem
2455 2381 2575 2438 ullo
2610 2383 2803 2449 modo,
2837 2382 2927 2438 vel
2976 2399 3080 2454 per
3108 2382 3437 2453 subjectam
3485 2388 3840 2454 creaturam,

2187 2471 2412 2527 visibus
2453 2472 2799 2544 apparuisse
2837 2471 3193 2527 mortalium.
3222 2472 3330 2527 Sed
3381 2472 3686 2543 quodlibet
3734 2472 3839 2528 ho-

2189 2577 2319 2615 rum
2352 2560 2556 2632 eligas,
2588 2562 2660 2616 ad
2694 2564 3011 2632 utrumque
3041 2563 3385 2633 respondeo,
3412 2561 3473 2616 Si
3503 2561 3673 2617 Pater
3692 2565 3839 2631 erat,

2188 2649 2462 2721 apparuit
2499 2656 2557 2705 et
2603 2653 2773 2706 Pater
2826 2650 3165 2705 hominibus
3192 2668 3205 2706 :
3231 2649 3280 2705 si
3331 2650 3513 2706 Filius
3538 2655 3683 2719 erat,
3722 2668 3839 2708 non

2189 2744 2451 2793 mutatur
2479 2745 2536 2794 et
2571 2739 2765 2794 Filius.
2795 2740 2878 2795 Ibi
2914 2740 3070 2795 enim
3101 2756 3234 2795 cum
3262 2740 3836 2812 quaasissetMoyses,

2188 2828 2320 2900 quis
2351 2834 2505 2884 esset
2547 2829 2645 2901 qui
2693 2846 2827 2884 eum
2889 2829 3174 2897 mitteret;
3208 2828 3304 2884 ille
3348 2830 3649 2900 respondit
3683 2846 3696 2883 :
3730 2830 3839 2901 Ego

2186 2934 2327 2982 sum,
2360 2921 2459 2990 qui
2483 2935 2624 2974 sum.
2648 2918 2805 2982 Quod
2838 2918 2980 2990 quid
3012 2923 3101 2974 est
3137 2917 3318 2987 aliud,
3365 2918 3500 2989 nisi,
3536 2918 3833 2974 Mutahilis

2188 3024 2301 3061 non
2335 3024 2465 3061 sum
2494 3024 2506 3063 :
2535 3005 2689 3062 sicut
2721 3009 3121 3078 propheticum
3145 3007 3547 3063 testimonium
3581 3007 3709 3079 ipse
3732 3024 3836 3080 po-

2188 3096 2382 3162 suisti,
2416 3096 2523 3167 Ego
2546 3113 2666 3150 sum
2687 3098 2781 3167 qui
2808 3113 2951 3162 sum,
2984 3100 3034 3151 et
3057 3111 3168 3152 non
3213 3113 3337 3151 sum
3366 3098 3650 3152 mutatus?
3680 3095 3837 3151 Dixit

2185 3184 2359 3240 etiam
2395 3202 2599 3240 rursus
2630 3185 2701 3240 ad
2734 3186 2971 3258 Moysen
3006 3187 3159 3256 :Ego
3200 3202 3324 3241 sum
3354 3186 3493 3240 Deus
3535 3185 3833 3255 Abraham,

2182 3277 2232 3329 et
2263 3275 2407 3329 Deus
2436 3274 2613 3341 Isaae,
2644 3282 2695 3330 et
2722 3275 2860 3329 Deus
2885 3274 3048 3330 Iacob
3078 3275 3283 3345 (Exod.
3318 3292 3403 3342 ιιι,
3428 3276 3483 3343 2,
3511 3276 3596 3342 14,
3630 3276 3686 3345 6,
3722 3275 3833 3345 15).

2181 3363 2366 3432 Aude,
2397 3363 2446 3418 si
2480 3367 2665 3434 potes,
2725 3379 2938 3435 negare
2988 3368 3170 3419 Deum
3222 3364 3445 3419 Patrem
3476 3363 3660 3419 Deum
3705 3380 3835 3419 esse

2179 3450 2499 3520 Abraham,
2531 3456 2590 3507 et
2619 3453 2798 3523 Isaac,
2830 3457 2888 3508 et
2912 3451 3132 3519 Jacob;
3167 3451 3216 3507 si
3248 3468 3363 3507 non
3404 3451 3532 3524 ipse
3561 3453 3633 3507 de
3661 3453 3830 3520 rubo,

2179 3541 2280 3597 sed
2331 3540 2512 3597 Filius
2553 3540 2918 3611 loquebatur.
2955 3541 3016 3596 Si
3068 3545 3266 3596 autem
3318 3541 3509 3607 Pater,
3552 3541 3829 3598 conﬁtere

2176 3630 2351 3686 etiam
2376 3631 2603 3685 Patrem
2630 3631 2812 3686 Deum
2844 3629 3183 3686 hominibus
3212 3630 3426 3685 visum.
3450 3629 3828 3687 Siverouter-

2175 3736 2288 3792 que
2309 3724 2400 3775 est
2428 3719 2582 3776 Deus
2613 3720 2927 3786 Abraham,
2961 3724 3019 3775 et
3051 3721 3200 3776 Deus
3222 3720 3401 3787 Isaac,
3443 3724 3499 3775 et
3528 3720 3684 3776 Deus
3725 3719 3823 3776 Ja-

2173 3809 2300 3877 cob,
2347 3810 2501 3881 quod
2542 3825 2671 3865 esse
2714 3809 2955 3876 annuis;
3006 3808 3148 3881 quid
3197 3809 3449 3880 ambigis
3504 3814 3825 3880 utrumque

2172 3915 2357 3954 unum
2378 3897 2779 3954 Deum?Jacob
2804 3896 3021 3969 quippe
3038 3898 3164 3969 ipse
3180 3902 3269 3952 est
3290 3896 3667 3968 Israel,cujus
3687 3896 3823 3954 liilis

2170 3987 2605 4057 diciturzAudi,
2636 3988 2832 4049 Israel;
2879 3986 3144 4043 Dominus
3191 3987 3329 4042 Deus
3369 3994 3514 4053 tuus,
3556 3987 3825 4042 Dominus

2169 4093 2313 4133 unus
2340 4085 2417 4132 est
2447 4079 2627 4147 (Deut.
2650 4093 2730 4141 vx,
2753 4076 2830 4147 4).

2239 4166 2325 4220 12.
2352 4167 2713 4237 Quapropter
2730 4180 2931 4219 verum
2954 4180 3084 4220 esse
3104 4178 3353 4235 agnosce
3372 4163 3525 4236 quod
3559 4164 3699 4231 dixi,
3723 4164 3819 4220 di-

2164 4254 2467 4309 vinitatem
2496 4271 2611 4309 non
2644 4270 2745 4325 per
2776 4253 3170 4308 substantiam
3193 4252 3453 4316 suam,in
3482 4270 3598 4324 qua
3619 4253 3819 4310 invisi-

2163 4342 2299 4399 bilis
2320 4349 2376 4398 et
2399 4341 2788 4397 immutabilis
2810 4346 2919 4411 est,
2944 4342 3044 4396 sed
3088 4358 3190 4413 per
3219 4346 3548 4397 creaturam
3580 4342 3693 4397 sibi
3721 4360 3818 4399 su-

2164 4433 2413 4504 bjectam
2439 4431 2772 4487 mortalium
2815 4430 3004 4486 oculis
3047 4430 3389 4503 apparuisse
3429 4447 3562 4486 cum
3606 4430 3811 4490 voluit.

2163 4522 2286 4576 Non
2320 4520 2515 4593 itaque
2538 4521 2689 4575 sicut
2718 4520 2981 4591 accipere
3008 4518 3095 4575 vel
3133 4519 3317 4592 accipi
3352 4537 3481 4576 mea
3508 4521 3681 4576 verba
3712 4539 3812 4577 vo-

2158 4611 2343 4679 luisti,
2375 4629 2479 4684 ego
2513 4611 2876 4666 divinitatem
2919 4610 3003 4666 sic
3053 4611 3353 4683 patribus1
3388 4612 3716 4668 ostendisse
3749 4629 3812 4669 se

2158 4701 2299 4768 dixi,
2323 4706 2603 4773 tanquam
2631 4716 2759 4755 eam
2782 4699 3064 4755 voluerim
3088 4699 3246 4755 credi
3287 4699 3600 4766 visibilem,
3634 4718 3808 4772 quam

2157 4790 2321 4862 prius
2367 4789 2722 4845 invisibilem
2756 4788 3015 4845 dixeram
3047 4790 3341 4846 esse:sed
3391 4790 3528 4860 dixi,
3573 4791 3810 4862 quando

2156 4896 2218 4935 se
2249 4880 2513 4951 patribus
2567 4878 2845 4934 divinitas
2903 4879 3272 4949 ostendebat,
3323 4895 3427 4950 per
3481 4879 3809 4949 subjectam

2155 4974 2479 5023 creaturam
2531 4985 2593 5024 se
2648 4966 2941 5023 visibilem
3007 4968 3471 5024 demonstrabat.
3516 4968 3662 5024 Nam
3707 4985 3811 5040 per

2152 5056 2340 5129 ipsam
2368 5074 2536 5112 suam
2566 5062 2836 5112 naturam
2870 5072 3054 5126 usque
3085 5057 3226 5111 adeo
3259 5055 3570 5111 invisibilis
3602 5062 3711 5124 est,
3740 5061 3807 5113 ut

2151 5147 2276 5218 ipse
2300 5147 2525 5217 Moyses
2549 5146 2600 5201 ei
2631 5162 2763 5200 cum
2799 5163 2914 5216 quo
2936 5146 3083 5201 facie
3112 5145 3185 5200 ad
3217 5145 3425 5201 faciem
3453 5144 3806 5217 loquebatur

2148 5237 2484 5291 diceret:Si
2537 5237 2723 5290 inveni
2772 5237 3017 5303 gratiam
3065 5244 3192 5290 ante
3246 5239 3323 5301 te,
3380 5236 3607 5291 ostende
3656 5236 3805 5291 mihi

2145 5327 2499 5395 temetipsum
2550 5326 2839 5395 manifeste
2885 5325 3075 5395 (Exod.
3126 5341 3327 5391 χχχιιι,
3385 5325 3467 5390 ll,
3511 5324 3621 5394 13).
3658 5324 3802 5381 Ecce

2146 5415 2297 5486 quod
2342 5412 2460 5467 dixi
2496 5430 2510 5468 :
2543 5412 2754 5484 relege,
2786 5416 2843 5466 et
2890 5411 3149 5468 invenies
3197 5428 3291 5468 me
3319 5429 3519 5468 verum
3563 5413 3797 5483 dicere;

2145 5509 2199 5558 te
2257 5509 2443 5558 autem
2502 5518 2614 5557 non
2669 5500 2991 5573 intelligere
3029 5501 3322 5567 voluisse,
3379 5501 3466 5556 vel
3518 5518 3632 5557 non
3694 5519 3797 5575 po-

2143 5593 2347 5659 tuisse,
2372 5592 2525 5664 quod
2551 5591 2687 5645 dixi.
2720 5590 2869 5644 Audi
2902 5607 3039 5662 ergo
3074 5591 3331 5663 idipsum
3368 5607 3460 5647 me
3490 5590 3796 5663 aliquanto

2142 5681 2377 5757 planius
2407 5681 2811 5738 disserentem.
2844 5680 2963 5755 Ego
2993 5680 3359 5738 divinitatem
3392 5680 3580 5739 Patris
3609 5686 3669 5739 et
3694 5680 3794 5739 Fi-

2207 5784 2223 5818 ι
2256 5780 2434 5831 Plures
2461 5780 2603 5841 Msa,
2635 5777 2821 5831 Patris.
