4040 6444
232 416 354 476 813

232 546 297 602 lii
330 552 389 603 et
414 546 664 618 Spiritus
698 546 883 603 sancti
907 546 963 602 in
997 563 1103 603 sua
1125 548 1336 601 natura
1360 547 1535 616 atque
1556 541 1887 598 substantia

235 636 584 692 mortalibus
614 636 798 692 oculis
828 635 1181 691 invisibilem
1213 635 1362 690 dico.
1395 634 1536 689 Eam
1566 649 1700 689 vero
1731 650 1792 688 se
1824 632 1883 687 in

234 725 455 780 formas
484 726 745 781 visibiles
771 731 1008 792 vertere,
1034 724 1188 781 absit
1219 728 1283 780 ut
1314 723 1671 795 dicam,quia
1699 727 1756 779 et
1777 722 1886 777 im-

232 814 579 870 mutabilem
622 815 771 871 dico.
808 816 1009 871 Restat
1039 831 1173 887 ergo
1204 819 1268 869 ut
1315 813 1645 886 aspectibus
1674 812 1882 867 huma-

234 905 328 959 nis
361 905 595 975 quando
625 922 688 961 se
715 904 972 962 ostendit
994 908 1057 960 ut
1086 903 1287 971 voluit,
1316 920 1416 976 per
1440 903 1762 974 subjectam
1798 901 1884 956 in-

235 993 532 1067 telligatur
559 994 668 1051 hoc
699 994 904 1051 fecisse
931 998 1280 1062 creaturam,
1314 1010 1439 1066 qua:
1470 995 1661 1065 potest
1693 990 1877 1048 oculis

234 1099 516 1154 apparere
548 1082 916 1140 mortalibus.

305 1190 393 1245 13.
422 1191 571 1257 Quid
603 1194 691 1247 est
723 1193 919 1247 autem
951 1191 1105 1263 quod
1139 1206 1273 1247 cum
1309 1190 1380 1247 de
1410 1189 1576 1246 Patre
1608 1188 1876 1260 dixisses,

233 1280 383 1336 Unus
402 1287 480 1336 est
501 1281 826 1349 invisibilis,
851 1281 1145 1353 undejam
1179 1280 1320 1337 satis
1348 1282 1438 1336 est
1468 1278 1832 1350 disputatum
1860 1302 1874 1346 ;

229 1369 534 1438 addidisti,
570 1370 715 1428 Unus
759 1370 932 1427 etiam
960 1369 1295 1443 incapabilts
1340 1376 1498 1442 atque
1532 1370 1826 1423 immensus
1848 1367 1877 1422 ‘t

227 1457 623 1531 Incapabilem
654 1460 895 1533 quidem
924 1477 1037 1516 non
1068 1457 1320 1532 legimus
1363 1457 1568 1513 Deum.
1592 1460 1706 1512 Cur
1735 1472 1873 1512 sane

224 1548 388 1604 dicas
419 1548 829 1621 incapahilem,
862 1549 1077 1606 nescio.
1105 1549 1160 1604 Si
1186 1547 1338 1604 enim
1363 1547 1489 1620 capi
1519 1563 1631 1602 non
1662 1549 1871 1618 potest,

222 1640 517 1709 quomodo
551 1656 664 1695 non
693 1640 883 1695 solum
926 1639 1123 1706 Filius,
1146 1656 1341 1694 veram
1381 1637 1557 1693 etiam
1582 1635 1751 1691 Pater
1781 1652 1870 1691 ve-

222 1727 396 1783 niunt
420 1729 491 1783 ad
517 1727 836 1795 hominem,
855 1728 1007 1784 sicut
1028 1728 1167 1783 dicit
1187 1727 1312 1801 ipse
1329 1726 1593 1787 Filius.et
1617 1725 1870 1780 mansio-

221 1833 356 1872 nem
390 1818 542 1889 apud
576 1834 709 1873 eum
739 1817 960 1874 faciunt
988 1818 1166 1889 (Joan.
1200 1835 1315 1887 XIX,
1361 1815 1495 1887 23)?
1527 1815 1671 1870 Puto
1716 1813 1867 1885 quod

220 1906 415 1978 capiat
440 1923 537 1963 eos
570 1908 725 1979 apud
758 1924 930 1978 quem
958 1908 1178 1963 faciunt
1209 1906 1688 1962 mansionem.An
1724 1904 1869 1959 forte

220 1995 390 2065 dicis,
413 1996 536 2052 Non
566 2012 631 2052 ex
652 2002 791 2065 toto,
813 1998 913 2053 sed
939 2014 1007 2053 ex
1026 2002 1187 2069 parte
1210 1996 1522 2068 capiuntur
1540 1993 1567 2049 ‘t
1590 1994 1689 2048 Dic
1713 1993 1867 2064 quod

220 2084 346 2141 vis:
382 2086 775 2157 respondetur
805 2086 961 2143 enim
993 2087 1119 2153 tibi,
1144 2086 1268 2141 Non
1298 2089 1435 2141 sunt
1465 2101 1601 2157 ergo
1633 2084 1867 2155 incapa-

224 2173 394 2241 biles,
431 2175 530 2247 qui
562 2180 701 2231 sunt
728 2175 815 2232 vel
839 2193 906 2232 ex
938 2182 1102 2249 parte
1130 2175 1443 2247 capabiles.
1470 2180 1557 2228 An
1590 2174 1716 2229 ideo
1762 2171 1867 2227 tibi

219 2280 334 2319 non
368 2265 587 2320 sufﬁcit
619 2265 1010 2338 incapabilem
1035 2265 1355 2332 dicere,sed
1376 2262 1738 2328 addidisti,et
1762 2260 1865 2315 im-

218 2368 517 2421 mensum,
542 2358 606 2409 ut
636 2372 951 2427 exponeres
982 2359 1272 2426 quatenus
1298 2351 1679 2425 incapabilem
1713 2350 1867 2405 dixe-

215 2440 343 2497 ris?
373 2441 428 2497 id
460 2448 568 2511 est,
602 2445 741 2517 quia
768 2445 951 2500 totius
992 2461 1175 2516 capax
1207 2461 1322 2499 non
1352 2448 1443 2498 est
1473 2442 1730 2497 humana
1762 2457 1864 2495 na-

214 2536 347 2586 tura
375 2549 389 2600 ;
422 2531 747 2589 immensus
780 2539 868 2589 est
898 2533 1053 2589 enim
1080 2538 1102 2589 P
1146 2536 1361 2588 Verum
1395 2531 1504 2587 hoc
1535 2536 1591 2586 et
1621 2530 1691 2585 de
1722 2529 1863 2584 Filio

213 2620 330 2675 dici
353 2625 562 2692 potest.
599 2621 797 2693 Neque
825 2622 981 2677 enim
1014 2621 1327 2693 quisquam
1359 2619 1442 2675 sic
1475 2619 1629 2690 capit
1657 2616 1861 2688 unige-

212 2709 404 2765 nitum
431 2710 711 2781 Verbum,
739 2717 802 2766 ut
831 2712 959 2781 ejus
988 2726 1262 2781 capacem
1294 2726 1356 2765 se
1379 2707 1536 2764 omni
1573 2707 1743 2762 modo
1766 2723 1863 2760 au-

213 2800 350 2855 deat
380 2799 658 2872 proﬁteri.
680 2799 861 2856 Prosu
890 2800 1064 2856 etiam
1099 2799 1291 2870 ipsum
1326 2814 1439 2853 non
1472 2812 1599 2853 esse
1630 2795 1861 2851 dubita-

214 2904 352 2944 mus
381 2889 758 2944 immensum.
790 2892 937 2943 Nam
970 2904 1164 2959 quaero
1209 2887 1314 2943 abs
1342 2892 1419 2952 te,
1463 2886 1535 2941 de
1565 2902 1679 2957 quo
1713 2884 1862 2939 acci-

214 2977 343 3048 pias
372 2979 528 3051 quod
561 2978 847 3051 scriptum
877 2983 967 3033 est
1021 2995 1034 3034 :
1084 2977 1314 3046 Magnus
1343 2984 1439 3046 est,
1493 2979 1547 3030 et
1575 2990 1684 3028 non
1704 2973 1864 3028 habet

209 3068 383 3137 ﬁnem
402 3084 422 3129 ;
454 3067 699 3123 excelsus
727 3071 778 3122 et
810 3070 1128 3122 immensus.
1163 3067 1242 3122 De
1272 3065 1396 3136 ipso
1446 3064 1661 3135 quippe
1690 3061 1861 3135 paulo

214 3160 352 3228 post
372 3156 587 3212 dicitur
611 3173 625 3212 :
648 3158 747 3212 Hic
778 3161 920 3212 Deus
946 3165 1147 3223 noster,
1179 3171 1286 3211 non
1317 3153 1689 3209 aestimabitur
1715 3154 1862 3208 alius

208 3244 281 3300 ad
308 3262 478 3308 eum;
511 3247 599 3301 hic
618 3249 829 3301 invenit
856 3261 1072 3301 omnem
1104 3246 1251 3301 viam
1279 3244 1611 3315 disciplinae,
1634 3252 1687 3298 et
1716 3241 1863 3297 dedit

208 3352 331 3391 eam
358 3337 519 3392 Iacob
545 3353 716 3409 puero
744 3352 863 3407 suo,
898 3339 950 3391 et
992 3337 1170 3391 Israel
1200 3336 1391 3391 dilecto
1419 3351 1515 3390 suo
1546 3354 1564 3389 :
1593 3344 1713 3406 post
1750 3335 1861 3388 hmo

206 3440 376 3496 super
405 3434 609 3480 terram
641 3430 786 3481 visus
814 3429 913 3491 est,
953 3430 1003 3481 et
1052 3429 1202 3480 inter
1230 3425 1471 3480 homines
1511 3435 1860 3479 conversatus

204 3518 285 3569 est
324 3515 577 3586 (Barach.
614 3532 698 3582 ιιι,
733 3517 822 3582 26,
857 3515 947 3582 36,
994 3516 1084 3584 37,
1117 3516 1206 3587 38)
1231 3515 1258 3569 ‘I
1287 3514 1428 3579 Quis
1459 3519 1545 3570 est
1575 3515 1703 3579 iste,
1738 3530 1857 3568 res-

206 3603 449 3674 ponde?
472 3603 612 3669 Quis
642 3609 751 3669 est,
775 3604 1040 3675 inquam,
1071 3604 1298 3673 Magnus
1326 3613 1378 3660 et
1408 3619 1515 3660 non
1555 3603 1756 3658 habens
1785 3603 1858 3674 ﬁ-

203 3706 331 3746 nem
356 3709 369 3759 ;
391 3693 638 3748 excelsus
670 3695 731 3747 in
757 3694 1102 3757 immensus;
1139 3696 1236 3765 qui
1263 3709 1427 3765 super
1466 3701 1668 3748 terram
1710 3694 1858 3747 visus

206 3784 307 3848 est,
339 3785 391 3836 et
438 3782 582 3837 inter
626 3781 876 3837 homines
919 3792 1263 3838 conversatus
1311 3785 1436 3837 est?
1482 3781 1662 3837 Video
1707 3797 1855 3853 quos

207 3875 411 3941 astus,
444 3886 590 3941 quas
623 3870 862 3942 patiaris
893 3871 1216 3942 angustias.
1243 3871 1439 3926 Times
1471 3870 1857 3936 dicere,Pater

210 3963 303 4015 est
327 3976 342 4025 ;
365 3959 463 4014 ubi
495 3959 853 4030 audis,super
872 3970 1083 4015 terram
1104 3962 1250 4015 visus
1270 3965 1421 4026 est,et
1444 3962 1589 4015 inter
1609 3959 1856 4015 homines

208 4056 557 4104 conversatus
586 4052 685 4103 est.
711 4049 792 4104 Tu
816 4048 971 4104 enim
1004 4049 1232 4104 Patrem
1255 4068 1357 4122 per
1386 4066 1553 4104 suam
1586 4051 1857 4105 substan-

208 4139 357 4193 tiam
376 4153 571 4193 revera
584 4136 935 4193 invisibilem
960 4154 1063 4193 nec
1077 4154 1177 4209 per
1190 4154 1256 4193 su
1267 4138 1514 4209 bjectam
1531 4142 1853 4193 creaturam

207 4227 295 4283 vis
326 4243 455 4283 esse
485 4227 558 4282 ab
591 4226 925 4283 hominibus
957 4227 1167 4282 visum.
1200 4227 1395 4283 Times
1428 4228 1637 4292 dicere,
1674 4226 1853 4282 Filius

206 4322 299 4373 est.
319 4361 333 4384 ,
366 4316 463 4372 ubi
489 4315 795 4383 audis,non
816 4316 974 4372 habet
998 4316 1436 4386 ﬁnem,e:ccelsus
1456 4325 1510 4372 et
1532 4319 1848 4372 immensus.

202 4407 289 4463 Tu
309 4408 464 4463 enim
481 4411 708 4463 Patrem
729 4410 1133 4464 tantummodo
1148 4425 1274 4464 esse
1293 4408 1853 4464 contendisimmen-

210 4497 569 4552 sum.Times
592 4497 801 4563 dicere,
824 4497 1075 4569 Spiritus
1106 4504 1346 4553 sanctus
1379 4502 1501 4565 est;
1538 4497 1637 4552 ubi
1659 4498 1849 4566 audis,

208 4584 300 4641 hic
322 4587 458 4641 Deus
480 4586 774 4641 noster.Tu
806 4587 961 4641 enim
986 4602 1090 4642 nec
1111 4588 1295 4642 Deum
1318 4586 1401 4642 vis
1419 4604 1547 4643 esse
1571 4587 1849 4658 Spiritum

211 4680 502 4731 sanctum.
536 4675 682 4741 Quid
716 4692 777 4731 es
808 4676 1227 4747 acturus,quid
1262 4676 1851 4747 responsurus,homo

210 4764 311 4836 qui
333 4780 447 4819 non
482 4764 566 4819 vis
592 4780 719 4820 esse
741 4763 1160 4832 catholicus,ut
1180 4764 1479 4821 Christum
1499 4764 1581 4821 sic
1600 4764 1852 4837 accipias

210 4854 269 4907 in
302 4853 488 4909 forma
510 4852 659 4909 servi
681 4870 858 4925 super
878 4859 1093 4909 terram
1118 4855 1392 4921 visum,et
1414 4855 1565 4911 inter
1586 4854 1854 4910 homines

208 4946 714 5007 conversatum,ut
734 4946 929 4998 tamen
951 4943 1007 4997 in
1036 4942 1222 4998 forma
1246 4943 1341 5000 Dei
1367 4944 1424 4998 in
1448 4961 1562 5015 qua
1588 4944 1851 5000 invisibi-

207 5030 283 5085 lis
315 5031 555 5098 mansit,
578 5031 909 5087 conﬁtearis
933 5032 1286 5088 immensum
1310 5033 1338 5088 ‘I
1368 5035 1463 5089 Hic
1486 5035 1623 5089 Deus
1654 5041 1851 5101 noster,

206 5135 319 5176 non
348 5120 714 5177 aestimabitur
735 5122 882 5176 alius
910 5122 980 5177 ad
1008 5138 1151 5177 eum.
1185 5122 1324 5188 Quis
1355 5123 1526 5190 alius,
1550 5123 1663 5177 nisi
1694 5121 1854 5177 Anti-

208 5209 488 5277 christus,
518 5226 692 5283 quem
724 5227 923 5267 verum
950 5212 1243 5268 Christum
1276 5212 1419 5268 ﬁdes
1446 5229 1577 5267 vera
1608 5228 1722 5267 non
1748 5228 1854 5268 aes-

209 5299 401 5367 timat,
436 5300 537 5355 sed
569 5316 703 5355 eum
735 5317 839 5373 pro
887 5317 1018 5357 vero
1060 5301 1288 5357 Christo
1334 5301 1705 5357 exsecrabilis
1749 5301 1856 5358 Ju-

209 5390 467 5445 deorum
500 5405 661 5444 error
690 5391 1029 5462 exspectat?

281 5496 368 5552 14.
402 5495 462 5551 Si
491 5513 645 5566 oras,
668 5502 725 5553 et
751 5498 990 5569 peti3,ut
1022 5498 1518 5571 dicis,discipulus
1550 5515 1678 5554 esse
1709 5497 1858 5553 divi-

207 5602 415 5642 narum
436 5586 968 5659 Scripturarum,ad
994 5605 1112 5645 rem
1148 5588 1496 5661 pertinentia
1526 5588 1862 5646 testimonia

209 5675 404 5732 divina
437 5676 898 5734 considera.Noli
924 5694 1027 5751 per
1058 5678 1242 5735 multa
1271 5696 1396 5754 quae
1426 5684 1481 5734 te
1512 5677 1657 5734 nihil
1691 5679 1859 5749 adju-

206 5765 605 5840 vant,evagari
640 5782 653 5825 :
687 5765 834 5842 elige
855 5767 1172 5842 prudenter
1202 5773 1393 5828 tacere
1414 5786 1591 5843 quam
1608 5768 1859 5829 inaniter

1589 412 1823 472 LIBER
1865 413 2296 478 SECUNDUS.

3522 448 3642 511 814

2002 544 2422 642 loqui,quando
2455 571 2568 612 non
2602 557 2826 618 invenis
2856 566 2993 636 quid
3020 573 3375 642 respondeas
3406 580 3650 638 manife-

1999 634 2272 726 stissimae
2301 641 2546 700 veritati.
2576 646 2802 707 Timere
2834 634 2890 708 te
2919 634 3199 726 ostendis,
3234 679 3304 718 ne
3336 668 3391 721 te
3423 668 3641 726 nudem

1998 724 2304 823 discipulis
2334 731 2713 792 tuis.Utinam
2737 742 2798 794 tu
2823 740 3049 800 Christo
3072 747 3155 803 sic
3180 724 3537 823 induaris,ut

1997 813 2252 887 scipulos
2268 821 2400 876 tuos
2420 824 2606 896 magis
2625 826 2811 899 ipsius
2829 830 3305 909 velisdiscipulos
3327 813 3650 918 essequam

1994 907 2148 961 tuos.
2174 906 2319 964 Nam
2344 926 2435 967 me
2454 929 2565 968 non
2591 906 3153 992 pmnitet,quantum
3166 926 3449 989 Dominus
3468 906 3651 992 donat

1993 1009 2228 1095 operam
2252 998 2389 1097 dare
2412 1013 2476 1058 ut
2495 1006 2557 1059 tu
2588 1010 2644 1061 et
2665 1006 2937 1082 discipuli
2963 1013 3047 1069 tui
3070 1017 3182 1072 sub
3205 1036 3321 1077 uno
3358 1024 3642 1097 magistro

1992 1083 2039 1138 si
2052 1083 2122 1140 tis
2140 1087 2523 1162 condiscipuli
2548 1095 2993 1157 mei.Tractatui
3014 1107 3210 1161 autem
3234 1083 3491 1179 meo,cui
3506 1118 3637 1185 post

1990 1176 2217 1230 tantum
2232 1182 2457 1250 tempus
2471 1182 2727 1241 adhucte
2741 1204 3161 1260 responsurum
3175 1213 3303 1254 esse
3318 1176 3635 1273 promittis,

1990 1263 2040 1317 si
2064 1262 2145 1319 ita
2165 1281 2554 1338 responsurus
2576 1288 2658 1341 es,
2684 1279 2748 1330 ut
2772 1278 2942 1334 modo
2966 1262 3423 1355 respondistivel
3450 1262 3630 1347 inter;

1988 1353 2416 1450 rpgationibus,
2446 1358 2532 1414 vel
2566 1353 3077 1431 prosecutionibus
3106 1373 3271 1442 meis,
3317 1392 3431 1432 non
3464 1378 3636 1450 plane

1986 1438 2205 1540 aliquid
2230 1448 2639 1540 respondebis;
2665 1453 2765 1507 sed
2792 1457 2855 1509 ut
2875 1454 3143 1516 homines
3167 1438 3279 1518 non
3304 1438 3634 1540 intelligen-

1986 1533 2072 1585 tes
2085 1534 2627 1629 quomodocumque
2640 1540 3038 1613 decipias,non
3054 1550 3379 1609 tacebis.Ex
3394 1533 3632 1629 hishrgo

1984 1619 2434 1717 pmnibuquuaa
2465 1626 2617 1717 sicut
2648 1630 2807 1700 potui
2856 1633 3171 1707 disputavi,
3202 1640 3345 1698 satis
3393 1619 3636 1717 apparet

1982 1708 2170 1764 Patris
2192 1715 2250 1766 et
2270 1711 2395 1767 Filii
2419 1720 2475 1769 et
2495 1716 2747 1788 Spiritus
2768 1722 2954 1778 sancti
2981 1742 3154 1782 unam
3179 1744 3306 1786 esse
3326 1708 3624 1803 virtutem,

1983 1814 2160 1853 unam
2190 1816 2318 1855 esse
2339 1802 2753 1875 substantiam,
2777 1826 2951 1867 unam
2974 1814 3267 1887 deitatem,
3307 1837 3481 1878 unam
3507 1839 3628 1879 ma-

1971 1886 2453 1957 jestatem,unam
2475 1892 2752 1966 gloriam;
2783 1899 2921 1970 quia
2944 1900 3074 1974 ipsa
3092 1886 3349 1965 Trinitas
3369 1914 3459 1966 est
3480 1928 3633 1969 unus

1979 1975 2263 2033 Dominus
2295 1979 2449 2037 Deus
2500 1989 2715 2053 noster,
2764 1987 2834 2042 de
2879 2006 2990 2059 quo
3040 1992 3260 2051 dictum
3311 2006 3419 2069 est,
3468 2000 3631 2072 Audi,

1976 2066 2186 2129 Israel;
2221 2069 2485 2126 Dominus
2528 2073 2666 2129 Deus
2697 2083 2845 2145 tuus,
2876 2080 3135 2137 Dominus
3165 2100 3305 2141 unus
3334 2066 3413 2143 est
3441 2066 3628 2160 (Deut;

1976 2171 2049 2224 vr,
2078 2157 2152 2222 4).
2206 2158 2370 2214 Tunc
2402 2166 2598 2216 autem
2648 2163 2871 2221 dictum
2922 2173 3030 2239 est,
3064 2175 3299 2242 quando
3345 2157 3627 2236 Dominus

1977 2243 2137 2301 solus
2171 2246 2495 2305 deducebat
2523 2258 2706 2319 eos,et
2727 2271 2841 2310 non
2865 2257 2974 2313 fuit
3001 2259 3058 2314 in
3088 2262 3172 2317 eis
3194 2263 3339 2321 deus
3369 2266 3619 2325 alienus.

1976 2332 2169 2405 Neque
2198 2336 2353 2392 enim
2380 2355 2503 2427 non
2553 2357 2651 2397 eos
2695 2344 3020 2403 deducebat
3063 2355 3121 2405 et
3169 2352 3459 2427 Christus,
3487 2372 3623 2415 cum

1974 2422 2130 2478 dicat
2161 2426 2489 2497 Apostolus,
2516 2430 2697 2502 Neque
2726 2436 2996 2492 tentemus
3027 2422 3626 2518 Christum,sieutqui-

1973 2513 2095 2567 dem
2125 2514 2350 2571 illorum
2380 2522 2731 2577 tentaverunt
2752 2522 2799 2594 (Ι
2830 2524 2949 2581 Cor.
2974 2543 3032 2594 x,
3062 2528 3116 2598 9)
3142 2547 3156 2598 ;
3192 2534 3293 2587 aut
3321 2513 3622 2590 Christus‘

1974 2619 2087 2657 non
2119 2609 2207 2658 est
2238 2609 2516 2671 Deus,aut
2541 2609 2805 2668 Christus
2835 2612 2990 2671 Deus
3018 2621 3107 2671 est
3129 2617 3375 2676 alienus.
3407 2622 3510 2679 Hie
3532 2631 3623 2679 est

1971 2707 2119 2781 ergo
2158 2693 2311 2750 Deus
2368 2696 2538 2753 Pater
2590 2702 2647 2763 et
2704 2700 2885 2759 Filius
2940 2708 2996 2759 et
3052 2706 3302 2778 Spiritus
3352 2715 3616 2781 sanctus,

1965 2780 2286 2838 Trininitas
2318 2802 2469 2842 unus
2528 2787 2680 2843 Deus
2714 2806 2727 2847 :
2761 2791 2853 2846 cui
2899 2792 2997 2847 uni
3024 2794 3308 2864 jubemur
3364 2815 3432 2855 ea
3482 2780 3612 2872 quas

1972 2885 2087 2924 non
2120 2869 2233 2925 nisi
2265 2871 2380 2927 Deo
2425 2873 2670 2930 debetur
2694 2877 2973 2934 servitute
3003 2882 3244 2949 servire,
3277 2900 3411 2939 cum
3444 2869 3619 2941 audi-

1972 2973 2125 3023 mus,
2158 2960 2450 3017 Dominum
2477 2964 2649 3019 Deum
2676 2968 2835 3021 tuum
2862 2967 3141 3041 adorabis,
3173 2979 3225 3027 et
3250 2973 3341 3029 illi
3366 2974 3475 3030 soli
3500 2990 3619 3031 ser-

1970 3047 2083 3102 vies
2113 3050 2295 3118 (Deut.
2330 3068 2406 3121 v1,
2442 3052 2550 3123 13).
2582 3052 2779 3126 Neque
2826 3059 2982 3113 enim
3030 3058 3139 3114 hac
3187 3062 3466 3120 servitute
3498 3080 3616 3121 non

1969 3137 2259 3193 servimus
2292 3139 2719 3213 Christo,cujus
2746 3146 3005 3202 membra
3036 3164 3279 3220 sumus;
3313 3156 3416 3207 aut
3436 3152 3614 3224 Spiri-

1968 3224 2051 3279 tui
2072 3231 2474 3300 sancto,cujus
2496 3232 2781 3303 templum
2804 3251 2934 3291 sum
2946 3237 3171 3293 uellam
3186 3240 3441 3296 Trinitas
3458 3258 3611 3299 unus

1967 3313 2123 3369 Deus
2155 3316 2296 3371 dicit
2321 3335 2333 3373 :
2357 3320 2468 3389 Ego
2487 3336 2612 3375 sum
2634 3322 2969 3394 Dominus,et
2990 3342 3097 3382 non
3127 3333 3206 3383 est
3232 3330 3378 3384 alius
3403 3339 3615 3402 praeter

1966 3419 2051 3459 me
2079 3404 2181 3471 (Id.
2220 3422 2396 3477 xxxii,
2443 3409 2555 3478 39).
2598 3409 2797 3481 Neque
2826 3414 2980 3469 enim
3018 3433 3131 3471 non
3189 3423 3281 3473 est
3326 3420 3605 3476 Dominus

1968 3492 2251 3559 Christus,
2299 3511 2473 3566 quem
2524 3514 2623 3552 vos
2673 3515 2903 3572 quoque
2952 3503 3136 3558 Deum
3186 3512 3242 3560 et
3287 3506 3601 3564 Dominum

1966 3584 2325 3639 conﬁtemini
2352 3603 2364 3653 ;
2399 3591 2500 3641 aut
2526 3586 2780 3657 Spiritus
2803 3596 3043 3647 sanctus
3065 3609 3176 3648 non
3210 3600 3298 3650 est
3332 3596 3615 3653 Dominus

1966 3672 2176 3727 domus
2198 3690 2337 3742 suae,
2366 3674 2469 3730 hoc
2500 3681 2589 3731 est
2622 3676 2818 3750 templi
2851 3678 3102 3752 sui,lpse
3132 3688 3223 3739 est
3253 3684 3468 3757 quippe
3486 3685 3615 3759 Spi-

1964 3760 2111 3816 ritus
2141 3762 2373 3818 Domini
2404 3764 2474 3819 de
2505 3781 2620 3836 quo
2652 3766 2868 3823 dicitur
2899 3785 2912 3823 :
2947 3771 3212 3827 Domi-nus
3242 3778 3429 3829 autem
3449 3776 3615 3846 spiri-

1962 3854 2049 3905 tus
2069 3860 2184 3917 est;
2214 3853 2310 3907 ubi
2326 3863 2508 3909 autem
2528 3856 2775 3926 spiritus
2797 3860 3031 3925 Domini,
3038 3861 3148 3931 gibi
3167 3862 3397 3919 libertas
3422 3864 3466 3936 (Ι
3486 3868 3612 3923 Cor.

1960 3957 2082 4006 vm,
2115 3942 2192 4013 4).
2224 3942 2348 3998 Non
2382 3944 2535 3999 enim
2570 3962 2700 4001 cum
2737 3946 2857 4002 haec
2896 3950 3140 4020 auditis,
3180 3950 3361 4008 Deum
3398 3970 3609 4027 negare

1964 4029 2329 4103 unigenitum
2364 4032 2613 4088 audetis.
2649 4034 2751 4090 Hic
2788 4037 2936 4092 Deus
2979 4037 3233 4096 Trinitas
3281 4041 3454 4110 dicit;
3490 4045 3606 4116 Ego

1957 4134 2080 4174 sum
2106 4122 2203 4191 qui
2229 4130 2426 4192 sum,et
2452 4138 2565 4178 non
2589 4140 2712 4179 sum
2738 4134 2981 4182 mutatus
3008 4126 3296 4200 (Exodm,
3323 4130 3466 4199 11,et
3486 4131 3599 4187 Μαο

1959 4210 2208 4279 laeh.m,
2230 4212 2307 4282 6).
2332 4211 2454 4268 Non
2478 4213 2631 4268 enim
2657 4218 2921 4271 mutatus
2941 4220 3029 4272 est
3048 4217 3435 4287 Christus,cui
3457 4220 3603 4277 dici-

1958 4303 2057 4353 tur
2079 4316 2091 4354 :
2117 4300 2350 4355 Mutabis
2370 4301 2601 4371 caelos,et
2620 4304 3011 4372 mutabuntur;
3040 4311 3098 4361 tu
3118 4311 3305 4362 autem
3326 4308 3467 4364 idem
3489 4311 3606 4382 ipse

1959 4404 2014 4443 es
2044 4388 2220 4461 (Psat,
2252 4407 2326 4455 Cl,
2348 4391 2439 4459 27,
2461 4392 2551 4462 28)
2585 4408 2598 4448 :
2633 4398 2735 4448 aut
2765 4396 3089 4451 mutabitur
3111 4397 3364 4469 Spiritus
3393 4399 3603 4457 verita-

1960 4477 2057 4543 tis,
2079 4494 2213 4532 cum
2246 4480 2322 4534 sit
2348 4478 2735 4538 immutabilis
2768 4483 3001 4554 veritas,
3036 4486 3127 4542 cui
3160 4492 3388 4543 tantum
3422 4488 3604 4547 hono-

1961 4583 2079 4621 rem
2132 4567 2229 4622 dat
2277 4567 2401 4638 ipse
2431 4568 2717 4637 Christus,
2753 4576 2814 4626 ut
2856 4572 3033 4642 dicat,
3079 4577 3313 4648 Expedit
3356 4580 3501 4634 vobis
3542 4587 3607 4636 ut

1958 4674 2055 4726 ego
2086 4674 2207 4713 eam
2238 4677 2256 4714 :
2285 4662 2397 4715 nisi
2421 4677 2568 4716 enim
2597 4678 2693 4732 ego
2721 4664 3255 4730 abiero,Paraeletus
3284 4685 3395 4724 non
3428 4671 3607 4725 veniet

1959 4747 2036 4803 ad
2071 4764 2163 4803 vos
2192 4750 2370 4817 (Joan.
2403 4767 2518 4805 xxr.
2550 4752 2608 4821 7)
2667 4768 2681 4807 :
2742 4758 2818 4824 et,
2852 4754 3188 4828 Quicumque
3215 4757 3421 4813 diluerit
3452 4758 3607 4814 blas-

1957 4835 2233 4908 phemiam
2265 4838 2323 4892 in
2352 4839 2563 4895 Filium
2591 4840 2848 4911 hominis,
2899 4844 3212 4901 dimittetur
3239 4848 3292 4901 ei
3315 4866 3329 4918 ;
3362 4848 3462 4919 qui
3501 4862 3603 4902 au-

1960 4932 2065 4981 tem
2094 4925 2304 4982 dixerit
2348 4929 2409 4983 in
2465 4930 2677 5000 Spiritu
2713 4937 2987 5003 sanctum,
3038 4952 3145 4991 non
3205 4937 3524 4992 dimittetur
3553 4936 3611 4993 ei

1960 5014 2169 5083 (Matth.
2203 5032 2303 5080 x11,
2335 5017 2447 5089 32).
2502 5018 2568 5072 Et
2609 5036 2742 5075 cum
2792 5022 2862 5077 de
2911 5039 2973 5077 se
3024 5022 3149 5095 ipso
3199 5024 3429 5095 dixerit,
3465 5027 3608 5081 Ecce

1961 5119 2056 5173 ego
2090 5105 2358 5160 vobiscum
2386 5123 2509 5161 sum
2538 5124 2712 5180 usque
2738 5109 2808 5165 ad
2854 5114 3382 5169 consummationem
3427 5128 3608 5171 saecu-

1962 5194 2007 5249 li
2036 5193 2135 5265 (Id.
2168 5211 2365 5265 xxvm,
2398 5198 2526 5268 2C);
2559 5199 2629 5253 de
2676 5198 2774 5254 illo
2801 5200 2968 5269 dixit,
3014 5202 3079 5259 Ut
3118 5202 3389 5258 vobiscum
3434 5206 3506 5260 sit
3550 5205 3612 5259 in

1964 5288 2235 5341 aeternum
2265 5285 2578 5355 (Joan.x1v,
2604 5288 2711 5355 16).
2739 5288 2837 5343 His
2872 5292 3044 5360 atque
3074 5288 3414 5361 hujusmodi
3448 5291 3611 5348 testi-

1966 5373 2198 5445 moniis,
2233 5390 2363 5445 quas
2408 5376 2608 5430 omnia
2654 5392 2908 5446 quaerere
2952 5385 3005 5432 et
3051 5378 3321 5452 colligere
3370 5380 3613 5454 longum

1966 5466 2075 5529 est,
2100 5462 2148 5517 si
2183 5464 2419 5535 pacifica
2449 5464 2804 5535 acquiescas,
2839 5466 2975 5533 eris,
3023 5469 3178 5540 quod
3221 5486 3385 5527 orare
3415 5475 3472 5527 et
3512 5487 3616 5543 op-

1963 5556 2021 5606 te
2051 5551 2214 5617 dicis,
2241 5552 2575 5608 divinarum
2610 5553 3047 5625 Scripturarum
3080 5558 3433 5633 discipulus,
3462 5561 3615 5618 utde

1967 5644 2068 5696 tua
2099 5642 2455 5697 fraternitate
2487 5643 2872 5716 gaudeamus.

2032 5776 2050 5814 1
2082 5774 2237 5837 Editi,
2268 5774 2450 5843 quibus
2480 5774 2731 5839 Christus,
2763 5777 2950 5833 Melius
2977 5781 3125 5850 Mssa,
3155 5782 3246 5836 aut
3276 5782 3521 5838 Christus.
