4040 6438
386 407 506 468 815
1320 404 1759 464 ADMONITIO
1803 403 1881 463 IN
1928 403 2208 463 LIBROS
2253 403 2353 461 DE
2396 401 2846 463 TRINITATE.
3667 398 3788 459 816

384 539 3784 567 MM

1704 606 1855 663 ITEM
1896 606 2159 664 CONTRA
2215 606 2539 676 ARIANOS,

911 715 973 754 IN
1010 714 1165 755 τοΜο
1198 713 1259 754 ιι.
1294 729 1361 739 -—
1392 695 1657 768 Epistolas
1685 712 1844 764 cum,
1876 713 2178 763 ccxxxvm,
2210 712 2469 761 ccxxxrx,
2501 712 2657 763 ccxn,
2682 712 2840 753 ccxm
2870 700 2927 753 et
2953 713 3156 754 ccxm.

911 787 971 826 ιη
1008 787 1161 825 τοΜο
1192 786 1274 825 1n.
1302 800 1367 811 —-
1389 771 1695 824 Tractatus
1726 769 1786 823 in
1816 771 1985 825 Joan.
2018 786 2177 836 xvm,
2207 786 2300 837 xx,
2329 785 2515 834 xxxv1,
2550 786 2764 835 xxxv“,
2790 787 2880 824 LIX
2910 775 2967 825 et
2998 787 3144 825 LXXI.
3244 824 3245 827 η

916 857 977 897 IN
1012 859 1167 897 ΤΟΜΟ
1196 859 1247 897 ν.
1273 872 1341 884 --
1373 841 1681 897 Sermones
1710 856 1809 907 LII,
1833 856 2002 903 CXVII,
2035 857 2229 904 CXVIII,
2263 857 2483 895 CXXXIX.
2515 857 2638 907 CXL,
2662 858 2854 897 CCCXLI
2883 845 2941 896 et
2969 857 3295 897 CCCLXXXIV.

1596 1034 2584 1139 ADMONITIO

1565 1196 1647 1258 IN
1690 1198 1967 1262 LIBROS
2011 1201 2116 1261 DE
2158 1199 2605 1261 TRINITATE.

455 1297 749 1354 Prolixum
781 1298 849 1353 de
876 1297 1157 1355 Trinitate
1188 1315 1336 1371 opus
1368 1315 1471 1370 per
1499 1316 1685 1358 annos
1715 1320 1832 1359 non
1864 1316 2077 1373 paucos
2106 1298 2163 1353 in
2196 1297 2472 1354 manibus
2503 1297 2711 1353 habuit
2739 1297 3134 1369 Augustinus;
3158 1312 3292 1351 cum
3315 1295 3706 1366 illud,utipse
3726 1294 3800 1351 ad

381 1386 683 1443 Aurelium
724 1387 944 1453 scribit,
971 1388 1205 1458 juvenis
1235 1387 1543 1457 inchoarit,
1577 1407 1753 1447 senex
1807 1390 2074 1445 ediderit.
2119 1387 2341 1459 Quippe
2371 1387 2427 1441 id
2482 1385 2646 1442 facile
2676 1384 3116 1454 intermittebat,
3152 1384 3382 1456 quoties
3413 1385 3511 1439 alii
3542 1384 3800 1456 cuipiam

382 1476 843 1531 incumbendum
866 1480 989 1531 erat
1007 1477 1347 1550 operi,quod
1372 1476 1639 1550 pluribus
1662 1481 2031 1552 profuturum
2049 1475 2453 1541 existimabat;
2475 1479 2635 1530 ratus
2658 1474 2812 1530 istud
2841 1475 3142 1546 operosius
3160 1479 3215 1529 et
3238 1474 3435 1529 minus
3457 1472 3598 1528 utile
3621 1488 3802 1545 quam

385 1564 660 1636 pleraque
689 1564 982 1637 alia,quod
1016 1583 1108 1623 res
1134 1566 1333 1622 minus
1364 1569 1722 1624 necessarias
1743 1572 1799 1623 et
1819 1586 1852 1623 a
1869 1565 2247 1639 paucioribus
2276 1563 2685 1636 intelligendas
2706 1563 3048 1618 contineret.
3069 1567 3234 1617 Hunc
3268 1562 3522 1618 laborem
3547 1561 3807 1632 suscepit

382 1650 444 1708 in
475 1669 677 1709 eorum
709 1654 1081 1724 potissimum
1114 1656 1386 1727 gratiam,
1417 1657 1517 1727 qui
1545 1657 1678 1714 fidei
1710 1657 2115 1712 auctoritatem
2146 1671 2260 1709 non
2293 1653 2658 1724 recipientes,
2683 1652 3092 1724 mysteriorum
3124 1652 3423 1706 veritatem
3458 1650 3682 1705 ratione
3713 1651 3810 1705 de-

385 1740 697 1797 monstrari
729 1741 840 1798 sibi
870 1742 1161 1799 volebant.
1195 1744 1339 1799 Cum
1370 1745 1525 1799 enim
1552 1744 1610 1799 in
1644 1761 1940 1801 sacrarum
1975 1759 2169 1798 rerum
2195 1741 2685 1810 meditatione,cui
2711 1757 2772 1796 se
2795 1739 3046 1795 maxime
3067 1740 3328 1794 deditum
3352 1738 3452 1794 Vir
3479 1743 3722 1795 sanctus
3744 1737 3805 1793 in

382 1830 482 1887 lib.
520 1833 570 1899 I,
604 1847 733 1903 cap.
769 1832 825 1897 3,
858 1832 1181 1903 profitetur,
1203 1832 1374 1903 plura
1403 1832 1462 1887 in
1491 1834 1614 1889 dies
1645 1840 1703 1890 et
1733 1834 1939 1889 altiora
1967 1832 2162 1887 divino
2192 1830 2520 1885 illustratus
2554 1830 2771 1884 lumine
2794 1829 3226 1900 detegeret,non
3262 1829 3591 1899 patiebatur
3611 1827 3807 1883 chari-

382 1924 474 1976 tas
505 1920 720 1990 ipsum,
754 1938 879 1991 quas
911 1938 979 1976 ex
1011 1922 1107 1975 Dei
1138 1922 1289 1976 dono
1322 1922 1659 1993 accepisset,
1692 1923 1824 1978 aliis
1855 1923 2160 1992 denegare.
2196 1920 2476 1989 Sperabat
2504 1919 2793 1988 siquidem
2823 1922 2962 1984 fore,
2993 1923 3058 1971 ut
3088 1917 3219 1972 aliis
3253 1917 3642 1972 ministrando
3673 1933 3802 1989 quas

390 2008 667 2081 legerent,
699 2009 825 2080 ipse
855 2025 1087 2080 quoque
1119 2011 1459 2080 proficeret;
1495 2028 1560 2066 ac
1588 2012 1721 2067 aliis
1765 2010 2006 2082 cupiens
2038 2009 2389 2081 respondere
2421 2007 2833 2077 quaerentibus,
2867 2006 3039 2061 etiam
3076 2005 3201 2076 ipse
3230 2005 3285 2059 id
3323 2005 3477 2077 quod
3512 2006 3807 2077 quaerebat

388 2098 690 2153 inveniret.
726 2100 866 2168 Ergo
895 2100 1126 2169 suscepi,
1158 2099 1258 2165 ait,
1292 2099 1394 2154 lib.
1430 2101 1479 2166 1,
1511 2117 1638 2173 cap.
1665 2102 1721 2172 5,
1754 2101 1885 2167 ἡδο,
1912 2099 2137 2171 jubente
2166 2102 2326 2170 atque
2353 2099 2649 2160 adiuvante
2679 2097 2903 2150 Domino
2930 2096 3029 2150 Deo
3069 2099 3277 2159 nostra,
3310 2110 3420 2150 non
3451 2097 3563 2148 tam
3586 2097 3806 2164 cognita

387 2202 511 2242 cum
540 2188 872 2242 auctoritate
899 2187 1181 2251 disserere,
1213 2204 1376 2258 quam
1399 2204 1469 2244 ea
1497 2206 1624 2244 cum
1648 2193 1854 2260 pietate
1884 2188 2191 2243 disserendo
2220 2203 2558 2254 cognoscere.
2591 2185 2862 2239 Testatur
2882 2184 2939 2237 in
2977 2183 3129 2238 tertii
3161 2182 3291 2237 libri
3325 2182 3578 2247 exordio,
3602 2183 3803 2238 stilum

390 2290 453 2331 se
486 2274 836 2347 perlibenter
863 2276 1042 2330 fuisse
1072 2292 1553 2349 suppressurum,
1586 2278 1632 2332 si
1668 2295 1758 2334 res
1797 2276 2138 2348 hujusmodi
2164 2294 2198 2331 a
2230 2276 2451 2331 Latinis
2483 2274 2881 2329 invenirentur
2911 2272 3228 2345 explicatae,
3260 2276 3362 2326 aut
3391 2272 3571 2327 Graeci
3602 2273 3703 2343 qui
3734 2272 3807 2327 de

390 2364 467 2420 iis
499 2363 674 2419 rebus
703 2368 1050 2432 tractarunt,
1086 2370 1284 2421 essent
1312 2365 1491 2421 latine
1522 2367 1754 2432 redditi,
1781 2371 1883 2421 aut
1909 2365 2003 2420 alii
2040 2366 2291 2437 denique
2321 2381 2520 2420 curam
2553 2362 2939 2434 respondendi
2992 2360 3417 2433 quastionibus
3446 2360 3558 2432 ipsi
3591 2377 3807 2433 propo-

386 2453 536 2521 sitis,
569 2469 725 2524 quas,
757 2453 860 2519 ait,
882 2469 984 2524 pro
1013 2470 1247 2525 persona
1275 2471 1398 2509 mea
1424 2472 1590 2527 quam
1618 2456 1678 2509 in
1706 2458 1924 2511 servitio
1958 2454 2164 2509 Christi
2189 2469 2335 2525 gero,
2367 2468 2579 2507 necesse
2607 2462 2683 2508 est
2710 2468 2796 2507 me
2820 2452 2958 2523 pati,
2991 2452 3195 2506 vellent
3222 2452 3515 2515 suscipere.

456 2544 881 2611 Argumentum
930 2558 1105 2597 suum
1156 2542 1462 2614 variasque
1496 2544 1820 2615 propositas
1852 2543 2006 2597 circa
2035 2543 2091 2597 id
2127 2542 2501 2614 quaestiones,
2556 2546 2614 2596 et
2661 2540 3042 2595 difficultates
3091 2539 3201 2594 hoc
3231 2539 3434 2594 ordine
3463 2543 3801 2610 pertractat.

383 2630 446 2687 In
477 2631 625 2685 libro
658 2630 679 2685 Ι
708 2646 953 2685 summas
981 2630 1283 2686 Trinitatis
1317 2632 1596 2687 unitatem
1631 2638 1688 2687 et
1716 2632 2106 2703 aequalitatem
2140 2631 2504 2685 demonstrat
2552 2646 2619 2684 ex
2660 2628 2978 2700 Scripturis
3013 2646 3026 2683 :
3058 2644 3258 2684 earum
3306 2628 3644 2683 testimonia
3675 2644 3804 2698 quas

382 2724 581 2775 contra
612 2719 739 2774 Filii
770 2719 1165 2791 aequalitatem
1199 2735 1501 2792 perperam
1532 2722 1920 2792 objectantur,
1953 2720 2245 2793 quomodo
2279 2719 2714 2792 interpretanda
2746 2718 2865 2774 sint
2888 2718 3212 2773 secundum
3244 2717 3592 2774 catholicam
3624 2717 3802 2773 ﬁdem

383 2808 662 2865 ostendit.

452 2899 521 2953 II.
554 2898 830 2953 Eamdem
851 2898 1150 2954 Trinitatis
1183 2898 1572 2970 aequalitatem
1598 2899 2085 2970 asserit,probans
2108 2898 2254 2953 nihil
2276 2898 2506 2953 obstare.
2524 2914 2649 2968 qum
2680 2898 2749 2951 de
2769 2896 2892 2950 Filii
2918 2896 3198 2952 missione
3221 2913 3287 2951 ac
3309 2895 3561 2966 Spiritus
3585 2896 3798 2968 sancti,

379 2988 566 3058 deque
594 2986 768 3041 variis
799 2985 899 3042 Dei
931 2987 1393 3058 apparitionibus
1415 2988 1690 3042 dicuntur
1724 2989 1777 3041 in
1813 2986 2498 3058 Srripturis.’l‘rinitatem
2515 2986 2664 3040 enim
2690 2990 2869 3041 totam
2897 2985 2953 3039 in
2986 3002 3093 3040 sua
3115 2985 3799 3053 naturaimmutabilem,

381 3075 759 3139 invisibilem,
794 3076 1013 3145 ubique
1045 3081 1412 3146 praesentem,
1443 3076 1501 3131 in
1533 3077 1813 3131 missione
1844 3078 2106 3147 qualibet
2134 3076 2221 3130 vel
2256 3076 2630 3147 apparatione
2661 3074 3132 3145 inseparabiliter
3156 3074 3405 3145 operari.

452 3165 550 3218 IlI.
585 3164 799 3227 Quaerit
829 3181 901 3218 an
928 3166 986 3219 in
1021 3165 1313 3235 praedictis
1344 3165 1444 3220 Dei
1478 3166 1943 3236 apparitionibus
1975 3182 2249 3237 corporea
2280 3167 2688 3219 tantummodo
2722 3168 2987 3217 creatura
3019 3164 3265 3218 formata
3297 3164 3393 3231 sit,
3419 3163 3474 3217 in
3501 3180 3619 3236 qua
3649 3164 3808 3220 Deus

382 3252 655 3308 humanis
681 3253 1085 3308 ostenderetur
1113 3252 1447 3324 aspectibus
1475 3271 1488 3321 ;
1523 3271 1596 3309 an
1622 3254 1822 3324 Angeli
1850 3255 1972 3325 jam
2007 3258 2139 3310 ante
2170 3254 2482 3308 existentes
2515 3254 2594 3308 ita
2624 3254 2743 3307 sint
2773 3252 2961 3314 missi.
2992 3256 3056 3306 ut
3083 3270 3151 3306 ex
3183 3269 3429 3322 persona
3465 3252 3566 3307 Dei
3600 3252 3806 3325 loque-

382 3347 603 3408 rentur,
637 3341 755 3397 sive
784 3358 886 3414 per
914 3341 1274 3414 corporalem
1308 3343 1560 3414 speciem
1601 3344 1672 3398 de
1703 3360 1944 3415 corpora
1974 3347 2238 3399 creatura
2270 3348 2660 3414 assumptam,
2692 3342 2811 3396 sive
2861 3357 2963 3412 per
2991 3358 3164 3396 suum
3197 3341 3463 3413 ipsorum
3495 3359 3711 3414 corpus
3743 3342 3805 3398 in

380 3448 525 3502 quas
555 3430 768 3487 vellent
799 3432 1020 3502 species
1049 3447 1429 3487 conversum:
1459 3432 1540 3487 ita
1572 3437 1637 3487 ut
1666 3433 1796 3504 ipsa
1827 3433 1924 3488 Dei
1959 3432 2216 3488 essentia
2247 3448 2542 3501 nunquam
2579 3448 2681 3502 per
2709 3446 2767 3486 se
2800 3430 2988 3502 ipsam
3017 3431 3142 3486 visa
3178 3431 3374 3485 fuerit.

456 3520 524 3576 [ν
579 3525 752 3576 Docet
782 3522 852 3576 ad
884 3521 1021 3591 quid
1055 3521 1272 3577 missus
1306 3522 1382 3576 sit
1410 3521 1592 3577 Filius
1624 3522 1744 3576 Dei.
1778 3521 2082 3585 Caeterum,
2121 3522 2329 3577 Filium
2366 3522 2481 3587 Dei,
2518 3520 2786 3591 quamvis
2820 3520 3099 3575 missione
3131 3521 3321 3575 factus
3356 3521 3436 3575 sit
3468 3520 3807 3585 minor,non

379 3610 508 3664 ideo
537 3626 665 3666 esse
695 3610 979 3666 minorem
1013 3610 1153 3681 quia
1183 3610 1344 3665 misit
1371 3626 1506 3666 eum
1528 3611 1829 3677 Pater,nec
1861 3611 1987 3666 ideo
2021 3611 2304 3689 minorem
2342 3610 2623 3682 Spiritum
2657 3614 2925 3666 sanctum
2956 3609 3092 3681 quia
3113 3614 3170 3665 et
3198 3609 3367 3665 Pater
3394 3626 3528 3665 eum
3562 3611 3725 3665 misit
3752 3610 3812 3666 ot

380 3698 583 3756 Filius.

452 3789 519 3840 V.
550 3787 741 3859 Pergit
772 3786 842 3841 ad
874 3787 1184 3865 refellenda
1213 3786 1620 3843 hareticorum
1653 3793 2001 3859 argumenta
2028 3788 2147 3855 illa,
2172 3805 2298 3860 quas
2315 3789 2432 3857 jam
2469 3805 2582 3843 non
2616 3801 2645 3842 e
2675 3786 2887 3842 divinis
2918 3786 3106 3853 libris,
3140 3787 3240 3843 sed
3272 3802 3302 3843 e
3333 3804 3440 3843 suo
3471 3804 3647 3844 sensu
3675 3805 3810 3860 pro-

383 3876 594 3930 ferunt.
618 3882 700 3930 Ac
733 3875 988 3946 primum
1020 3876 1174 3946 quod
1200 3877 1494 3946 objectant
1522 3877 1760 3947 gignere
1809 3885 1866 3932 et
1918 3877 2097 3950 gigni,
2129 3878 2215 3933 vel
2265 3878 2527 3950 genitum
2577 3893 2706 3933 esse
2746 3882 2803 3932 et
2848 3877 3194 3949 ingenitum,
3247 3876 3527 3948 quoniam
3579 3877 3810 3932 diversa

382 3969 541 4034 sunt,
573 3964 939 4019 substantias
968 3980 1096 4021 esse
1126 3965 1406 4033 diversas,
1437 3964 1668 4037 refellit,
1701 3967 2015 4022 ostendens
2061 3965 2177 4022 ista
2225 3967 2296 4022 de
2348 3968 2458 4021 Deo
2512 3982 2627 4021 non
2687 3965 3011 4021 secundum
3074 3964 3469 4020 substantiam
3530 3964 3667 4031 dici,
3703 3965 3808 4021 sed

386 4051 644 4108 relative.

455 4140 546 4196 Vl.
583 4142 645 4196 In
677 4157 775 4197 eos
808 4140 908 4213 qui
940 4147 1142 4197 contra
1171 4141 1297 4197 Filii
1329 4142 1719 4214 aequalitatem
1755 4143 2058 4215 disputant
2087 4161 2154 4200 ex
2182 4159 2248 4198 eo
2278 4143 2430 4215 quod
2460 4142 2724 4198 Christus
2754 4142 2825 4197 ab
2857 4142 3133 4213 Apostolo
3164 4142 3359 4197 dictus
3391 4142 3467 4197 sit
3498 4143 3596 4198 Dei
3625 4143 3812 4198 Virtus

385 4236 436 4287 et
462 4232 567 4286 Dei
591 4232 909 4303 Sapientia,
929 4233 1308 4302 quaestionem
1344 4232 1635 4303 proponit,
1670 4250 1863 4288 annon
1888 4238 1943 4288 et
1973 4234 2098 4304 ipse
2120 4237 2292 4288 Pater
2320 4231 2605 4301 sapientia
2635 4232 2729 4286 sit.
2757 4231 2937 4302 Cujus
2968 4230 3255 4302 tantisper
3285 4230 3464 4287 dilata
3496 4230 3813 4303 solutione,

386 4320 579 4375 adhuc
611 4321 817 4388 probat
847 4320 1134 4375 unitatem
1166 4326 1223 4376 et
1254 4320 1645 4392 aequalitatem
1688 4323 1894 4387 Patris,
1931 4322 2079 4388 Filii,
2116 4339 2179 4377 ac
2211 4322 2464 4393 Spiritus
2496 4320 2679 4375 sancti
2709 4337 2722 4388 ;
2757 4326 2813 4375 et
2842 4337 2959 4375 non
2990 4320 3172 4375 Deum
3204 4319 3517 4392 triplicem,
3551 4320 3653 4376 sed
3682 4320 3815 4376 Tri-

386 4408 629 4463 nitatem
661 4409 774 4462 dici
807 4414 863 4463 et
887 4410 1342 4482 credioportere.
1373 4412 1521 4466 Tum
1554 4410 1803 4484 explicat
1833 4411 2057 4466 dictum
2089 4411 2327 4478 Hilarii;
2378 4410 2687 4465 Afternilas
2733 4411 2793 4464 in
2839 4415 3024 4480 Patre,
3072 4411 3279 4481 species
3300 4411 3361 4465 in
3391 4409 3652 4481 Imagine,
3679 4426 3820 4465 usus

385 4501 443 4552 in
484 4498 724 4553 Munere.
2854 4542 2865 4553 .

456 4587 527 4642 II.
561 4587 973 4654 Quaestionem,
1008 4604 1133 4658 quae
1165 4587 1345 4643 dilata
1377 4589 1586 4652 fuerat,
1620 4588 1873 4653 resolvit,
1908 4590 2191 4660 docetque
2220 4589 2474 4657 Patrem,
2506 4586 2740 4652 Filium,
2773 4592 2829 4642 et
2858 4586 3141 4659 Spiritum
3178 4595 3442 4643 sanctum
3476 4604 3602 4643 esse
3633 4605 3813 4645 unam

379 4677 655 4731 virtutem
686 4681 743 4731 et
772 4692 949 4731 unam
983 4677 1349 4747 sapientiam,
1384 4695 1496 4732 non
1532 4694 1701 4732 secus
1733 4682 1907 4749 atque
1938 4695 2123 4733 unum
2154 4678 2337 4732 Deum
2371 4683 2427 4731 et
2457 4694 2634 4731 unam
2668 4676 3006 4731 essentiam.
3049 4676 3263 4740 Quarit
3293 4682 3493 4749 postea
3515 4678 3814 4749 quomodo

382 4766 608 4820 dicatur
635 4762 695 4819 in
726 4764 863 4831 Deo,
898 4782 932 4820 a
963 4764 1183 4821 Latinis
1215 4783 1332 4820 una
1358 4766 1632 4833 essentia,
1667 4770 1785 4821 tres
1819 4784 2113 4838 personae:
2147 4784 2181 4821 a
2210 4766 2446 4835 Graecis,
2484 4783 2600 4820 una
2628 4765 2905 4832 essentia,
2939 4771 3058 4821 tres
3088 4765 3432 4821 substantiae
3466 4765 3550 4821 vel
3589 4766 3807 4839 hypos-
3876 4820 3881 4823 .

378 4859 558 4909 tases.

450 4940 596 4997 VIII.
633 4941 880 4997 Ratione
911 4942 1088 4997 etiam
1119 4942 1344 4997 reddita
1376 4946 1680 5012 monstrat,
1712 4959 1827 4997 non
1859 4942 2048 4999 solum
2083 4944 2307 5000 Patrem
2334 4944 2476 4998 Filio
2508 4959 2621 4997 non
2656 4958 2784 4998 esse
2816 4944 3229 5012 majorem,sed
3264 4960 3369 4999 nec
3401 4943 3603 4999 ambos
3635 4944 3813 5010 simul

382 5028 601 5103 aliquid
634 5032 830 5101 majus
859 5048 986 5087 esse
1015 5048 1192 5103 quam
1215 5031 1498 5102 Spiritum
1528 5037 1821 5103 sanctum,
1855 5049 1960 5088 nec
1992 5034 2286 5103 quoslibet
2309 5034 2457 5087 duos
2489 5031 2667 5086 simul
2698 5031 2755 5086 in
2790 5033 2993 5086 eadem
3026 5031 3311 5087 Trinitate
3344 5035 3538 5101 majus
3584 5031 3810 5102 aliquid

382 5136 557 5191 quam
589 5137 796 5185 unum,
828 5136 934 5176 nec
965 5137 1170 5176 omnes
1200 5118 1377 5175 simul
1412 5124 1528 5174 tres
1559 5121 1752 5189 majus
1783 5121 2001 5191 aliquid
2033 5139 2209 5193 quam
2252 5120 2537 5192 singulos.
2576 5122 2862 5176 Admonet
2891 5126 2956 5176 ut
2990 5137 3057 5175 ex
3099 5121 3363 5175 veritatis
3394 5119 3809 5187 intellectione,

380 5225 449 5265 ex
481 5209 684 5264 notitia
712 5209 928 5264 summi
964 5210 1122 5277 boni,
1146 5214 1204 5265 et.
1232 5226 1302 5264 ex
1330 5208 1509 5263 insito
1540 5225 1735 5265 amore
1758 5211 2028 5280 justitiae,
2063 5211 2423 5283 intelligatur
2452 5216 2662 5265 natura
2691 5209 2783 5264 Dei
2811 5226 2824 5276 ;
2879 5212 3202 5280 praesertim
3244 5227 3378 5265 vero
3410 5216 3475 5265 ut
3501 5209 3688 5281 ipsius
3721 5226 3817 5265 co-

378 5296 563 5368 gnitio
596 5302 891 5368 quaeratur
920 5312 1022 5367 per
1050 5298 1416 5362 charitatem,
1450 5295 1506 5350 in
1542 5313 1658 5367 qua
1688 5302 1802 5352 tria
1832 5300 2099 5369 quaedam
2130 5298 2285 5352 velut
2314 5298 2620 5352 Trinitatis
2651 5297 2963 5368 vestigium
2995 5298 3187 5353 inesse
3218 5299 3506 5354 observat.

450 5384 542 5440 IX.
575 5385 920 5441 Trinitatem
954 5386 1010 5438 in
1044 5384 1403 5453 homine,qui
1438 5385 1628 5457 imago
1663 5388 1757 5440 Dei
1790 5394 1897 5456 est,
1923 5389 2239 5459 quamdam
2262 5386 2505 5442 inveniri
2531 5386 2734 5440 docet:
2772 5391 3056 5452 mentem,
3088 5393 3144 5441 et
3174 5388 3443 5442 notitiam
3476 5403 3595 5458 qua
3626 5402 3689 5441 se
3712 5400 3817 5442 no-

376 5472 480 5540 vit,
512 5477 570 5527 et
599 5488 856 5528 amorem
888 5488 1000 5542 quo
1031 5488 1092 5528 se
1120 5474 1502 5545 notitiamque
1533 5491 1698 5528 suam
1734 5475 1960 5546 diligit;
1992 5481 2050 5530 et
2081 5475 2201 5530 haec
2232 5475 2341 5529 tria
2372 5491 2499 5530 esse
2528 5474 2681 5529 inter
2711 5491 2771 5530 se
2796 5475 3043 5545 aequalia
3071 5479 3127 5530 et
3153 5476 3329 5531 unius
3359 5476 3648 5531 essentia).

446 5559 513 5615 X.
564 5559 751 5617 Aliam
800 5562 861 5617 in
905 5562 1162 5619 hominis
1213 5569 1407 5620 mente
1448 5562 1867 5620 evidentiorem
1918 5565 2157 5637 reperiri
2208 5565 2572 5631 trinitatem;
2607 5562 2667 5618 in
2699 5562 2982 5619 memoria
3011 5564 3252 5632 scilicet,
3288 5564 3701 5636 intelligentia,
3750 5565 3815 5619 et

371 5646 691 5718 voluntate.

439 5737 533 5798 ΧΙ.
568 5735 754 5796 Etiam
786 5740 848 5797 in
879 5742 1145 5799 exteriori
1184 5742 1419 5801 homine
1447 5741 1751 5802 Trinitatis
1782 5743 1980 5818 aliqua
2008 5744 2276 5818 vestigia,
2307 5743 2485 5801 veluti
2514 5742 2575 5797 in
2606 5741 2894 5816 corporali
2923 5743 3163 5814 visione,
3195 5742 3577 5818 deprehendi.
