  <div class='ocr_page' id='page_1' title='image "/cluster/home/n/w/nwhite01/storage/ocr_20150623/42/umn.31951d02850084t/412.png"; bbox 0 0 4040 6438; ppageno 0'>
   <div class='ocr_carea' id='block_1_1' title="bbox 296 376 3719 441">
    <p class='ocr_par' dir='ltr' id='par_1_1' title="bbox 296 376 3719 441">
     <span class='ocr_line' id='line_1_1' title="bbox 296 376 3719 441; baseline 0.001 -5"><span class='ocrx_word' id='word_1_1' title='bbox 296 376 420 436; x_wconf 85' lang='lat'>817</span> <span class='ocrx_word' id='word_1_2' title='bbox 1243 379 1683 439; x_wconf 83' lang='lat' dir='ltr'>ADMONITIO</span> <span class='ocrx_word' id='word_1_3' title='bbox 1730 379 1804 438; x_wconf 83' lang='lat' dir='ltr'><strong>IN</strong></span> <span class='ocrx_word' id='word_1_4' title='bbox 1853 378 2134 439; x_wconf 77' lang='lat' dir='ltr'><strong>LIBROS</strong></span> <span class='ocrx_word' id='word_1_5' title='bbox 2180 379 2281 437; x_wconf 88' lang='lat' dir='ltr'><strong>DE</strong></span> <span class='ocrx_word' id='word_1_6' title='bbox 2324 379 2775 439; x_wconf 80' lang='lat' dir='ltr'>TRINITATE.</span> <span class='ocrx_word' id='word_1_7' title='bbox 3599 381 3719 441; x_wconf 85' lang='lat'>818</span> 
     </span>
    </p>
   </div>
   <div class='ocr_carea' id='block_1_2' title="bbox 374 508 3720 585">
    <p class='ocr_par' dir='ltr' id='par_1_2' title="bbox 374 508 3720 585">
     <span class='ocr_line' id='line_1_2' title="bbox 374 508 3720 585; baseline 0.002 -21"><span class='ocrx_word' id='word_1_8' title='bbox 374 510 502 565; x_wconf 83' lang='lat' dir='ltr'><strong>XII.</strong></span> <span class='ocrx_word' id='word_1_9' title='bbox 537 508 845 565; x_wconf 64' lang='lat' dir='ltr'>Prasmissa</span> <span class='ocrx_word' id='word_1_10' title='bbox 878 509 1251 566; x_wconf 81' lang='lat' dir='ltr'>distinctione</span> <span class='ocrx_word' id='word_1_11' title='bbox 1281 511 1579 584; x_wconf 66' lang='lat' dir='ltr'>sapientiae</span> <span class='ocrx_word' id='word_1_12' title='bbox 1612 528 1645 565; x_wconf 90' lang='lat' dir='ltr'>a</span> <span class='ocrx_word' id='word_1_13' title='bbox 1674 510 1940 577; x_wconf 90' lang='lat' dir='ltr'>scientia,</span> <span class='ocrx_word' id='word_1_14' title='bbox 1973 509 2230 565; x_wconf 85' lang='lat' dir='ltr'>ostendit</span> <span class='ocrx_word' id='word_1_15' title='bbox 2254 509 2309 563; x_wconf 93' lang='lat' dir='ltr'>in</span> <span class='ocrx_word' id='word_1_16' title='bbox 2345 526 2411 565; x_wconf 91' lang='lat' dir='ltr'>ea</span> <span class='ocrx_word' id='word_1_17' title='bbox 2440 527 2566 581; x_wconf 64' lang='lat' dir='ltr'>quae</span> <span class='ocrx_word' id='word_1_18' title='bbox 2600 512 2829 583; x_wconf 82' lang='lat' dir='ltr'>proprie</span> <span class='ocrx_word' id='word_1_19' title='bbox 2868 512 3115 568; x_wconf 84' lang='lat' dir='ltr'>scientia</span> <span class='ocrx_word' id='word_1_20' title='bbox 3143 512 3375 579; x_wconf 84' lang='lat' dir='ltr'>dicitur,</span> <span class='ocrx_word' id='word_1_21' title='bbox 3408 515 3720 585; x_wconf 90' lang='lat' dir='ltr'>quamdam</span> 
     </span>
    </p>
   </div>
   <div class='ocr_carea' id='block_1_3' title="bbox 297 599 3721 677">
    <p class='ocr_par' dir='ltr' id='par_1_3' title="bbox 297 599 3721 677">
     <span class='ocr_line' id='line_1_3' title="bbox 297 599 3721 677; baseline 0.001 -22"><span class='ocrx_word' id='word_1_22' title='bbox 297 599 623 655; x_wconf 79' lang='lat' dir='ltr'>trinitatem</span> <span class='ocrx_word' id='word_1_23' title='bbox 675 616 688 655; x_wconf 89' lang='lat'><strong>:</strong></span> <span class='ocrx_word' id='word_1_24' title='bbox 736 616 863 672; x_wconf 73' lang='lat' dir='ltr'>quae</span> <span class='ocrx_word' id='word_1_25' title='bbox 905 599 1037 655; x_wconf 88' lang='lat' dir='ltr'>licet</span> <span class='ocrx_word' id='word_1_26' title='bbox 1084 602 1153 656; x_wconf 85' lang='lat' dir='ltr'>ad</span> <span class='ocrx_word' id='word_1_27' title='bbox 1202 600 1532 657; x_wconf 89' lang='lat' dir='ltr'>interiorem</span> <span class='ocrx_word' id='word_1_28' title='bbox 1584 600 1883 655; x_wconf 87' lang='lat' dir='ltr'>hominem</span> <span class='ocrx_word' id='word_1_29' title='bbox 1925 602 2052 670; x_wconf 86' lang='lat' dir='ltr'>jam</span> <span class='ocrx_word' id='word_1_30' title='bbox 2106 599 2412 672; x_wconf 90' lang='lat' dir='ltr'>pertineat,</span> <span class='ocrx_word' id='word_1_31' title='bbox 2464 601 2725 656; x_wconf 89' lang='lat' dir='ltr'>nondum</span> <span class='ocrx_word' id='word_1_32' title='bbox 2778 606 2972 657; x_wconf 88' lang='lat' dir='ltr'>tamen</span> <span class='ocrx_word' id='word_1_33' title='bbox 3020 602 3213 675; x_wconf 86' lang='lat' dir='ltr'>imago</span> <span class='ocrx_word' id='word_1_34' title='bbox 3256 604 3352 658; x_wconf 79' lang='lat' dir='ltr'>Dei</span> <span class='ocrx_word' id='word_1_35' title='bbox 3397 604 3473 659; x_wconf 87' lang='lat' dir='ltr'>sit</span> <span class='ocrx_word' id='word_1_36' title='bbox 3519 603 3721 677; x_wconf 89' lang='lat' dir='ltr'>appel-</span> 
     </span>
    </p>
   </div>
   <div class='ocr_carea' id='block_1_4' title="bbox 298 688 499 743">
    <p class='ocr_par' dir='ltr' id='par_1_4' title="bbox 298 688 499 743">
     <span class='ocr_line' id='line_1_4' title="bbox 298 688 499 743; baseline 0 0"><span class='ocrx_word' id='word_1_37' title='bbox 298 688 499 743; x_wconf 87' lang='lat' dir='ltr'>landa.</span> 
     </span>
    </p>
   </div>
   <div class='ocr_carea' id='block_1_5' title="bbox 372 777 3133 850">
    <p class='ocr_par' dir='ltr' id='par_1_5' title="bbox 372 777 3133 850">
     <span class='ocr_line' id='line_1_5' title="bbox 372 777 3133 850; baseline 0 -17"><span class='ocrx_word' id='word_1_38' title='bbox 372 778 513 833; x_wconf 79' lang='lat' dir='ltr'>XIII.</span> <span class='ocrx_word' id='word_1_39' title='bbox 548 778 854 849; x_wconf 81' lang='lat' dir='ltr'>Repertam</span> <span class='ocrx_word' id='word_1_40' title='bbox 888 778 947 833; x_wconf 92' lang='lat' dir='ltr'>in</span> <span class='ocrx_word' id='word_1_41' title='bbox 979 779 1223 834; x_wconf 89' lang='lat' dir='ltr'>scientia</span> <span class='ocrx_word' id='word_1_42' title='bbox 1256 779 1577 833; x_wconf 82' lang='lat' dir='ltr'>trinitatem</span> <span class='ocrx_word' id='word_1_43' title='bbox 1615 779 1849 850; x_wconf 78' lang='lat' dir='ltr'>exponit</span> <span class='ocrx_word' id='word_1_44' title='bbox 1880 794 1982 849; x_wconf 88' lang='lat' dir='ltr'>per</span> <span class='ocrx_word' id='word_1_45' title='bbox 2011 777 2577 834; x_wconf 87' lang='lat' dir='ltr'>commendationem</span> <span class='ocrx_word' id='word_1_46' title='bbox 2613 777 2745 832; x_wconf 84' lang='lat' dir='ltr'>fidei</span> <span class='ocrx_word' id='word_1_47' title='bbox 2781 777 3133 833; x_wconf 72' lang='lat' dir='ltr'>Christianas.</span> 
     </span>
    </p>
   </div>
   <div class='ocr_carea' id='block_1_6' title="bbox 372 866 3725 942">
    <p class='ocr_par' dir='ltr' id='par_1_6' title="bbox 372 866 3725 942">
     <span class='ocr_line' id='line_1_6' title="bbox 372 866 3725 942; baseline 0.001 -22"><span class='ocrx_word' id='word_1_48' title='bbox 372 866 518 922; x_wconf 83' lang='lat' dir='ltr'><strong>XIV.</strong></span> <span class='ocrx_word' id='word_1_49' title='bbox 554 867 632 922; x_wconf 91' lang='lat' dir='ltr'>De</span> <span class='ocrx_word' id='word_1_50' title='bbox 663 867 950 937; x_wconf 81' lang='lat' dir='ltr'>sapientia</span> <span class='ocrx_word' id='word_1_51' title='bbox 979 867 1235 922; x_wconf 90' lang='lat' dir='ltr'>hominis</span> <span class='ocrx_word' id='word_1_52' title='bbox 1268 885 1397 921; x_wconf 89' lang='lat' dir='ltr'>vera</span> <span class='ocrx_word' id='word_1_53' title='bbox 1437 867 1599 933; x_wconf 87' lang='lat' dir='ltr'>dicit,</span> <span class='ocrx_word' id='word_1_54' title='bbox 1631 884 1748 937; x_wconf 92' lang='lat' dir='ltr'>qua</span> <span class='ocrx_word' id='word_1_55' title='bbox 1776 868 2042 923; x_wconf 85' lang='lat' dir='ltr'>videlicet</span> <span class='ocrx_word' id='word_1_56' title='bbox 2071 867 2358 932; x_wconf 87' lang='lat' dir='ltr'>meminit,</span> <span class='ocrx_word' id='word_1_57' title='bbox 2388 866 2681 938; x_wconf 85' lang='lat' dir='ltr'>intelligit,</span> <span class='ocrx_word' id='word_1_58' title='bbox 2714 870 2771 921; x_wconf 92' lang='lat' dir='ltr'>et</span> <span class='ocrx_word' id='word_1_59' title='bbox 2803 867 2993 938; x_wconf 86' lang='lat' dir='ltr'>diligit</span> <span class='ocrx_word' id='word_1_60' title='bbox 3021 868 3203 924; x_wconf 93' lang='lat' dir='ltr'>Deum</span> <span class='ocrx_word' id='word_1_61' title='bbox 3240 885 3252 922; x_wconf 91' lang='lat'>:</span> <span class='ocrx_word' id='word_1_62' title='bbox 3286 870 3539 925; x_wconf 83' lang='lat' dir='ltr'>ostendit</span> <span class='ocrx_word' id='word_1_63' title='bbox 3570 870 3725 942; x_wconf 88' lang='lat' dir='ltr'>quod</span> 
     </span>
    </p>
   </div>
   <div class='ocr_carea' id='block_1_7' title="bbox 296 955 3726 1028">
    <p class='ocr_par' dir='ltr' id='par_1_7' title="bbox 296 955 3726 1028">
     <span class='ocr_line' id='line_1_7' title="bbox 296 955 3726 1028; baseline 0.001 -18"><span class='ocrx_word' id='word_1_64' title='bbox 296 955 356 1011; x_wconf 92' lang='lat' dir='ltr'>in</span> <span class='ocrx_word' id='word_1_65' title='bbox 393 973 459 1010; x_wconf 91' lang='lat' dir='ltr'>eo</span> <span class='ocrx_word' id='word_1_66' title='bbox 485 956 610 1028; x_wconf 93' lang='lat' dir='ltr'>ipso</span> <span class='ocrx_word' id='word_1_67' title='bbox 641 956 717 1011; x_wconf 93' lang='lat' dir='ltr'>sit</span> <span class='ocrx_word' id='word_1_68' title='bbox 743 956 917 1011; x_wconf 92' lang='lat' dir='ltr'>homo</span> <span class='ocrx_word' id='word_1_69' title='bbox 949 956 1141 1028; x_wconf 84' lang='lat' dir='ltr'>imago</span> <span class='ocrx_word' id='word_1_70' title='bbox 1173 956 1271 1011; x_wconf 91' lang='lat' dir='ltr'>Dei</span> <span class='ocrx_word' id='word_1_71' title='bbox 1303 958 1627 1011; x_wconf 90' lang='lat' dir='ltr'>secundum</span> <span class='ocrx_word' id='word_1_72' title='bbox 1664 963 1916 1011; x_wconf 88' lang='lat' dir='ltr'>mentem</span> <span class='ocrx_word' id='word_1_73' title='bbox 1946 974 1958 1023; x_wconf 91' lang='lat'>;</span> <span class='ocrx_word' id='word_1_74' title='bbox 1986 973 2113 1027; x_wconf 68' lang='lat' dir='ltr'>quae</span> <span class='ocrx_word' id='word_1_75' title='bbox 2148 956 2383 1027; x_wconf 87' lang='lat' dir='ltr'>quidem</span> <span class='ocrx_word' id='word_1_76' title='bbox 2418 956 2513 1010; x_wconf 91' lang='lat' dir='ltr'>hic</span> <span class='ocrx_word' id='word_1_77' title='bbox 2544 960 2853 1010; x_wconf 89' lang='lat' dir='ltr'>renovatur</span> <span class='ocrx_word' id='word_1_78' title='bbox 2882 956 2939 1011; x_wconf 91' lang='lat' dir='ltr'>in</span> <span class='ocrx_word' id='word_1_79' title='bbox 2972 955 3265 1028; x_wconf 88' lang='lat' dir='ltr'>agnitione</span> <span class='ocrx_word' id='word_1_80' title='bbox 3294 957 3389 1012; x_wconf 90' lang='lat' dir='ltr'>Dei</span> <span class='ocrx_word' id='word_1_81' title='bbox 3426 962 3565 1013; x_wconf 89' lang='lat' dir='ltr'>tunc</span> <span class='ocrx_word' id='word_1_82' title='bbox 3591 974 3726 1014; x_wconf 90' lang='lat' dir='ltr'>vero</span> 
     </span>
    </p>
   </div>
   <div class='ocr_carea' id='block_1_8' title="bbox 300 1044 2695 1118">
    <p class='ocr_par' dir='ltr' id='par_1_8' title="bbox 300 1044 2695 1118">
     <span class='ocr_line' id='line_1_8' title="bbox 300 1044 2695 1118; baseline -0.001 -19"><span class='ocrx_word' id='word_1_83' title='bbox 300 1044 411 1099; x_wconf 89' lang='lat' dir='ltr'>erit</span> <span class='ocrx_word' id='word_1_84' title='bbox 444 1046 501 1099; x_wconf 93' lang='lat' dir='ltr'>in</span> <span class='ocrx_word' id='word_1_85' title='bbox 533 1062 601 1099; x_wconf 89' lang='lat' dir='ltr'>ea</span> <span class='ocrx_word' id='word_1_86' title='bbox 633 1045 886 1118; x_wconf 85' lang='lat' dir='ltr'>imagine</span> <span class='ocrx_word' id='word_1_87' title='bbox 918 1046 1170 1117; x_wconf 86' lang='lat' dir='ltr'>perfecta</span> <span class='ocrx_word' id='word_1_88' title='bbox 1200 1046 1299 1100; x_wconf 87' lang='lat' dir='ltr'>Dei</span> <span class='ocrx_word' id='word_1_89' title='bbox 1335 1045 1678 1111; x_wconf 84' lang='lat' dir='ltr'>similitudo,</span> <span class='ocrx_word' id='word_1_90' title='bbox 1710 1047 1942 1117; x_wconf 87' lang='lat' dir='ltr'>quando</span> <span class='ocrx_word' id='word_1_91' title='bbox 1981 1045 2073 1100; x_wconf 93' lang='lat' dir='ltr'>Dei</span> <span class='ocrx_word' id='word_1_92' title='bbox 2105 1047 2361 1115; x_wconf 89' lang='lat' dir='ltr'>perfecta</span> <span class='ocrx_word' id='word_1_93' title='bbox 2389 1044 2499 1099; x_wconf 90' lang='lat' dir='ltr'>erit</span> <span class='ocrx_word' id='word_1_94' title='bbox 2528 1044 2695 1099; x_wconf 86' lang='lat' dir='ltr'>visio.</span> 
     </span>
    </p>
   </div>
   <div class='ocr_carea' id='block_1_9' title="bbox 372 1132 3724 1207">
    <p class='ocr_par' dir='ltr' id='par_1_9' title="bbox 372 1132 3724 1207">
     <span class='ocr_line' id='line_1_9' title="bbox 372 1132 3724 1207; baseline 0 -18"><span class='ocrx_word' id='word_1_95' title='bbox 372 1133 487 1189; x_wconf 88' lang='lat' dir='ltr'>XV.</span> <span class='ocrx_word' id='word_1_96' title='bbox 518 1134 808 1205; x_wconf 89' lang='lat' dir='ltr'>Quidquid</span> <span class='ocrx_word' id='word_1_97' title='bbox 845 1135 901 1189; x_wconf 93' lang='lat' dir='ltr'>in</span> <span class='ocrx_word' id='word_1_98' title='bbox 934 1135 1334 1205; x_wconf 86' lang='lat' dir='ltr'>superioribus</span> <span class='ocrx_word' id='word_1_99' title='bbox 1364 1135 1651 1206; x_wconf 85' lang='lat' dir='ltr'>exposuit,</span> <span class='ocrx_word' id='word_1_100' title='bbox 1685 1134 2117 1205; x_wconf 88' lang='lat' dir='ltr'>compendiario</span> <span class='ocrx_word' id='word_1_101' title='bbox 2150 1150 2419 1189; x_wconf 87' lang='lat' dir='ltr'>sermone</span> <span class='ocrx_word' id='word_1_102' title='bbox 2449 1132 2863 1205; x_wconf 89' lang='lat' dir='ltr'>complectitur</span> <span class='ocrx_word' id='word_1_103' title='bbox 2896 1149 2909 1189; x_wconf 89' lang='lat'><strong>:</strong></span> <span class='ocrx_word' id='word_1_104' title='bbox 2945 1150 3009 1190; x_wconf 89' lang='lat' dir='ltr'>ac</span> <span class='ocrx_word' id='word_1_105' title='bbox 3041 1137 3332 1205; x_wconf 90' lang='lat' dir='ltr'>postremo</span> <span class='ocrx_word' id='word_1_106' title='bbox 3358 1135 3724 1207; x_wconf 88' lang='lat' dir='ltr'>Trinitatem,</span> 
     </span>
    </p>
   </div>
   <div class='ocr_carea' id='block_1_10' title="bbox 302 1222 3726 1297">
    <p class='ocr_par' dir='ltr' id='par_1_10' title="bbox 302 1222 3726 1297">
     <span class='ocr_line' id='line_1_10' title="bbox 302 1222 3726 1297; baseline 0.001 -20"><span class='ocrx_word' id='word_1_107' title='bbox 302 1224 358 1277; x_wconf 92' lang='lat' dir='ltr'>in</span> <span class='ocrx_word' id='word_1_108' title='bbox 393 1225 566 1293; x_wconf 86' lang='lat' dir='ltr'>cujus</span> <span class='ocrx_word' id='word_1_109' title='bbox 594 1224 844 1295; x_wconf 88' lang='lat' dir='ltr'>perfecta</span> <span class='ocrx_word' id='word_1_110' title='bbox 874 1223 1095 1279; x_wconf 86' lang='lat' dir='ltr'>visione</span> <span class='ocrx_word' id='word_1_111' title='bbox 1127 1224 1295 1279; x_wconf 90' lang='lat' dir='ltr'>nobis</span> <span class='ocrx_word' id='word_1_112' title='bbox 1330 1226 1495 1279; x_wconf 88' lang='lat' dir='ltr'>beata</span> <span class='ocrx_word' id='word_1_113' title='bbox 1527 1225 1641 1278; x_wconf 87' lang='lat' dir='ltr'>vita</span> <span class='ocrx_word' id='word_1_114' title='bbox 1672 1225 2055 1295; x_wconf 85' lang='lat' dir='ltr'>promittitur,</span> <span class='ocrx_word' id='word_1_115' title='bbox 2090 1223 2345 1278; x_wconf 88' lang='lat' dir='ltr'>ostendit</span> <span class='ocrx_word' id='word_1_116' title='bbox 2372 1241 2404 1278; x_wconf 93' lang='lat' dir='ltr'>a</span> <span class='ocrx_word' id='word_1_117' title='bbox 2435 1222 2603 1279; x_wconf 92' lang='lat' dir='ltr'>nobis</span> <span class='ocrx_word' id='word_1_118' title='bbox 2647 1223 2739 1278; x_wconf 89' lang='lat' dir='ltr'>hic</span> <span class='ocrx_word' id='word_1_119' title='bbox 2769 1222 2949 1279; x_wconf 90' lang='lat' dir='ltr'>videri</span> <span class='ocrx_word' id='word_1_120' title='bbox 2981 1227 3264 1295; x_wconf 86' lang='lat' dir='ltr'>tanquam</span> <span class='ocrx_word' id='word_1_121' title='bbox 3290 1240 3393 1296; x_wconf 90' lang='lat' dir='ltr'>per</span> <span class='ocrx_word' id='word_1_122' title='bbox 3421 1224 3726 1297; x_wconf 90' lang='lat' dir='ltr'>speculum</span> 
     </span>
    </p>
   </div>
   <div class='ocr_carea' id='block_1_11' title="bbox 297 1313 2431 1386">
    <p class='ocr_par' dir='ltr' id='par_1_11' title="bbox 297 1313 2431 1386">
     <span class='ocr_line' id='line_1_11' title="bbox 297 1313 2431 1386; baseline -0 -16"><span class='ocrx_word' id='word_1_123' title='bbox 297 1319 355 1370; x_wconf 88' lang='lat' dir='ltr'>et</span> <span class='ocrx_word' id='word_1_124' title='bbox 385 1313 443 1366; x_wconf 93' lang='lat' dir='ltr'>in</span> <span class='ocrx_word' id='word_1_125' title='bbox 475 1314 801 1385; x_wconf 67' lang='lat' dir='ltr'>aenigmate,</span> <span class='ocrx_word' id='word_1_126' title='bbox 836 1314 975 1368; x_wconf 90' lang='lat' dir='ltr'>dum</span> <span class='ocrx_word' id='word_1_127' title='bbox 1008 1313 1236 1369; x_wconf 90' lang='lat' dir='ltr'>videtur</span> <span class='ocrx_word' id='word_1_128' title='bbox 1266 1332 1365 1386; x_wconf 91' lang='lat' dir='ltr'>per</span> <span class='ocrx_word' id='word_1_129' title='bbox 1398 1314 1711 1385; x_wconf 87' lang='lat' dir='ltr'>imaginem</span> <span class='ocrx_word' id='word_1_130' title='bbox 1749 1313 1848 1367; x_wconf 88' lang='lat' dir='ltr'>Dei</span> <span class='ocrx_word' id='word_1_131' title='bbox 1880 1315 2031 1385; x_wconf 91' lang='lat' dir='ltr'>quod</span> <span class='ocrx_word' id='word_1_132' title='bbox 2066 1330 2170 1369; x_wconf 84' lang='lat' dir='ltr'>nos</span> <span class='ocrx_word' id='word_1_133' title='bbox 2202 1330 2431 1369; x_wconf 90' lang='lat' dir='ltr'>sumus.</span> 
     </span>
    </p>
   </div>
   <div class='ocr_carea' id='block_1_12' title="bbox 373 1401 3726 1475">
    <p class='ocr_par' dir='ltr' id='par_1_12' title="bbox 373 1401 3726 1475">
     <span class='ocr_line' id='line_1_12' title="bbox 373 1401 3726 1475; baseline 0 -18"><span class='ocrx_word' id='word_1_134' title='bbox 373 1401 556 1457; x_wconf 85' lang='lat' dir='ltr'>Hosce</span> <span class='ocrx_word' id='word_1_135' title='bbox 586 1402 765 1458; x_wconf 90' lang='lat' dir='ltr'>libros</span> <span class='ocrx_word' id='word_1_136' title='bbox 798 1403 856 1457; x_wconf 92' lang='lat' dir='ltr'>in</span> <span class='ocrx_word' id='word_1_137' title='bbox 888 1402 1415 1459; x_wconf 86' lang='lat' dir='ltr'>Retractationibus</span> <span class='ocrx_word' id='word_1_138' title='bbox 1442 1404 1685 1457; x_wconf 90' lang='lat' dir='ltr'>collocat</span> <span class='ocrx_word' id='word_1_139' title='bbox 1721 1402 1873 1456; x_wconf 89' lang='lat' dir='ltr'>inter</span> <span class='ocrx_word' id='word_1_140' title='bbox 1893 1402 2175 1474; x_wconf 88' lang='lat' dir='ltr'>opuscula</span> <span class='ocrx_word' id='word_1_141' title='bbox 2199 1403 2429 1457; x_wconf 89' lang='lat' dir='ltr'>circiter</span> <span class='ocrx_word' id='word_1_142' title='bbox 2459 1418 2675 1458; x_wconf 87' lang='lat' dir='ltr'>annum</span> <span class='ocrx_word' id='word_1_143' title='bbox 2704 1401 2919 1458; x_wconf 84' lang='lat' dir='ltr'>Christi</span> <span class='ocrx_word' id='word_1_144' title='bbox 2942 1402 3044 1457; x_wconf 84' lang='grc'>400</span> <span class='ocrx_word' id='word_1_145' title='bbox 3074 1403 3573 1475; x_wconf 89' lang='lat' dir='ltr'>conscripta,quia</span> <span class='ocrx_word' id='word_1_146' title='bbox 3596 1402 3726 1460; x_wconf 87' lang='lat' dir='ltr'>illos</span> 
     </span>
    </p>
   </div>
   <div class='ocr_carea' id='block_1_13' title="bbox 300 1491 3724 1565">
    <p class='ocr_par' dir='ltr' id='par_1_13' title="bbox 300 1491 3724 1565">
     <span class='ocr_line' id='line_1_13' title="bbox 300 1491 3724 1565; baseline 0 -18"><span class='ocrx_word' id='word_1_147' title='bbox 300 1507 369 1547; x_wconf 86' lang='lat' dir='ltr'>eo</span> <span class='ocrx_word' id='word_1_148' title='bbox 400 1493 659 1563; x_wconf 90' lang='lat' dir='ltr'>tempore</span> <span class='ocrx_word' id='word_1_149' title='bbox 690 1491 998 1547; x_wconf 89' lang='lat' dir='ltr'>inchoavit.</span> <span class='ocrx_word' id='word_1_150' title='bbox 1036 1493 1095 1547; x_wconf 88' lang='lat' dir='ltr'>in</span> <span class='ocrx_word' id='word_1_151' title='bbox 1129 1491 1373 1564; x_wconf 92' lang='lat' dir='ltr'>epistola</span> <span class='ocrx_word' id='word_1_152' title='bbox 1407 1494 1530 1559; x_wconf 86' lang='lat'>120,</span> <span class='ocrx_word' id='word_1_153' title='bbox 1555 1493 1625 1547; x_wconf 92' lang='lat' dir='ltr'>ad</span> <span class='ocrx_word' id='word_1_154' title='bbox 1662 1492 2040 1547; x_wconf 89' lang='lat' dir='ltr'>Consentium</span> <span class='ocrx_word' id='word_1_155' title='bbox 2074 1508 2226 1547; x_wconf 90' lang='lat' dir='ltr'>anno</span> <span class='ocrx_word' id='word_1_156' title='bbox 2262 1493 2364 1546; x_wconf 87' lang='grc'>410</span> <span class='ocrx_word' id='word_1_157' title='bbox 2393 1491 2595 1557; x_wconf 88' lang='lat' dir='ltr'>missa,</span> <span class='ocrx_word' id='word_1_158' title='bbox 2618 1509 2673 1547; x_wconf 92' lang='lat' dir='ltr'>n.</span> <span class='ocrx_word' id='word_1_159' title='bbox 2712 1492 3073 1561; x_wconf 83' lang='lat' dir='ltr'>13,meminit</span> <span class='ocrx_word' id='word_1_160' title='bbox 3102 1492 3292 1565; x_wconf 90' lang='lat' dir='ltr'>operis</span> <span class='ocrx_word' id='word_1_161' title='bbox 3323 1494 3393 1549; x_wconf 92' lang='lat' dir='ltr'>de</span> <span class='ocrx_word' id='word_1_162' title='bbox 3420 1493 3724 1549; x_wconf 65' lang='lat' dir='ltr'>Trinitate,</span> 
     </span>
    </p>
   </div>
   <div class='ocr_carea' id='block_1_14' title="bbox 301 1580 3721 1654">
    <p class='ocr_par' dir='ltr' id='par_1_14' title="bbox 301 1580 3721 1654">
     <span class='ocr_line' id='line_1_14' title="bbox 301 1580 3721 1654; baseline 0.001 -21"><span class='ocrx_word' id='word_1_163' title='bbox 301 1580 458 1652; x_wconf 91' lang='lat' dir='ltr'>quod</span> <span class='ocrx_word' id='word_1_164' title='bbox 492 1582 547 1635; x_wconf 91' lang='lat' dir='ltr'>in</span> <span class='ocrx_word' id='word_1_165' title='bbox 583 1580 856 1636; x_wconf 89' lang='lat' dir='ltr'>manibus</span> <span class='ocrx_word' id='word_1_166' title='bbox 882 1580 1216 1649; x_wconf 86' lang='lat' dir='ltr'>habebat,ct</span> <span class='ocrx_word' id='word_1_167' title='bbox 1238 1582 1309 1636; x_wconf 89' lang='lat' dir='ltr'>ob</span> <span class='ocrx_word' id='word_1_168' title='bbox 1339 1582 1668 1652; x_wconf 86' lang='lat' dir='ltr'>argumenti</span> <span class='ocrx_word' id='word_1_169' title='bbox 1694 1581 2085 1651; x_wconf 55' lang='lat' dir='ltr'>praestantiam</span> <span class='ocrx_word' id='word_1_170' title='bbox 2111 1597 2175 1635; x_wconf 92' lang='lat' dir='ltr'>ac</span> <span class='ocrx_word' id='word_1_171' title='bbox 2198 1580 2600 1634; x_wconf 82' lang='lat' dir='ltr'>difﬁcultatem</span> <span class='ocrx_word' id='word_1_172' title='bbox 2626 1581 2887 1636; x_wconf 91' lang='lat' dir='ltr'>nondum</span> <span class='ocrx_word' id='word_1_173' title='bbox 2918 1582 3194 1653; x_wconf 83' lang='lat' dir='ltr'>perficere</span> <span class='ocrx_word' id='word_1_174' title='bbox 3218 1585 3571 1654; x_wconf 89' lang='lat' dir='ltr'>potuerat.In</span> <span class='ocrx_word' id='word_1_175' title='bbox 3599 1584 3721 1650; x_wconf 84' lang='lat'>162,</span> 
     </span>
    </p>
   </div>
   <div class='ocr_carea' id='block_1_15' title="bbox 302 1668 3724 1739">
    <p class='ocr_par' dir='ltr' id='par_1_15' title="bbox 302 1668 3724 1739">
     <span class='ocr_line' id='line_1_15' title="bbox 302 1668 3724 1739; baseline 0.001 -17"><span class='ocrx_word' id='word_1_176' title='bbox 302 1668 373 1722; x_wconf 89' lang='lat' dir='ltr'>ad</span> <span class='ocrx_word' id='word_1_177' title='bbox 408 1668 711 1734; x_wconf 90' lang='lat' dir='ltr'>Evodium,</span> <span class='ocrx_word' id='word_1_178' title='bbox 742 1685 869 1739; x_wconf 69' lang='lat' dir='ltr'>quaa</span> <span class='ocrx_word' id='word_1_179' title='bbox 901 1668 970 1723; x_wconf 90' lang='lat' dir='ltr'>ad</span> <span class='ocrx_word' id='word_1_180' title='bbox 1006 1685 1223 1723; x_wconf 90' lang='lat' dir='ltr'>annum</span> <span class='ocrx_word' id='word_1_181' title='bbox 1259 1669 1361 1721; x_wconf 80' lang='grc'>414</span> <span class='ocrx_word' id='word_1_182' title='bbox 1394 1668 1661 1739; x_wconf 85' lang='lat' dir='ltr'>pertinet,</span> <span class='ocrx_word' id='word_1_183' title='bbox 1697 1668 1899 1722; x_wconf 86' lang='lat' dir='ltr'>scribit</span> <span class='ocrx_word' id='word_1_184' title='bbox 1931 1686 1990 1723; x_wconf 91' lang='lat' dir='ltr'>n.</span> <span class='ocrx_word' id='word_1_185' title='bbox 2034 1669 2069 1719; x_wconf 76' lang='lat' dir='ltr'>f3</span> <span class='ocrx_word' id='word_1_186' title='bbox 2099 1685 2161 1724; x_wconf 88' lang='lat' dir='ltr'>se</span> <span class='ocrx_word' id='word_1_187' title='bbox 2192 1668 2371 1723; x_wconf 88' lang='lat' dir='ltr'>libros</span> <span class='ocrx_word' id='word_1_188' title='bbox 2404 1668 2474 1721; x_wconf 92' lang='lat' dir='ltr'>de</span> <span class='ocrx_word' id='word_1_189' title='bbox 2502 1668 2783 1723; x_wconf 89' lang='lat' dir='ltr'>Trinitate</span> <span class='ocrx_word' id='word_1_190' title='bbox 2815 1669 3074 1724; x_wconf 90' lang='lat' dir='ltr'>nondum</span> <span class='ocrx_word' id='word_1_191' title='bbox 3106 1669 3363 1725; x_wconf 88' lang='lat' dir='ltr'>edidisse</span> <span class='ocrx_word' id='word_1_192' title='bbox 3396 1687 3408 1725; x_wconf 87' lang='lat'>:</span> <span class='ocrx_word' id='word_1_193' title='bbox 3443 1674 3500 1725; x_wconf 89' lang='lat' dir='ltr'>et</span> <span class='ocrx_word' id='word_1_194' title='bbox 3528 1670 3586 1725; x_wconf 90' lang='lat' dir='ltr'>in</span> <span class='ocrx_word' id='word_1_195' title='bbox 3624 1672 3724 1725; x_wconf 85' lang='lat'>169</span> 
     </span>
    </p>
   </div>
   <div class='ocr_carea' id='block_1_16' title="bbox 303 1754 3727 1828">
    <p class='ocr_par' dir='ltr' id='par_1_16' title="bbox 303 1754 3727 1828">
     <span class='ocr_line' id='line_1_16' title="bbox 303 1754 3727 1828; baseline 0.001 -16"><span class='ocrx_word' id='word_1_196' title='bbox 303 1757 374 1812; x_wconf 88' lang='lat' dir='ltr'>ad</span> <span class='ocrx_word' id='word_1_197' title='bbox 409 1757 681 1811; x_wconf 90' lang='lat' dir='ltr'>eumdem</span> <span class='ocrx_word' id='word_1_198' title='bbox 712 1756 979 1828; x_wconf 88' lang='lat' dir='ltr'>epistola,</span> <span class='ocrx_word' id='word_1_199' title='bbox 1015 1775 1141 1828; x_wconf 58' lang='lat' dir='ltr'>qua:</span> <span class='ocrx_word' id='word_1_200' title='bbox 1174 1762 1416 1811; x_wconf 83' lang='lat' dir='ltr'>exeunte</span> <span class='ocrx_word' id='word_1_201' title='bbox 1452 1774 1603 1811; x_wconf 90' lang='lat' dir='ltr'>anno</span> <span class='ocrx_word' id='word_1_202' title='bbox 1638 1758 1741 1810; x_wconf 84' lang='grc'>415</span> <span class='ocrx_word' id='word_1_203' title='bbox 1773 1758 1990 1827; x_wconf 87' lang='lat' dir='ltr'>scripta</span> <span class='ocrx_word' id='word_1_204' title='bbox 2020 1762 2127 1823; x_wconf 91' lang='lat' dir='ltr'>est,</span> <span class='ocrx_word' id='word_1_205' title='bbox 2162 1774 2223 1812; x_wconf 91' lang='lat' dir='ltr'>se</span> <span class='ocrx_word' id='word_1_206' title='bbox 2256 1757 2514 1811; x_wconf 91' lang='lat' dir='ltr'>nondum</span> <span class='ocrx_word' id='word_1_207' title='bbox 2548 1754 2679 1810; x_wconf 91' lang='lat' dir='ltr'>illos</span> <span class='ocrx_word' id='word_1_208' title='bbox 2727 1756 3128 1828; x_wconf 89' lang='lat' dir='ltr'>complevisse,</span> <span class='ocrx_word' id='word_1_209' title='bbox 3162 1775 3221 1814; x_wconf 94' lang='lat' dir='ltr'>n.</span> <span class='ocrx_word' id='word_1_210' title='bbox 3273 1759 3297 1812; x_wconf 95' lang='lat'>1</span> <span class='ocrx_word' id='word_1_211' title='bbox 3348 1763 3612 1813; x_wconf 88' lang='lat' dir='ltr'>testatur.</span> <span class='ocrx_word' id='word_1_212' title='bbox 3648 1760 3727 1815; x_wconf 82' lang='lat' dir='ltr'>Ex</span> 
     </span>
    </p>
   </div>
   <div class='ocr_carea' id='block_1_17' title="bbox 302 1845 3728 1919">
    <p class='ocr_par' dir='ltr' id='par_1_17' title="bbox 302 1845 3728 1919">
     <span class='ocr_line' id='line_1_17' title="bbox 302 1845 3728 1919; baseline 0 -17"><span class='ocrx_word' id='word_1_213' title='bbox 302 1845 554 1919; x_wconf 88' lang='lat' dir='ltr'>epistola</span> <span class='ocrx_word' id='word_1_214' title='bbox 586 1846 707 1911; x_wconf 88' lang='grc'>143,</span> <span class='ocrx_word' id='word_1_215' title='bbox 748 1847 817 1901; x_wconf 90' lang='lat' dir='ltr'>ad</span> <span class='ocrx_word' id='word_1_216' title='bbox 855 1845 1259 1901; x_wconf 88' lang='lat' dir='ltr'>Marcellinum</span> <span class='ocrx_word' id='word_1_217' title='bbox 1292 1846 1426 1900; x_wconf 86' lang='lat' dir='ltr'>data</span> <span class='ocrx_word' id='word_1_218' title='bbox 1458 1847 1567 1900; x_wconf 91' lang='lat' dir='ltr'>sub</span> <span class='ocrx_word' id='word_1_219' title='bbox 1602 1846 1774 1900; x_wconf 84' lang='lat' dir='ltr'>finem</span> <span class='ocrx_word' id='word_1_220' title='bbox 1812 1846 1948 1900; x_wconf 91' lang='lat' dir='ltr'>anni</span> <span class='ocrx_word' id='word_1_221' title='bbox 1982 1847 2104 1912; x_wconf 77' lang='grc'>412,</span> <span class='ocrx_word' id='word_1_222' title='bbox 2140 1846 2273 1900; x_wconf 89' lang='lat' dir='ltr'>licet</span> <span class='ocrx_word' id='word_1_223' title='bbox 2308 1845 2650 1917; x_wconf 87' lang='lat' dir='ltr'>intelligere,</span> <span class='ocrx_word' id='word_1_224' title='bbox 2685 1862 2743 1900; x_wconf 94' lang='lat' dir='ltr'>n.</span> <span class='ocrx_word' id='word_1_225' title='bbox 2780 1846 2830 1915; x_wconf 84' lang='grc'>4,</span> <span class='ocrx_word' id='word_1_226' title='bbox 2864 1847 3082 1901; x_wconf 86' lang='lat' dir='ltr'>amicos</span> <span class='ocrx_word' id='word_1_227' title='bbox 3113 1847 3184 1901; x_wconf 89' lang='lat' dir='ltr'>ab</span> <span class='ocrx_word' id='word_1_228' title='bbox 3217 1862 3283 1902; x_wconf 92' lang='lat' dir='ltr'>eo</span> <span class='ocrx_word' id='word_1_229' title='bbox 3314 1846 3628 1919; x_wconf 83' lang='lat' dir='ltr'>ﬂagitasse,</span> <span class='ocrx_word' id='word_1_230' title='bbox 3660 1845 3728 1902; x_wconf 66' lang='lat' dir='ltr'>ut</span> 
     </span>
    </p>
   </div>
   <div class='ocr_carea' id='block_1_18' title="bbox 303 1933 3723 2009">
    <p class='ocr_par' dir='ltr' id='par_1_18' title="bbox 303 1933 3723 2009">
     <span class='ocr_line' id='line_1_18' title="bbox 303 1933 3723 2009; baseline 0.001 -19"><span class='ocrx_word' id='word_1_231' title='bbox 303 1934 413 1992; x_wconf 91' lang='lat' dir='ltr'>hos</span> <span class='ocrx_word' id='word_1_232' title='bbox 446 1934 627 1991; x_wconf 90' lang='lat' dir='ltr'>libros</span> <span class='ocrx_word' id='word_1_233' title='bbox 660 1934 1013 2007; x_wconf 87' lang='lat' dir='ltr'>publicaret:</span> <span class='ocrx_word' id='word_1_234' title='bbox 1051 1936 1246 2007; x_wconf 92' lang='lat' dir='ltr'>ipsum</span> <span class='ocrx_word' id='word_1_235' title='bbox 1280 1939 1483 1989; x_wconf 91' lang='lat' dir='ltr'>contra</span> <span class='ocrx_word' id='word_1_236' title='bbox 1508 1933 1732 1988; x_wconf 91' lang='lat' dir='ltr'>diutius</span> <span class='ocrx_word' id='word_1_237' title='bbox 1768 1950 1866 1988; x_wconf 79' lang='lat' dir='ltr'>eos</span> <span class='ocrx_word' id='word_1_238' title='bbox 1901 1934 2230 2003; x_wconf 85' lang='lat' dir='ltr'>retinuisse,</span> <span class='ocrx_word' id='word_1_239' title='bbox 2266 1951 2441 2007; x_wconf 90' lang='lat' dir='ltr'>quam</span> <span class='ocrx_word' id='word_1_240' title='bbox 2473 1934 2687 1988; x_wconf 88' lang='lat' dir='ltr'>vellent</span> <span class='ocrx_word' id='word_1_241' title='bbox 2718 1938 2773 1989; x_wconf 92' lang='lat' dir='ltr'>et</span> <span class='ocrx_word' id='word_1_242' title='bbox 2797 1935 3032 1991; x_wconf 90' lang='lat' dir='ltr'>ferrent.</span> <span class='ocrx_word' id='word_1_243' title='bbox 3068 1936 3231 1992; x_wconf 89' lang='lat' dir='ltr'>Unde</span> <span class='ocrx_word' id='word_1_244' title='bbox 3261 1936 3539 2006; x_wconf 88' lang='lat' dir='ltr'>conjicias</span> <span class='ocrx_word' id='word_1_245' title='bbox 3569 1936 3723 2009; x_wconf 91' lang='lat' dir='ltr'>prio-</span> 
     </span>
    </p>
   </div>
   <div class='ocr_carea' id='block_1_19' title="bbox 301 2023 3731 2096">
    <p class='ocr_par' dir='ltr' id='par_1_19' title="bbox 301 2023 3731 2096">
     <span class='ocr_line' id='line_1_19' title="bbox 301 2023 3731 2096; baseline 0.001 -18"><span class='ocrx_word' id='word_1_246' title='bbox 301 2040 431 2080; x_wconf 88' lang='lat' dir='ltr'>rem</span> <span class='ocrx_word' id='word_1_247' title='bbox 469 2024 654 2096; x_wconf 90' lang='lat' dir='ltr'>ipsam</span> <span class='ocrx_word' id='word_1_248' title='bbox 690 2023 1165 2096; x_wconf 86' lang='lat' dir='ltr'>publicationem,</span> <span class='ocrx_word' id='word_1_249' title='bbox 1200 2039 1324 2095; x_wconf 66' lang='lat' dir='ltr'>quaa</span> <span class='ocrx_word' id='word_1_250' title='bbox 1357 2039 1528 2093; x_wconf 86' lang='lat' dir='ltr'>opere</span> <span class='ocrx_word' id='word_1_251' title='bbox 1561 2024 1810 2077; x_wconf 88' lang='lat' dir='ltr'>necdum</span> <span class='ocrx_word' id='word_1_252' title='bbox 1844 2024 2113 2078; x_wconf 85' lang='lat' dir='ltr'>absoluto</span> <span class='ocrx_word' id='word_1_253' title='bbox 2147 2024 2297 2077; x_wconf 89' lang='lat' dir='ltr'>facta</span> <span class='ocrx_word' id='word_1_254' title='bbox 2328 2028 2433 2090; x_wconf 86' lang='lat' dir='ltr'>est,</span> <span class='ocrx_word' id='word_1_255' title='bbox 2469 2040 2581 2077; x_wconf 90' lang='lat' dir='ltr'>non</span> <span class='ocrx_word' id='word_1_256' title='bbox 2625 2023 2991 2095; x_wconf 70' lang='lat' dir='ltr'>praecessisse</span> <span class='ocrx_word' id='word_1_257' title='bbox 3040 2041 3260 2080; x_wconf 89' lang='lat' dir='ltr'>annum</span> <span class='ocrx_word' id='word_1_258' title='bbox 3319 2026 3443 2080; x_wconf 80' lang='grc'>412.</span> <span class='ocrx_word' id='word_1_259' title='bbox 3490 2026 3731 2082; x_wconf 87' lang='lat' dir='ltr'>Constat</span> 
     </span>
    </p>
   </div>
   <div class='ocr_carea' id='block_1_20' title="bbox 302 2111 3725 2187">
    <p class='ocr_par' dir='ltr' id='par_1_20' title="bbox 302 2111 3725 2187">
     <span class='ocr_line' id='line_1_20' title="bbox 302 2111 3725 2187; baseline 0.001 -19"><span class='ocrx_word' id='word_1_260' title='bbox 302 2118 499 2168; x_wconf 88' lang='lat' dir='ltr'>autem</span> <span class='ocrx_word' id='word_1_261' title='bbox 537 2113 777 2168; x_wconf 84' lang='lat' dir='ltr'>alteram</span> <span class='ocrx_word' id='word_1_262' title='bbox 818 2111 1047 2168; x_wconf 90' lang='lat' dir='ltr'>nonnisi</span> <span class='ocrx_word' id='word_1_263' title='bbox 1085 2112 1258 2185; x_wconf 88' lang='lat' dir='ltr'>longo</span> <span class='ocrx_word' id='word_1_264' title='bbox 1291 2116 1421 2184; x_wconf 93' lang='lat' dir='ltr'>post</span> <span class='ocrx_word' id='word_1_265' title='bbox 1448 2118 1708 2183; x_wconf 90' lang='lat' dir='ltr'>tempore</span> <span class='ocrx_word' id='word_1_266' title='bbox 1741 2113 1975 2179; x_wconf 86' lang='lat' dir='ltr'>factam,</span> <span class='ocrx_word' id='word_1_267' title='bbox 2028 2130 2160 2167; x_wconf 92' lang='lat' dir='ltr'>cum</span> <span class='ocrx_word' id='word_1_268' title='bbox 2194 2112 2319 2184; x_wconf 91' lang='lat' dir='ltr'>ipse</span> <span class='ocrx_word' id='word_1_269' title='bbox 2351 2112 2409 2166; x_wconf 93' lang='lat' dir='ltr'>in</span> <span class='ocrx_word' id='word_1_270' title='bbox 2455 2112 2604 2167; x_wconf 91' lang='lat' dir='ltr'>libro</span> <span class='ocrx_word' id='word_1_271' title='bbox 2663 2113 2725 2167; x_wconf 89' lang='grc'>13</span> <span class='ocrx_word' id='word_1_272' title='bbox 2756 2112 2897 2168; x_wconf 91' lang='lat' dir='ltr'>citet</span> <span class='ocrx_word' id='word_1_273' title='bbox 2942 2112 3087 2168; x_wconf 92' lang='lat' dir='ltr'>illud</span> <span class='ocrx_word' id='word_1_274' title='bbox 3132 2116 3286 2187; x_wconf 90' lang='lat' dir='ltr'>quod</span> <span class='ocrx_word' id='word_1_275' title='bbox 3323 2116 3637 2186; x_wconf 88' lang='lat' dir='ltr'>scripserat</span> <span class='ocrx_word' id='word_1_276' title='bbox 3666 2116 3725 2171; x_wconf 89' lang='lat' dir='ltr'>in</span> 
     </span>
    </p>
   </div>
   <div class='ocr_carea' id='block_1_21' title="bbox 303 2201 3725 2274">
    <p class='ocr_par' dir='ltr' id='par_1_21' title="bbox 303 2201 3725 2274">
     <span class='ocr_line' id='line_1_21' title="bbox 303 2201 3725 2274; baseline 0 -14"><span class='ocrx_word' id='word_1_277' title='bbox 303 2202 455 2260; x_wconf 91' lang='lat' dir='ltr'>libro</span> <span class='ocrx_word' id='word_1_278' title='bbox 488 2204 555 2257; x_wconf 87' lang='lat'><strong>12</strong></span> <span class='ocrx_word' id='word_1_279' title='bbox 586 2204 656 2257; x_wconf 88' lang='lat' dir='ltr'>de</span> <span class='ocrx_word' id='word_1_280' title='bbox 685 2202 931 2257; x_wconf 86' lang='lat' dir='ltr'>Civitate</span> <span class='ocrx_word' id='word_1_281' title='bbox 960 2201 1080 2269; x_wconf 92' lang='lat' dir='ltr'>Dei,</span> <span class='ocrx_word' id='word_1_282' title='bbox 1114 2202 1215 2274; x_wconf 91' lang='lat' dir='ltr'>qui</span> <span class='ocrx_word' id='word_1_283' title='bbox 1248 2207 1381 2257; x_wconf 87' lang='lat' dir='ltr'>ante</span> <span class='ocrx_word' id='word_1_284' title='bbox 1410 2218 1629 2255; x_wconf 91' lang='lat' dir='ltr'>annum</span> <span class='ocrx_word' id='word_1_285' title='bbox 1664 2204 1768 2257; x_wconf 85' lang='grc'>416</span> <span class='ocrx_word' id='word_1_286' title='bbox 1802 2204 2087 2274; x_wconf 79' lang='lat' dir='ltr'>perfectus</span> <span class='ocrx_word' id='word_1_287' title='bbox 2117 2219 2229 2257; x_wconf 90' lang='lat' dir='ltr'>non</span> <span class='ocrx_word' id='word_1_288' title='bbox 2263 2201 2391 2257; x_wconf 88' lang='lat' dir='ltr'>fuit.</span> <span class='ocrx_word' id='word_1_289' title='bbox 2426 2202 2595 2257; x_wconf 93' lang='lat' dir='ltr'>Libro</span> <span class='ocrx_word' id='word_1_290' title='bbox 2647 2203 2714 2257; x_wconf 84' lang='lat'><strong>15</strong></span> <span class='ocrx_word' id='word_1_291' title='bbox 2762 2203 2904 2257; x_wconf 88' lang='lat' dir='ltr'>citat</span> <span class='ocrx_word' id='word_1_292' title='bbox 2951 2208 3282 2258; x_wconf 87' lang='lat' dir='ltr'>Tractatum</span> <span class='ocrx_word' id='word_1_293' title='bbox 3328 2204 3401 2258; x_wconf 83' lang='lat'>90</span> <span class='ocrx_word' id='word_1_294' title='bbox 3450 2205 3507 2259; x_wconf 92' lang='lat' dir='ltr'>in</span> <span class='ocrx_word' id='word_1_295' title='bbox 3545 2208 3725 2260; x_wconf 88' lang='lat' dir='ltr'>Joan-</span> 
     </span>
    </p>
   </div>
   <div class='ocr_carea' id='block_1_22' title="bbox 306 2290 3728 2364">
    <p class='ocr_par' dir='ltr' id='par_1_22' title="bbox 306 2290 3728 2364">
     <span class='ocr_line' id='line_1_22' title="bbox 306 2290 3728 2364; baseline 0 -17"><span class='ocrx_word' id='word_1_296' title='bbox 306 2308 463 2347; x_wconf 88' lang='lat' dir='ltr'>nem.</span> <span class='ocrx_word' id='word_1_297' title='bbox 495 2292 578 2346; x_wconf 87' lang='lat' dir='ltr'>Ad</span> <span class='ocrx_word' id='word_1_298' title='bbox 614 2291 766 2347; x_wconf 89' lang='lat' dir='ltr'>istud</span> <span class='ocrx_word' id='word_1_299' title='bbox 805 2308 951 2363; x_wconf 90' lang='lat' dir='ltr'>opus</span> <span class='ocrx_word' id='word_1_300' title='bbox 985 2295 1333 2363; x_wconf 86' lang='lat' dir='ltr'>Prosperum</span> <span class='ocrx_word' id='word_1_301' title='bbox 1366 2292 1610 2346; x_wconf 89' lang='lat' dir='ltr'>remittit</span> <span class='ocrx_word' id='word_1_302' title='bbox 1638 2290 1739 2346; x_wconf 93' lang='lat' dir='ltr'>lib.</span> <span class='ocrx_word' id='word_1_303' title='bbox 1776 2292 1845 2345; x_wconf 92' lang='lat' dir='ltr'>de</span> <span class='ocrx_word' id='word_1_304' title='bbox 1872 2291 2387 2347; x_wconf 67' lang='lat' dir='ltr'>Prtedestinatione</span> <span class='ocrx_word' id='word_1_305' title='bbox 2417 2294 2787 2362; x_wconf 86' lang='lat' dir='ltr'>Sanctorum,</span> <span class='ocrx_word' id='word_1_306' title='bbox 2818 2307 2943 2364; x_wconf 87' lang='lat' dir='ltr'>cap.</span> <span class='ocrx_word' id='word_1_307' title='bbox 2977 2294 3031 2361; x_wconf 92' lang='lat'>8,</span> <span class='ocrx_word' id='word_1_308' title='bbox 3080 2298 3241 2347; x_wconf 89' lang='lat' dir='ltr'>ratus</span> <span class='ocrx_word' id='word_1_309' title='bbox 3272 2291 3327 2347; x_wconf 92' lang='lat' dir='ltr'>id</span> <span class='ocrx_word' id='word_1_310' title='bbox 3351 2293 3475 2363; x_wconf 89' lang='lat' dir='ltr'>jam</span> <span class='ocrx_word' id='word_1_311' title='bbox 3509 2294 3565 2348; x_wconf 91' lang='lat' dir='ltr'>in</span> <span class='ocrx_word' id='word_1_312' title='bbox 3598 2294 3728 2350; x_wconf 89' lang='lat' dir='ltr'>Gal-</span> 
     </span>
    </p>
   </div>
   <div class='ocr_carea' id='block_1_23' title="bbox 306 2378 669 2436">
    <p class='ocr_par' dir='ltr' id='par_1_23' title="bbox 306 2378 669 2436">
     <span class='ocr_line' id='line_1_23' title="bbox 306 2378 669 2436; baseline 0.006 -2"><span class='ocrx_word' id='word_1_313' title='bbox 306 2378 411 2435; x_wconf 90' lang='lat' dir='ltr'>liis</span> <span class='ocrx_word' id='word_1_314' title='bbox 443 2380 669 2436; x_wconf 88' lang='lat' dir='ltr'>haberi.</span> 
     </span>
    </p>
   </div>
   <div class='ocr_carea' id='block_1_24' title="bbox 382 2468 3729 2542">
    <p class='ocr_par' dir='ltr' id='par_1_24' title="bbox 382 2468 3729 2542">
     <span class='ocr_line' id='line_1_24' title="bbox 382 2468 3729 2542; baseline 0.001 -18"><span class='ocrx_word' id='word_1_315' title='bbox 382 2471 764 2525; x_wconf 89' lang='lat' dir='ltr'>Cassiodorus</span> <span class='ocrx_word' id='word_1_316' title='bbox 797 2474 1050 2533; x_wconf 89' lang='lat' dir='ltr'>senator,</span> <span class='ocrx_word' id='word_1_317' title='bbox 1083 2469 1143 2524; x_wconf 91' lang='lat' dir='ltr'>in</span> <span class='ocrx_word' id='word_1_318' title='bbox 1176 2469 1435 2525; x_wconf 89' lang='lat' dir='ltr'>Institut.</span> <span class='ocrx_word' id='word_1_319' title='bbox 1466 2487 1592 2542; x_wconf 92' lang='lat' dir='ltr'>cap.</span> <span class='ocrx_word' id='word_1_320' title='bbox 1635 2471 1713 2532; x_wconf 88' lang='lat' dir='ltr'>l6.</span> <span class='ocrx_word' id='word_1_321' title='bbox 1748 2469 1946 2525; x_wconf 88' lang='lat' dir='ltr'>laudat</span> <span class='ocrx_word' id='word_1_322' title='bbox 1976 2470 2309 2541; x_wconf 89' lang='lat' dir='ltr'>quindecim</span> <span class='ocrx_word' id='word_1_323' title='bbox 2344 2469 2542 2536; x_wconf 86' lang='lat' dir='ltr'>libros,</span> <span class='ocrx_word' id='word_1_324' title='bbox 2576 2486 2706 2540; x_wconf 80' lang='lat' dir='ltr'>quos</span> <span class='ocrx_word' id='word_1_325' title='bbox 2736 2468 3104 2541; x_wconf 88' lang='lat' dir='ltr'>Augustinus</span> <span class='ocrx_word' id='word_1_326' title='bbox 3134 2469 3200 2526; x_wconf 83' lang='lat' dir='ltr'>de</span> <span class='ocrx_word' id='word_1_327' title='bbox 3226 2474 3420 2527; x_wconf 78' lang='lat' dir='ltr'>sancta</span> <span class='ocrx_word' id='word_1_328' title='bbox 3464 2472 3729 2528; x_wconf 74' lang='lat' dir='ltr'>Trinitate</span> 
     </span>
    </p>
   </div>
   <div class='ocr_carea' id='block_1_25' title="bbox 316 2557 3725 2631">
    <p class='ocr_par' dir='ltr' id='par_1_25' title="bbox 316 2557 3725 2631">
     <span class='ocr_line' id='line_1_25' title="bbox 316 2557 3725 2631; baseline 0.001 -17"><span class='ocrx_word' id='word_1_329' title='bbox 316 2561 575 2614; x_wconf 77' lang='lat' dir='ltr'>mirabili</span> <span class='ocrx_word' id='word_1_330' title='bbox 603 2560 990 2631; x_wconf 77' lang='lat' dir='ltr'>profunditate</span> <span class='ocrx_word' id='word_1_331' title='bbox 1013 2561 1582 2630; x_wconf 76' lang='lat' dir='ltr'>conscripsit,curiosa</span> <span class='ocrx_word' id='word_1_332' title='bbox 1610 2562 1912 2615; x_wconf 77' lang='lat' dir='ltr'>intentione</span> <span class='ocrx_word' id='word_1_333' title='bbox 1940 2559 2296 2614; x_wconf 77' lang='lat' dir='ltr'>meditandos.</span> <span class='ocrx_word' id='word_1_334' title='bbox 2334 2560 2573 2613; x_wconf 87' lang='lat' dir='ltr'>Eosdem</span> <span class='ocrx_word' id='word_1_335' title='bbox 2600 2558 2780 2613; x_wconf 90' lang='lat' dir='ltr'>libros</span> <span class='ocrx_word' id='word_1_336' title='bbox 2812 2575 2842 2611; x_wconf 92' lang='lat' dir='ltr'>e</span> <span class='ocrx_word' id='word_1_337' title='bbox 2872 2557 3049 2613; x_wconf 87' lang='lat' dir='ltr'>latino</span> <span class='ocrx_word' id='word_1_338' title='bbox 3082 2574 3351 2615; x_wconf 88' lang='lat' dir='ltr'>sermone</span> <span class='ocrx_word' id='word_1_339' title='bbox 3382 2560 3439 2614; x_wconf 90' lang='lat' dir='ltr'>in</span> <span class='ocrx_word' id='word_1_340' title='bbox 3470 2575 3725 2631; x_wconf 63' lang='lat' dir='ltr'>graecum</span> 
     </span>
    </p>
   </div>
   <div class='ocr_carea' id='block_1_26' title="bbox 308 2647 3724 2719">
    <p class='ocr_par' dir='ltr' id='par_1_26' title="bbox 308 2647 3724 2719">
     <span class='ocr_line' id='line_1_26' title="bbox 308 2647 3724 2719; baseline 0.001 -17"><span class='ocrx_word' id='word_1_341' title='bbox 308 2647 620 2703; x_wconf 76' lang='lat' dir='ltr'>transtulit</span> <span class='ocrx_word' id='word_1_342' title='bbox 652 2648 939 2703; x_wconf 85' lang='lat' dir='ltr'>Maximus</span> <span class='ocrx_word' id='word_1_343' title='bbox 982 2647 1269 2703; x_wconf 90' lang='lat' dir='ltr'>Planudes</span> <span class='ocrx_word' id='word_1_344' title='bbox 1303 2647 1648 2713; x_wconf 88' lang='lat' dir='ltr'>monachus,</span> <span class='ocrx_word' id='word_1_345' title='bbox 1682 2648 1780 2719; x_wconf 88' lang='lat' dir='ltr'>qui</span> <span class='ocrx_word' id='word_1_346' title='bbox 1814 2648 1923 2702; x_wconf 89' lang='lat' dir='ltr'>sub</span> <span class='ocrx_word' id='word_1_347' title='bbox 1954 2647 2283 2702; x_wconf 88' lang='lat' dir='ltr'>Andronico</span> <span class='ocrx_word' id='word_1_348' title='bbox 2314 2648 2537 2703; x_wconf 87' lang='lat' dir='ltr'>seniore</span> <span class='ocrx_word' id='word_1_349' title='bbox 2568 2647 2791 2702; x_wconf 88' lang='lat' dir='ltr'>vivebat</span> <span class='ocrx_word' id='word_1_350' title='bbox 2819 2647 3048 2702; x_wconf 89' lang='lat' dir='ltr'>circiter</span> <span class='ocrx_word' id='word_1_351' title='bbox 3078 2664 3296 2703; x_wconf 90' lang='lat' dir='ltr'>annum</span> <span class='ocrx_word' id='word_1_352' title='bbox 3334 2650 3491 2703; x_wconf 75' lang='lat'>1250.</span> <span class='ocrx_word' id='word_1_353' title='bbox 3528 2653 3724 2705; x_wconf 90' lang='lat' dir='ltr'>Deme-</span> 
     </span>
    </p>
   </div>
   <div class='ocr_carea' id='block_1_27' title="bbox 316 2736 3726 2809">
    <p class='ocr_par' dir='ltr' id='par_1_27' title="bbox 316 2736 3726 2809">
     <span class='ocr_line' id='line_1_27' title="bbox 316 2736 3726 2809; baseline 0 -17"><span class='ocrx_word' id='word_1_354' title='bbox 316 2738 468 2793; x_wconf 87' lang='lat' dir='ltr'>trius</span> <span class='ocrx_word' id='word_1_355' title='bbox 498 2754 630 2792; x_wconf 92' lang='lat' dir='ltr'>vero</span> <span class='ocrx_word' id='word_1_356' title='bbox 661 2737 956 2809; x_wconf 70' lang='lat' dir='ltr'>Cydonius</span> <span class='ocrx_word' id='word_1_357' title='bbox 988 2737 1097 2792; x_wconf 89' lang='lat' dir='ltr'>sub</span> <span class='ocrx_word' id='word_1_358' title='bbox 1128 2737 1351 2792; x_wconf 89' lang='lat' dir='ltr'>Joanne</span> <span class='ocrx_word' id='word_1_359' title='bbox 1384 2740 1803 2803; x_wconf 86' lang='lat' dir='ltr'>Cantacuzeno,</span> <span class='ocrx_word' id='word_1_360' title='bbox 1836 2737 2024 2808; x_wconf 87' lang='lat' dir='ltr'>capita</span> <span class='ocrx_word' id='word_1_361' title='bbox 2054 2736 2275 2808; x_wconf 88' lang='lat' dir='ltr'>aliquot</span> <span class='ocrx_word' id='word_1_362' title='bbox 2301 2736 2472 2791; x_wconf 90' lang='lat' dir='ltr'>vertit</span> <span class='ocrx_word' id='word_1_363' title='bbox 2502 2752 2569 2790; x_wconf 83' lang='lat' dir='ltr'>ex</span> <span class='ocrx_word' id='word_1_364' title='bbox 2598 2737 2860 2807; x_wconf 84' lang='lat' dir='ltr'>ejusdem</span> <span class='ocrx_word' id='word_1_365' title='bbox 2911 2736 3304 2792; x_wconf 87' lang='lat' dir='ltr'>sermonibus.</span> <span class='ocrx_word' id='word_1_366' title='bbox 3354 2738 3471 2794; x_wconf 89' lang='lat' dir='ltr'>Has</span> <span class='ocrx_word' id='word_1_367' title='bbox 3500 2737 3726 2793; x_wconf 89' lang='lat' dir='ltr'>versio-</span> 
     </span>
    </p>
   </div>
   <div class='ocr_carea' id='block_1_28' title="bbox 318 2825 3722 2897">
    <p class='ocr_par' dir='ltr' id='par_1_28' title="bbox 318 2825 3722 2897">
     <span class='ocr_line' id='line_1_28' title="bbox 318 2825 3722 2897; baseline 0.001 -17"><span class='ocrx_word' id='word_1_368' title='bbox 318 2842 423 2881; x_wconf 90' lang='lat' dir='ltr'>nes</span> <span class='ocrx_word' id='word_1_369' title='bbox 456 2826 649 2881; x_wconf 68' lang='lat' dir='ltr'>Romae</span> <span class='ocrx_word' id='word_1_370' title='bbox 702 2826 981 2881; x_wconf 84' lang='lat' dir='ltr'>asservari</span> <span class='ocrx_word' id='word_1_371' title='bbox 1036 2826 1091 2879; x_wconf 92' lang='lat' dir='ltr'>in</span> <span class='ocrx_word' id='word_1_372' title='bbox 1146 2826 1500 2881; x_wconf 86' lang='lat' dir='ltr'>bibliotheca</span> <span class='ocrx_word' id='word_1_373' title='bbox 1534 2827 1831 2893; x_wconf 89' lang='lat' dir='ltr'>Vaticana,</span> <span class='ocrx_word' id='word_1_374' title='bbox 1881 2830 2133 2881; x_wconf 89' lang='lat' dir='ltr'>testatur</span> <span class='ocrx_word' id='word_1_375' title='bbox 2189 2825 2539 2881; x_wconf 89' lang='lat' dir='ltr'>Possevinus</span> <span class='ocrx_word' id='word_1_376' title='bbox 2570 2826 2627 2879; x_wconf 90' lang='lat' dir='ltr'>in</span> <span class='ocrx_word' id='word_1_377' title='bbox 2674 2827 2993 2897; x_wconf 90' lang='lat' dir='ltr'>Apparatu,</span> <span class='ocrx_word' id='word_1_378' title='bbox 3023 2825 3293 2882; x_wconf 90' lang='lat' dir='ltr'>Vidimus</span> <span class='ocrx_word' id='word_1_379' title='bbox 3326 2827 3580 2883; x_wconf 89' lang='lat' dir='ltr'>Indicem</span> <span class='ocrx_word' id='word_1_380' title='bbox 3611 2826 3722 2884; x_wconf 91' lang='lat' dir='ltr'>Ms.</span> 
     </span>
    </p>
   </div>
   <div class='ocr_carea' id='block_1_29' title="bbox 316 2913 3720 2986">
    <p class='ocr_par' dir='ltr' id='par_1_29' title="bbox 316 2913 3720 2986">
     <span class='ocr_line' id='line_1_29' title="bbox 316 2913 3720 2986; baseline 0.001 -17"><span class='ocrx_word' id='word_1_381' title='bbox 316 2915 485 2969; x_wconf 92' lang='lat' dir='ltr'>codd.</span> <span class='ocrx_word' id='word_1_382' title='bbox 521 2914 702 2969; x_wconf 58' lang='lat' dir='ltr'>Graec.</span> <span class='ocrx_word' id='word_1_383' title='bbox 736 2914 1005 2969; x_wconf 92' lang='lat' dir='ltr'>biblioth.</span> <span class='ocrx_word' id='word_1_384' title='bbox 1044 2914 1226 2969; x_wconf 84' lang='lat' dir='ltr'>Vatic.</span> <span class='ocrx_word' id='word_1_385' title='bbox 1254 2915 1348 2985; x_wconf 89' lang='lat' dir='ltr'>qui</span> <span class='ocrx_word' id='word_1_386' title='bbox 1383 2921 1469 2969; x_wconf 76' lang='lat' dir='ltr'>est</span> <span class='ocrx_word' id='word_1_387' title='bbox 1502 2932 1677 2986; x_wconf 86' lang='lat' dir='ltr'>penes</span> <span class='ocrx_word' id='word_1_388' title='bbox 1708 2914 1773 2968; x_wconf 92' lang='lat' dir='ltr'>V.</span> <span class='ocrx_word' id='word_1_389' title='bbox 1800 2915 1858 2968; x_wconf 93' lang='lat' dir='ltr'>C.</span> <span class='ocrx_word' id='word_1_390' title='bbox 1893 2915 2203 2969; x_wconf 82' lang='lat' dir='ltr'>Antonium</span> <span class='ocrx_word' id='word_1_391' title='bbox 2239 2916 2420 2971; x_wconf 89' lang='lat' dir='ltr'>Faure</span> <span class='ocrx_word' id='word_1_392' title='bbox 2452 2914 2611 2969; x_wconf 92' lang='lat' dir='ltr'>Doct.</span> <span class='ocrx_word' id='word_1_393' title='bbox 2644 2913 2917 2986; x_wconf 86' lang='lat' dir='ltr'>Theolog.</span> <span class='ocrx_word' id='word_1_394' title='bbox 2952 2914 3133 2983; x_wconf 87' lang='lat' dir='ltr'>Paris,</span> <span class='ocrx_word' id='word_1_395' title='bbox 3168 2920 3217 2969; x_wconf 88' lang='lat' dir='ltr'>et</span> <span class='ocrx_word' id='word_1_396' title='bbox 3254 2914 3504 2970; x_wconf 90' lang='lat' dir='ltr'>similem</span> <span class='ocrx_word' id='word_1_397' title='bbox 3538 2915 3720 2972; x_wconf 91' lang='lat' dir='ltr'>alium</span> 
     </span>
    </p>
   </div>
   <div class='ocr_carea' id='block_1_30' title="bbox 315 3000 1910 3079">
    <p class='ocr_par' dir='ltr' id='par_1_30' title="bbox 315 3002 1895 3076">
     <span class='ocr_line' id='line_1_30' title="bbox 315 3002 1895 3076; baseline 0.001 -19"><span class='ocrx_word' id='word_1_398' title='bbox 315 3004 375 3058; x_wconf 89' lang='lat' dir='ltr'>in</span> <span class='ocrx_word' id='word_1_399' title='bbox 407 3003 603 3058; x_wconf 90' lang='lat' dir='ltr'>codice</span> <span class='ocrx_word' id='word_1_400' title='bbox 629 3002 969 3058; x_wconf 69' lang='lat' dir='ltr'>Colbertinae</span> <span class='ocrx_word' id='word_1_401' title='bbox 1002 3003 1360 3059; x_wconf 69' lang='lat' dir='ltr'>bibliotheca:</span> <span class='ocrx_word' id='word_1_402' title='bbox 1392 3006 1551 3073; x_wconf 76' lang='grc'>5125,</span> <span class='ocrx_word' id='word_1_403' title='bbox 1583 3004 1640 3058; x_wconf 90' lang='lat' dir='ltr'>in</span> <span class='ocrx_word' id='word_1_404' title='bbox 1683 3004 1895 3076; x_wconf 91' lang='lat' dir='ltr'>quibus</span> 
     </span>
    </p>
   </div>
   <div class='ocr_carea' id='block_1_31' title="bbox 2126 3000 3721 3079">
    <p class='ocr_par' dir='ltr' id='par_1_31' title="bbox 2132 3000 3721 3079">
     <span class='ocr_line' id='line_1_31' title="bbox 2132 3000 3721 3079; baseline 0.001 -23"><span class='ocrx_word' id='word_1_405' title='bbox 2132 3009 2351 3076; x_wconf 85' lang='lat' dir='ltr'>guntur</span> <span class='ocrx_word' id='word_1_406' title='bbox 2382 3020 2394 3058; x_wconf 91' lang='lat'><strong>:</strong></span> <span class='ocrx_word' id='word_1_407' title='bbox 2424 3006 2527 3055; x_wconf 73' lang='grc' dir='ltr'>Τοῦ</span> <span class='ocrx_word' id='word_1_408' title='bbox 2569 3001 2982 3077; x_wconf 78' lang='grc' dir='ltr'>μακαριωτάτου</span> <span class='ocrx_word' id='word_1_409' title='bbox 3023 3001 3382 3079; x_wconf 74' lang='grc' dir='ltr'>Λύγουστίνου</span> <span class='ocrx_word' id='word_1_410' title='bbox 3423 3000 3721 3058; x_wconf 81' lang='grc' dir='ltr'>ἐπισκόπου</span> 
     </span>
    </p>
   </div>
   <div class='ocr_carea' id='block_1_32' title="bbox 310 3086 3724 3170">
    <p class='ocr_par' dir='ltr' id='par_1_32' title="bbox 310 3086 3724 3170">
     <span class='ocr_line' id='line_1_32' title="bbox 310 3086 3724 3170; baseline 0.001 -25"><span class='ocrx_word' id='word_1_411' title='bbox 310 3092 576 3152; x_wconf 78' lang='grc' dir='ltr'>Ἰππῶνος</span> <span class='ocrx_word' id='word_1_412' title='bbox 592 3091 715 3167; x_wconf 82' lang='grc' dir='ltr'>περὶ</span> <span class='ocrx_word' id='word_1_413' title='bbox 735 3088 960 3166; x_wconf 78' lang='grc' dir='ltr'>Τριάδος</span> <span class='ocrx_word' id='word_1_414' title='bbox 990 3086 1176 3165; x_wconf 71' lang='grc' dir='ltr'>βιϐλία</span> <span class='ocrx_word' id='word_1_415' title='bbox 1205 3090 1358 3145; x_wconf 67' lang='grc' dir='ltr'>πέντε</span> <span class='ocrx_word' id='word_1_416' title='bbox 1394 3090 1532 3167; x_wconf 70' lang='grc' dir='ltr'>πρὸς</span> <span class='ocrx_word' id='word_1_417' title='bbox 1560 3097 1678 3153; x_wconf 84' lang='grc' dir='ltr'>τοῖς</span> <span class='ocrx_word' id='word_1_418' title='bbox 1719 3089 1865 3163; x_wconf 66' lang='grc' dir='ltr'>δέκα,</span> <span class='ocrx_word' id='word_1_419' title='bbox 1895 3092 2027 3165; x_wconf 74' lang='grc' dir='ltr'>ἅπερ</span> <span class='ocrx_word' id='word_1_420' title='bbox 2068 3090 2127 3145; x_wconf 80' lang='grc' dir='ltr'>ἐκ</span> <span class='ocrx_word' id='word_1_421' title='bbox 2160 3098 2261 3159; x_wconf 82' lang='grc' dir='ltr'>τῆς</span> <span class='ocrx_word' id='word_1_422' title='bbox 2304 3090 2542 3145; x_wconf 75' lang='grc' dir='ltr'>Λατίνων</span> <span class='ocrx_word' id='word_1_423' title='bbox 2579 3088 2865 3145; x_wconf 76' lang='grc' dir='ltr'>διαλέκτου</span> <span class='ocrx_word' id='word_1_424' title='bbox 2896 3090 2971 3153; x_wconf 79' lang='grc' dir='ltr'>εἷς</span> <span class='ocrx_word' id='word_1_425' title='bbox 2994 3092 3093 3161; x_wconf 73' lang='grc' dir='ltr'>τήν</span> <span class='ocrx_word' id='word_1_426' title='bbox 3131 3089 3370 3147; x_wconf 79' lang='grc' dir='ltr'>Ἐλλάδα</span> <span class='ocrx_word' id='word_1_427' title='bbox 3403 3094 3724 3170; x_wconf 72' lang='grc' dir='ltr'>μετήνεγκεν</span> 
     </span>
    </p>
   </div>
   <div class='ocr_carea' id='block_1_33' title="bbox 310 3178 3727 3259">
    <p class='ocr_par' dir='ltr' id='par_1_33' title="bbox 310 3178 3727 3259">
     <span class='ocr_line' id='line_1_33' title="bbox 310 3178 3727 3259; baseline 0.001 -24"><span class='ocrx_word' id='word_1_428' title='bbox 310 3181 339 3235; x_wconf 88' lang='grc' dir='ltr'>ὁ</span> <span class='ocrx_word' id='word_1_429' title='bbox 365 3181 676 3259; x_wconf 74' lang='grc' dir='ltr'>σοφώτατος</span> <span class='ocrx_word' id='word_1_430' title='bbox 698 3180 788 3235; x_wconf 81' lang='grc' dir='ltr'>καὶ</span> <span class='ocrx_word' id='word_1_431' title='bbox 810 3181 1143 3254; x_wconf 84' lang='grc' dir='ltr'>τιμιώτατος</span> <span class='ocrx_word' id='word_1_432' title='bbox 1179 3185 1431 3256; x_wconf 79' lang='grc' dir='ltr'>μοναχῶν</span> <span class='ocrx_word' id='word_1_433' title='bbox 1460 3181 1701 3253; x_wconf 77' lang='grc' dir='ltr'>Μάξιμος</span> <span class='ocrx_word' id='word_1_434' title='bbox 1726 3178 2066 3251; x_wconf 68' lang='grc' dir='ltr'>ΙΙλανοῦδης.</span> <span class='ocrx_word' id='word_1_435' title='bbox 2093 3182 2232 3237; x_wconf 81' lang='lat' dir='ltr'>Item</span> <span class='ocrx_word' id='word_1_436' title='bbox 2262 3198 2275 3237; x_wconf 89' lang='lat'>:</span> <span class='ocrx_word' id='word_1_437' title='bbox 2300 3184 2402 3234; x_wconf 71' lang='grc' dir='ltr'>Τοῦ</span> <span class='ocrx_word' id='word_1_438' title='bbox 2431 3179 2696 3255; x_wconf 73' lang='grc' dir='ltr'>μακαρίου</span> <span class='ocrx_word' id='word_1_439' title='bbox 2729 3179 3093 3257; x_wconf 76' lang='grc' dir='ltr'>Δῦγουστίνου</span> <span class='ocrx_word' id='word_1_440' title='bbox 3136 3180 3432 3238; x_wconf 79' lang='grc' dir='ltr'>ἐπισκόπου</span> <span class='ocrx_word' id='word_1_441' title='bbox 3460 3184 3727 3246; x_wconf 78' lang='grc' dir='ltr'>Ἰππῶνος</span> 
     </span>
    </p>
   </div>
   <div class='ocr_carea' id='block_1_34' title="bbox 309 3265 3724 3349">
    <p class='ocr_par' dir='ltr' id='par_1_34' title="bbox 309 3265 3724 3349">
     <span class='ocr_line' id='line_1_34' title="bbox 309 3265 3724 3349; baseline 0.001 -25"><span class='ocrx_word' id='word_1_442' title='bbox 309 3267 579 3346; x_wconf 78' lang='grc' dir='ltr'>κεφαλαια</span> <span class='ocrx_word' id='word_1_443' title='bbox 619 3269 678 3324; x_wconf 79' lang='grc' dir='ltr'>ἐκ</span> <span class='ocrx_word' id='word_1_444' title='bbox 714 3273 821 3325; x_wconf 81' lang='grc' dir='ltr'>τῶν</span> <span class='ocrx_word' id='word_1_445' title='bbox 864 3270 1027 3325; x_wconf 76' lang='grc' dir='ltr'>αὐτοῦ</span> <span class='ocrx_word' id='word_1_446' title='bbox 1059 3268 1240 3344; x_wconf 85' lang='grc' dir='ltr'>λόγων</span> <span class='ocrx_word' id='word_1_447' title='bbox 1272 3265 1714 3345; x_wconf 74' lang='grc' dir='ltr'>παρεκϐληοὲντα</span> <span class='ocrx_word' id='word_1_448' title='bbox 1746 3269 1805 3323; x_wconf 78' lang='grc' dir='ltr'>ἐκ</span> <span class='ocrx_word' id='word_1_449' title='bbox 1831 3276 1931 3339; x_wconf 81' lang='grc' dir='ltr'>τῆς</span> <span class='ocrx_word' id='word_1_450' title='bbox 1965 3268 2203 3324; x_wconf 80' lang='grc' dir='ltr'>Λατίνων</span> <span class='ocrx_word' id='word_1_451' title='bbox 2249 3266 2533 3325; x_wconf 76' lang='grc' dir='ltr'>διαλέκτου</span> <span class='ocrx_word' id='word_1_452' title='bbox 2567 3269 2641 3332; x_wconf 74' lang='grc' dir='ltr'>εἷς</span> <span class='ocrx_word' id='word_1_453' title='bbox 2669 3270 2767 3339; x_wconf 75' lang='grc' dir='ltr'>τήν</span> <span class='ocrx_word' id='word_1_454' title='bbox 2802 3267 3022 3326; x_wconf 84' lang='grc' dir='ltr'>Ελλάδα</span> <span class='ocrx_word' id='word_1_455' title='bbox 3072 3273 3360 3348; x_wconf 80' lang='grc' dir='ltr'>μετήνεγκε</span> <span class='ocrx_word' id='word_1_456' title='bbox 3406 3274 3724 3349; x_wconf 65' lang='grc' dir='ltr'>Δημήτριος</span> 
     </span>
    </p>
   </div>
   <div class='ocr_carea' id='block_1_35' title="bbox 310 3356 2968 3434">
    <p class='ocr_par' dir='ltr' id='par_1_35' title="bbox 310 3356 2968 3434">
     <span class='ocr_line' id='line_1_35' title="bbox 310 3356 2968 3434; baseline 0.001 -20"><span class='ocrx_word' id='word_1_457' title='bbox 310 3360 340 3414; x_wconf 87' lang='grc' dir='ltr'>ὁ</span> <span class='ocrx_word' id='word_1_458' title='bbox 376 3356 651 3430; x_wconf 81' lang='grc' dir='ltr'>Κυδώνης.</span> <span class='ocrx_word' id='word_1_459' title='bbox 685 3361 827 3417; x_wconf 89' lang='lat' dir='ltr'>Vide</span> <span class='ocrx_word' id='word_1_460' title='bbox 871 3361 1167 3427; x_wconf 89' lang='lat' dir='ltr'>Allatium,</span> <span class='ocrx_word' id='word_1_461' title='bbox 1202 3360 1302 3415; x_wconf 91' lang='lat' dir='ltr'>lib.</span> <span class='ocrx_word' id='word_1_462' title='bbox 1334 3363 1368 3415; x_wconf 83' lang='lat'><strong><em>2</em></strong></span> <span class='ocrx_word' id='word_1_463' title='bbox 1391 3362 1460 3415; x_wconf 92' lang='lat' dir='ltr'>de</span> <span class='ocrx_word' id='word_1_464' title='bbox 1494 3362 1796 3433; x_wconf 89' lang='lat' dir='ltr'>utriusque</span> <span class='ocrx_word' id='word_1_465' title='bbox 1830 3361 2094 3417; x_wconf 81' lang='lat' dir='ltr'>Ecclesiae</span> <span class='ocrx_word' id='word_1_466' title='bbox 2126 3360 2540 3432; x_wconf 90' lang='lat' dir='ltr'>Consensione,</span> <span class='ocrx_word' id='word_1_467' title='bbox 2573 3378 2701 3434; x_wconf 85' lang='lat' dir='ltr'>cap.</span> <span class='ocrx_word' id='word_1_468' title='bbox 2734 3361 2823 3429; x_wconf 77' lang='lat' dir='ltr'>I7,</span> <span class='ocrx_word' id='word_1_469' title='bbox 2856 3363 2884 3429; x_wconf 87' lang='lat'>§</span> <span class='ocrx_word' id='word_1_470' title='bbox 2914 3362 2968 3417; x_wconf 88' lang='grc'>4.</span> 
     </span>
    </p>
   </div>
   <div class='ocr_carea' id='block_1_36' title="bbox 311 3467 3726 3542">
    <p class='ocr_par' dir='ltr' id='par_1_36' title="bbox 311 3467 3726 3542">
     <span class='ocr_line' id='line_1_36' title="bbox 311 3467 3726 3542; baseline 0.001 -17"><span class='ocrx_word' id='word_1_471' title='bbox 311 3468 564 3525; x_wconf 93' lang='lat' dir='ltr'>Domino</span> <span class='ocrx_word' id='word_1_472' title='bbox 616 3469 985 3537; x_wconf 89' lang='lat' dir='ltr'>beatissimo,</span> <span class='ocrx_word' id='word_1_473' title='bbox 1038 3473 1096 3524; x_wconf 91' lang='lat' dir='ltr'>et</span> <span class='ocrx_word' id='word_1_474' title='bbox 1144 3468 1549 3524; x_wconf 89' lang='lat' dir='ltr'>sincerissima</span> <span class='ocrx_word' id='word_1_475' title='bbox 1590 3467 1870 3523; x_wconf 86' lang='lat' dir='ltr'>charitate</span> <span class='ocrx_word' id='word_1_476' title='bbox 1920 3468 2268 3536; x_wconf 89' lang='lat' dir='ltr'>venerando,</span> <span class='ocrx_word' id='word_1_477' title='bbox 2320 3472 2521 3523; x_wconf 90' lang='lat' dir='ltr'>sancto</span> <span class='ocrx_word' id='word_1_478' title='bbox 2554 3468 2712 3523; x_wconf 82' lang='lat' dir='ltr'>fratri</span> <span class='ocrx_word' id='word_1_479' title='bbox 2747 3472 2803 3524; x_wconf 89' lang='lat' dir='ltr'>et</span> <span class='ocrx_word' id='word_1_480' title='bbox 2853 3469 3245 3527; x_wconf 83' lang='lat' dir='ltr'>consacerdoti</span> <span class='ocrx_word' id='word_1_481' title='bbox 3275 3485 3438 3542; x_wconf 64' lang='lat' dir='ltr'>papa</span> <span class='ocrx_word' id='word_1_482' title='bbox 3468 3470 3726 3528; x_wconf 69' lang='lat' dir='ltr'>Auxuma</span> 
     </span>
    </p>
   </div>
   <div class='ocr_carea' id='block_1_37' title="bbox 1491 3556 2551 3625">
    <p class='ocr_par' dir='ltr' id='par_1_37' title="bbox 1491 3556 2551 3625">
     <span class='ocr_line' id='line_1_37' title="bbox 1491 3556 2551 3625; baseline -0.001 -14"><span class='ocrx_word' id='word_1_483' title='bbox 1491 3560 1882 3625; x_wconf 76' lang='lat' dir='ltr'>AUGUSTINUS,</span> <span class='ocrx_word' id='word_1_484' title='bbox 1917 3558 1975 3611; x_wconf 91' lang='lat' dir='ltr'>in</span> <span class='ocrx_word' id='word_1_485' title='bbox 2009 3556 2254 3612; x_wconf 88' lang='lat' dir='ltr'>Domino</span> <span class='ocrx_word' id='word_1_486' title='bbox 2281 3557 2551 3612; x_wconf 86' lang='lat' dir='ltr'>salutem.</span> 
     </span>
    </p>
   </div>
   <div class='ocr_carea' id='block_1_38' title="bbox 388 3645 3729 3723">
    <p class='ocr_par' dir='ltr' id='par_1_38' title="bbox 388 3645 3729 3723">
     <span class='ocr_line' id='line_1_38' title="bbox 388 3645 3729 3723; baseline 0.001 -21"><span class='ocrx_word' id='word_1_487' title='bbox 388 3651 467 3702; x_wconf 82' lang='lat' dir='ltr'>De</span> <span class='ocrx_word' id='word_1_488' title='bbox 499 3646 800 3714; x_wconf 87' lang='lat' dir='ltr'>Trinitate,</span> <span class='ocrx_word' id='word_1_489' title='bbox 833 3663 959 3718; x_wconf 84' lang='lat' dir='ltr'>quae</span> <span class='ocrx_word' id='word_1_490' title='bbox 990 3648 1143 3703; x_wconf 86' lang='lat' dir='ltr'>Deus</span> <span class='ocrx_word' id='word_1_491' title='bbox 1174 3663 1445 3702; x_wconf 90' lang='lat' dir='ltr'>summus</span> <span class='ocrx_word' id='word_1_492' title='bbox 1477 3652 1531 3702; x_wconf 89' lang='lat' dir='ltr'>et</span> <span class='ocrx_word' id='word_1_493' title='bbox 1559 3663 1731 3701; x_wconf 87' lang='lat' dir='ltr'>verus</span> <span class='ocrx_word' id='word_1_494' title='bbox 1762 3651 1869 3714; x_wconf 87' lang='lat' dir='ltr'>est,</span> <span class='ocrx_word' id='word_1_495' title='bbox 1902 3645 2082 3700; x_wconf 89' lang='lat' dir='ltr'>libros</span> <span class='ocrx_word' id='word_1_496' title='bbox 2105 3646 2342 3716; x_wconf 86' lang='lat' dir='ltr'>juvenis</span> <span class='ocrx_word' id='word_1_497' title='bbox 2373 3646 2663 3715; x_wconf 87' lang='lat' dir='ltr'>inchoavi,</span> <span class='ocrx_word' id='word_1_498' title='bbox 2695 3663 2869 3703; x_wconf 84' lang='lat' dir='ltr'>senex</span> <span class='ocrx_word' id='word_1_499' title='bbox 2910 3647 3089 3704; x_wconf 79' lang='lat' dir='ltr'>edidi.</span> <span class='ocrx_word' id='word_1_500' title='bbox 3140 3646 3464 3706; x_wconf 85' lang='lat' dir='ltr'>Omiseram</span> <span class='ocrx_word' id='word_1_501' title='bbox 3513 3649 3729 3723; x_wconf 88' lang='lat' dir='ltr'>quippe</span> 
     </span>
    </p>
   </div>
   <div class='ocr_carea' id='block_1_39' title="bbox 314 3735 3728 3809">
    <p class='ocr_par' dir='ltr' id='par_1_39' title="bbox 314 3735 3728 3809">
     <span class='ocr_line' id='line_1_39' title="bbox 314 3735 3728 3809; baseline 0.001 -17"><span class='ocrx_word' id='word_1_502' title='bbox 314 3736 428 3793; x_wconf 92' lang='lat' dir='ltr'>hoc</span> <span class='ocrx_word' id='word_1_503' title='bbox 460 3754 628 3809; x_wconf 92' lang='lat' dir='ltr'>opus,</span> <span class='ocrx_word' id='word_1_504' title='bbox 663 3742 1039 3809; x_wconf 87' lang='lat' dir='ltr'>posteaquam</span> <span class='ocrx_word' id='word_1_505' title='bbox 1074 3736 1327 3809; x_wconf 81' lang='lat' dir='ltr'>comperi</span> <span class='ocrx_word' id='word_1_506' title='bbox 1362 3740 1675 3808; x_wconf 67' lang='lat' dir='ltr'>praereptos</span> <span class='ocrx_word' id='word_1_507' title='bbox 1706 3735 1847 3790; x_wconf 89' lang='lat' dir='ltr'>mihi</span> <span class='ocrx_word' id='word_1_508' title='bbox 1881 3752 2009 3791; x_wconf 91' lang='lat' dir='ltr'>esse</span> <span class='ocrx_word' id='word_1_509' title='bbox 2067 3735 2185 3793; x_wconf 85' lang='lat' dir='ltr'>sive</span> <span class='ocrx_word' id='word_1_510' title='bbox 2236 3736 2543 3807; x_wconf 86' lang='lat' dir='ltr'>subreptos</span> <span class='ocrx_word' id='word_1_511' title='bbox 2594 3739 2907 3807; x_wconf 86' lang='lat' dir='ltr'>antequam</span> <span class='ocrx_word' id='word_1_512' title='bbox 2957 3753 3055 3792; x_wconf 89' lang='lat' dir='ltr'>eos</span> <span class='ocrx_word' id='word_1_513' title='bbox 3106 3736 3486 3807; x_wconf 66' lang='lat' dir='ltr'>absolverem,</span> <span class='ocrx_word' id='word_1_514' title='bbox 3528 3743 3584 3795; x_wconf 91' lang='lat' dir='ltr'>et</span> <span class='ocrx_word' id='word_1_515' title='bbox 3641 3756 3728 3796; x_wconf 90' lang='lat' dir='ltr'>re-</span> 
     </span>
    </p>
   </div>
   <div class='ocr_carea' id='block_1_40' title="bbox 316 3824 3733 3898">
    <p class='ocr_par' dir='ltr' id='par_1_40' title="bbox 316 3824 3733 3898">
     <span class='ocr_line' id='line_1_40' title="bbox 316 3824 3733 3898; baseline 0.002 -17"><span class='ocrx_word' id='word_1_516' title='bbox 316 3831 616 3893; x_wconf 87' lang='lat' dir='ltr'>tractatos,</span> <span class='ocrx_word' id='word_1_517' title='bbox 646 3843 776 3882; x_wconf 90' lang='lat' dir='ltr'>mea</span> <span class='ocrx_word' id='word_1_518' title='bbox 806 3826 1113 3898; x_wconf 89' lang='lat' dir='ltr'>dispositio</span> <span class='ocrx_word' id='word_1_519' title='bbox 1147 3827 1352 3894; x_wconf 81' lang='lat' dir='ltr'>fuerat,</span> <span class='ocrx_word' id='word_1_520' title='bbox 1385 3826 1722 3898; x_wconf 86' lang='lat' dir='ltr'>expolirem.</span> <span class='ocrx_word' id='word_1_521' title='bbox 1755 3826 1879 3881; x_wconf 91' lang='lat' dir='ltr'>Non</span> <span class='ocrx_word' id='word_1_522' title='bbox 1919 3825 2074 3881; x_wconf 91' lang='lat' dir='ltr'>enim</span> <span class='ocrx_word' id='word_1_523' title='bbox 2106 3824 2472 3896; x_wconf 85' lang='lat' dir='ltr'>singillatim,</span> <span class='ocrx_word' id='word_1_524' title='bbox 2506 3825 2603 3880; x_wconf 91' lang='lat' dir='ltr'>sed</span> <span class='ocrx_word' id='word_1_525' title='bbox 2636 3842 2840 3881; x_wconf 90' lang='lat' dir='ltr'>omnes</span> <span class='ocrx_word' id='word_1_526' title='bbox 2873 3825 3045 3881; x_wconf 92' lang='lat' dir='ltr'>simul</span> <span class='ocrx_word' id='word_1_527' title='bbox 3087 3827 3255 3884; x_wconf 90' lang='lat' dir='ltr'>edere</span> <span class='ocrx_word' id='word_1_528' title='bbox 3284 3845 3353 3884; x_wconf 85' lang='lat' dir='ltr'>ea</span> <span class='ocrx_word' id='word_1_529' title='bbox 3382 3829 3607 3886; x_wconf 88' lang='lat' dir='ltr'>ratione</span> <span class='ocrx_word' id='word_1_530' title='bbox 3637 3831 3733 3887; x_wconf 91' lang='lat' dir='ltr'>de-</span> 
     </span>
    </p>
   </div>
   <div class='ocr_carea' id='block_1_41' title="bbox 315 3914 3726 3990">
    <p class='ocr_par' dir='ltr' id='par_1_41' title="bbox 315 3914 3726 3990">
     <span class='ocr_line' id='line_1_41' title="bbox 315 3914 3726 3990; baseline 0.001 -18"><span class='ocrx_word' id='word_1_531' title='bbox 315 3916 913 3987; x_wconf 89' lang='lat' dir='ltr'>creveram,quoniam</span> <span class='ocrx_word' id='word_1_532' title='bbox 940 3916 1399 3988; x_wconf 68' lang='lat' dir='ltr'>praecedentibus</span> <span class='ocrx_word' id='word_1_533' title='bbox 1422 3920 1845 3986; x_wconf 88' lang='lat' dir='ltr'>consequentes</span> <span class='ocrx_word' id='word_1_534' title='bbox 1867 3914 2247 3985; x_wconf 89' lang='lat' dir='ltr'>inquisitione</span> <span class='ocrx_word' id='word_1_535' title='bbox 2274 3914 2609 3986; x_wconf 85' lang='lat' dir='ltr'>proficiente</span> <span class='ocrx_word' id='word_1_536' title='bbox 2632 3916 3119 3972; x_wconf 87' lang='lat' dir='ltr'>nectuntur.Cum</span> <span class='ocrx_word' id='word_1_537' title='bbox 3144 3932 3280 3990; x_wconf 87' lang='lat' dir='ltr'>ergo</span> <span class='ocrx_word' id='word_1_538' title='bbox 3304 3934 3405 3990; x_wconf 85' lang='lat' dir='ltr'>per</span> <span class='ocrx_word' id='word_1_539' title='bbox 3425 3934 3526 3976; x_wconf 89' lang='lat' dir='ltr'>eos</span> <span class='ocrx_word' id='word_1_540' title='bbox 3547 3918 3726 3976; x_wconf 91' lang='lat' dir='ltr'>homi-</span> 
     </span>
    </p>
   </div>
   <div class='ocr_carea' id='block_1_42' title="bbox 315 4004 3727 4081">
    <p class='ocr_par' dir='ltr' id='par_1_42' title="bbox 315 4004 3727 4081">
     <span class='ocr_line' id='line_1_42' title="bbox 315 4004 3727 4081; baseline 0.001 -21"><span class='ocrx_word' id='word_1_541' title='bbox 315 4021 423 4060; x_wconf 90' lang='lat' dir='ltr'>nes</span> <span class='ocrx_word' id='word_1_542' title='bbox 444 4004 603 4077; x_wconf 89' lang='lat' dir='ltr'>(quia</span> <span class='ocrx_word' id='word_1_543' title='bbox 629 4006 969 4077; x_wconf 78' lang='lat' dir='ltr'>priusquam</span> <span class='ocrx_word' id='word_1_544' title='bbox 992 4005 1300 4069; x_wconf 90' lang='lat' dir='ltr'>vellem,ad</span> <span class='ocrx_word' id='word_1_545' title='bbox 1327 4005 1614 4078; x_wconf 88' lang='lat' dir='ltr'>quosdam</span> <span class='ocrx_word' id='word_1_546' title='bbox 1651 4004 1883 4059; x_wconf 90' lang='lat' dir='ltr'>illorum</span> <span class='ocrx_word' id='word_1_547' title='bbox 1915 4004 2212 4075; x_wconf 89' lang='lat' dir='ltr'>pervenire</span> <span class='ocrx_word' id='word_1_548' title='bbox 2237 4007 2575 4075; x_wconf 91' lang='lat' dir='ltr'>potuerunt)</span> <span class='ocrx_word' id='word_1_549' title='bbox 2599 4004 2904 4076; x_wconf 88' lang='lat' dir='ltr'>dispositio</span> <span class='ocrx_word' id='word_1_550' title='bbox 2927 4022 3056 4061; x_wconf 91' lang='lat' dir='ltr'>mea</span> <span class='ocrx_word' id='word_1_551' title='bbox 3086 4006 3445 4078; x_wconf 90' lang='lat' dir='ltr'>nequivisset</span> <span class='ocrx_word' id='word_1_552' title='bbox 3472 4007 3727 4081; x_wconf 90' lang='lat' dir='ltr'>impleri,</span> 
     </span>
    </p>
   </div>
   <div class='ocr_carea' id='block_1_43' title="bbox 313 4092 3728 4169">
    <p class='ocr_par' dir='ltr' id='par_1_43' title="bbox 313 4092 3728 4169">
     <span class='ocr_line' id='line_1_43' title="bbox 313 4092 3728 4169; baseline 0.001 -20"><span class='ocrx_word' id='word_1_553' title='bbox 313 4093 704 4166; x_wconf 86' lang='lat' dir='ltr'>interruptam</span> <span class='ocrx_word' id='word_1_554' title='bbox 733 4094 1106 4151; x_wconf 87' lang='lat' dir='ltr'>dictationem</span> <span class='ocrx_word' id='word_1_555' title='bbox 1140 4094 1514 4166; x_wconf 87' lang='lat' dir='ltr'>reliqueram,</span> <span class='ocrx_word' id='word_1_556' title='bbox 1545 4095 1809 4164; x_wconf 89' lang='lat' dir='ltr'>cogitans</span> <span class='ocrx_word' id='word_1_557' title='bbox 1838 4093 1945 4149; x_wconf 86' lang='lat' dir='ltr'>hoc</span> <span class='ocrx_word' id='word_1_558' title='bbox 1977 4093 2169 4163; x_wconf 91' lang='lat' dir='ltr'>ipsum</span> <span class='ocrx_word' id='word_1_559' title='bbox 2204 4094 2262 4147; x_wconf 90' lang='lat' dir='ltr'>in</span> <span class='ocrx_word' id='word_1_560' title='bbox 2296 4092 2593 4165; x_wconf 90' lang='lat' dir='ltr'>aliquibus</span> <span class='ocrx_word' id='word_1_561' title='bbox 2626 4094 2774 4148; x_wconf 90' lang='lat' dir='ltr'>meis</span> <span class='ocrx_word' id='word_1_562' title='bbox 2805 4094 3036 4163; x_wconf 85' lang='lat' dir='ltr'>scriptis</span> <span class='ocrx_word' id='word_1_563' title='bbox 3066 4096 3365 4167; x_wconf 89' lang='lat' dir='ltr'>conqueri,</span> <span class='ocrx_word' id='word_1_564' title='bbox 3400 4101 3464 4152; x_wconf 95' lang='lat' dir='ltr'>ut</span> <span class='ocrx_word' id='word_1_565' title='bbox 3492 4098 3728 4169; x_wconf 86' lang='lat' dir='ltr'>scirent,</span> 
     </span>
    </p>
   </div>
   <div class='ocr_carea' id='block_1_44' title="bbox 318 4182 3731 4257">
    <p class='ocr_par' dir='ltr' id='par_1_44' title="bbox 318 4182 3731 4257">
     <span class='ocr_line' id='line_1_44' title="bbox 318 4182 3731 4257; baseline 0.001 -19"><span class='ocrx_word' id='word_1_566' title='bbox 318 4182 422 4255; x_wconf 89' lang='lat' dir='ltr'>qui</span> <span class='ocrx_word' id='word_1_567' title='bbox 454 4188 712 4255; x_wconf 87' lang='lat' dir='ltr'>possent,</span> <span class='ocrx_word' id='word_1_568' title='bbox 749 4200 863 4238; x_wconf 91' lang='lat' dir='ltr'>non</span> <span class='ocrx_word' id='word_1_569' title='bbox 896 4200 929 4238; x_wconf 89' lang='lat' dir='ltr'>a</span> <span class='ocrx_word' id='word_1_570' title='bbox 960 4200 1052 4239; x_wconf 90' lang='lat' dir='ltr'>me</span> <span class='ocrx_word' id='word_1_571' title='bbox 1086 4184 1264 4239; x_wconf 90' lang='lat' dir='ltr'>fuisse</span> <span class='ocrx_word' id='word_1_572' title='bbox 1296 4183 1531 4239; x_wconf 88' lang='lat' dir='ltr'>eosdem</span> <span class='ocrx_word' id='word_1_573' title='bbox 1562 4183 1744 4238; x_wconf 91' lang='lat' dir='ltr'>libros</span> <span class='ocrx_word' id='word_1_574' title='bbox 1775 4182 1984 4252; x_wconf 86' lang='lat' dir='ltr'>editos,</span> <span class='ocrx_word' id='word_1_575' title='bbox 2008 4183 2107 4238; x_wconf 90' lang='lat' dir='ltr'>sed</span> <span class='ocrx_word' id='word_1_576' title='bbox 2134 4182 2359 4237; x_wconf 88' lang='lat' dir='ltr'>ablatos</span> <span class='ocrx_word' id='word_1_577' title='bbox 2390 4182 2737 4254; x_wconf 91' lang='lat' dir='ltr'>priusquam</span> <span class='ocrx_word' id='word_1_578' title='bbox 2770 4182 2913 4237; x_wconf 90' lang='lat' dir='ltr'>mihi</span> <span class='ocrx_word' id='word_1_579' title='bbox 2944 4182 3197 4239; x_wconf 90' lang='lat' dir='ltr'>editione</span> <span class='ocrx_word' id='word_1_580' title='bbox 3228 4201 3353 4239; x_wconf 88' lang='lat' dir='ltr'>mea</span> <span class='ocrx_word' id='word_1_581' title='bbox 3383 4186 3547 4257; x_wconf 89' lang='lat' dir='ltr'>digni</span> <span class='ocrx_word' id='word_1_582' title='bbox 3577 4186 3731 4242; x_wconf 89' lang='lat' dir='ltr'>vide-</span> 
     </span>
    </p>
   </div>
   <div class='ocr_carea' id='block_1_45' title="bbox 315 4270 3729 4346">
    <p class='ocr_par' dir='ltr' id='par_1_45' title="bbox 315 4270 3729 4346">
     <span class='ocr_line' id='line_1_45' title="bbox 315 4270 3729 4346; baseline 0.001 -17"><span class='ocrx_word' id='word_1_583' title='bbox 315 4276 538 4329; x_wconf 86' lang='lat' dir='ltr'>rentur.</span> <span class='ocrx_word' id='word_1_584' title='bbox 570 4272 786 4328; x_wconf 90' lang='lat' dir='ltr'>Verum</span> <span class='ocrx_word' id='word_1_585' title='bbox 820 4273 1135 4328; x_wconf 91' lang='lat' dir='ltr'>multorum</span> <span class='ocrx_word' id='word_1_586' title='bbox 1168 4274 1418 4328; x_wconf 85' lang='lat' dir='ltr'>fratrum</span> <span class='ocrx_word' id='word_1_587' title='bbox 1450 4271 1963 4328; x_wconf 83' lang='lat' dir='ltr'>vehementissima</span> <span class='ocrx_word' id='word_1_588' title='bbox 1992 4270 2401 4343; x_wconf 90' lang='lat' dir='ltr'>postulatione,</span> <span class='ocrx_word' id='word_1_589' title='bbox 2426 4274 2483 4326; x_wconf 89' lang='lat' dir='ltr'>et</span> <span class='ocrx_word' id='word_1_590' title='bbox 2514 4272 2765 4327; x_wconf 80' lang='lat' dir='ltr'>maxime</span> <span class='ocrx_word' id='word_1_591' title='bbox 2795 4277 2896 4327; x_wconf 90' lang='lat' dir='ltr'>tua</span> <span class='ocrx_word' id='word_1_592' title='bbox 2918 4271 3187 4343; x_wconf 89' lang='lat' dir='ltr'>jussione</span> <span class='ocrx_word' id='word_1_593' title='bbox 3218 4274 3729 4346; x_wconf 90' lang='lat' dir='ltr'>compulsus,opus</span> 
     </span>
    </p>
   </div>
   <div class='ocr_carea' id='block_1_46' title="bbox 315 4360 3728 4435">
    <p class='ocr_par' dir='ltr' id='par_1_46' title="bbox 315 4360 3728 4435">
     <span class='ocr_line' id='line_1_46' title="bbox 315 4360 3728 4435; baseline 0.001 -18"><span class='ocrx_word' id='word_1_594' title='bbox 315 4365 437 4417; x_wconf 80' lang='lat' dir='ltr'>tam</span> <span class='ocrx_word' id='word_1_595' title='bbox 469 4360 847 4428; x_wconf 89' lang='lat' dir='ltr'>laboriosum,</span> <span class='ocrx_word' id='word_1_596' title='bbox 879 4362 1191 4433; x_wconf 85' lang='lat' dir='ltr'>adjuvante</span> <span class='ocrx_word' id='word_1_597' title='bbox 1219 4361 1464 4418; x_wconf 93' lang='lat' dir='ltr'>Domino</span> <span class='ocrx_word' id='word_1_598' title='bbox 1498 4360 1811 4416; x_wconf 88' lang='lat' dir='ltr'>terminare</span> <span class='ocrx_word' id='word_1_599' title='bbox 1844 4360 2038 4416; x_wconf 88' lang='lat' dir='ltr'>curavi</span> <span class='ocrx_word' id='word_1_600' title='bbox 2074 4377 2086 4416; x_wconf 90' lang='lat'>:</span> <span class='ocrx_word' id='word_1_601' title='bbox 2120 4376 2336 4432; x_wconf 91' lang='lat' dir='ltr'>eosque</span> <span class='ocrx_word' id='word_1_602' title='bbox 2366 4360 2726 4432; x_wconf 88' lang='lat' dir='ltr'>emendatos,</span> <span class='ocrx_word' id='word_1_603' title='bbox 2751 4378 2864 4417; x_wconf 90' lang='lat' dir='ltr'>non</span> <span class='ocrx_word' id='word_1_604' title='bbox 2899 4364 2963 4415; x_wconf 90' lang='lat' dir='ltr'>ut</span> <span class='ocrx_word' id='word_1_605' title='bbox 2992 4360 3169 4429; x_wconf 89' lang='lat' dir='ltr'>volui,</span> <span class='ocrx_word' id='word_1_606' title='bbox 3202 4363 3302 4417; x_wconf 89' lang='lat' dir='ltr'>sed</span> <span class='ocrx_word' id='word_1_607' title='bbox 3338 4366 3402 4418; x_wconf 89' lang='lat' dir='ltr'>ut</span> <span class='ocrx_word' id='word_1_608' title='bbox 3440 4364 3623 4435; x_wconf 91' lang='lat' dir='ltr'>potui,</span> <span class='ocrx_word' id='word_1_609' title='bbox 3657 4382 3728 4421; x_wconf 90' lang='lat' dir='ltr'>ne</span> 
     </span>
    </p>
   </div>
   <div class='ocr_carea' id='block_1_47' title="bbox 317 4449 3727 4525">
    <p class='ocr_par' dir='ltr' id='par_1_47' title="bbox 317 4449 3727 4525">
     <span class='ocr_line' id='line_1_47' title="bbox 317 4449 3727 4525; baseline 0.001 -19"><span class='ocrx_word' id='word_1_610' title='bbox 317 4450 391 4506; x_wconf 91' lang='lat' dir='ltr'>ab</span> <span class='ocrx_word' id='word_1_611' title='bbox 424 4449 540 4506; x_wconf 91' lang='lat' dir='ltr'>illis</span> <span class='ocrx_word' id='word_1_612' title='bbox 571 4450 670 4522; x_wconf 91' lang='lat' dir='ltr'>qui</span> <span class='ocrx_word' id='word_1_613' title='bbox 694 4450 956 4523; x_wconf 91' lang='lat' dir='ltr'>subrepti</span> <span class='ocrx_word' id='word_1_614' title='bbox 982 4451 1104 4520; x_wconf 83' lang='lat' dir='ltr'>jam</span> <span class='ocrx_word' id='word_1_615' title='bbox 1138 4450 1195 4506; x_wconf 91' lang='lat' dir='ltr'>in</span> <span class='ocrx_word' id='word_1_616' title='bbox 1232 4467 1442 4506; x_wconf 89' lang='lat' dir='ltr'>manus</span> <span class='ocrx_word' id='word_1_617' title='bbox 1474 4449 1783 4506; x_wconf 89' lang='lat' dir='ltr'>hominum</span> <span class='ocrx_word' id='word_1_618' title='bbox 1811 4449 2423 4522; x_wconf 83' lang='lat' dir='ltr'>exierant,plurimum</span> <span class='ocrx_word' id='word_1_619' title='bbox 2446 4450 3245 4523; x_wconf 88' lang='lat' dir='ltr'>discreparent,Venerationi</span> <span class='ocrx_word' id='word_1_620' title='bbox 3268 4455 3379 4507; x_wconf 72' lang='lat' dir='ltr'>tuae</span> <span class='ocrx_word' id='word_1_621' title='bbox 3412 4470 3514 4525; x_wconf 90' lang='lat' dir='ltr'>per</span> <span class='ocrx_word' id='word_1_622' title='bbox 3542 4452 3727 4510; x_wconf 80' lang='lat' dir='ltr'>tilium</span> 
     </span>
    </p>
   </div>
   <div class='ocr_carea' id='block_1_48' title="bbox 322 4534 3728 4614">
    <p class='ocr_par' dir='ltr' id='par_1_48' title="bbox 322 4534 3728 4614">
     <span class='ocr_line' id='line_1_48' title="bbox 322 4534 3728 4614; baseline 0.002 -20"><span class='ocrx_word' id='word_1_623' title='bbox 322 4544 589 4594; x_wconf 89' lang='lat' dir='ltr'>nostrum</span> <span class='ocrx_word' id='word_1_624' title='bbox 624 4540 1047 4596; x_wconf 89' lang='lat' dir='ltr'>condiaconum</span> <span class='ocrx_word' id='word_1_625' title='bbox 1081 4540 1496 4596; x_wconf 89' lang='lat' dir='ltr'>charissimum</span> <span class='ocrx_word' id='word_1_626' title='bbox 1532 4540 1749 4607; x_wconf 90' lang='lat' dir='ltr'>misi,et</span> <span class='ocrx_word' id='word_1_627' title='bbox 1774 4540 2123 4611; x_wconf 87' lang='lat' dir='ltr'>cuicumque</span> <span class='ocrx_word' id='word_1_628' title='bbox 2156 4539 2922 4607; x_wconf 90' lang='lat' dir='ltr'>audiendos,describendos</span> <span class='ocrx_word' id='word_1_629' title='bbox 2948 4534 3343 4612; x_wconf 78' lang='lat' dir='ltr'>legendosque</span> <span class='ocrx_word' id='word_1_630' title='bbox 3361 4543 3601 4614; x_wconf 76' lang='lat' dir='ltr'>permisi</span> <span class='ocrx_word' id='word_1_631' title='bbox 3628 4562 3640 4599; x_wconf 92' lang='lat'>:</span> <span class='ocrx_word' id='word_1_632' title='bbox 3670 4544 3728 4599; x_wconf 92' lang='lat' dir='ltr'>in</span> 
     </span>
    </p>
   </div>
   <div class='ocr_carea' id='block_1_49' title="bbox 318 4628 3727 4703">
    <p class='ocr_par' dir='ltr' id='par_1_49' title="bbox 318 4628 3727 4703">
     <span class='ocr_line' id='line_1_49' title="bbox 318 4628 3727 4703; baseline 0.002 -21"><span class='ocrx_word' id='word_1_633' title='bbox 318 4629 535 4699; x_wconf 80' lang='lat' dir='ltr'>quibus</span> <span class='ocrx_word' id='word_1_634' title='bbox 568 4628 617 4684; x_wconf 90' lang='lat' dir='ltr'>si</span> <span class='ocrx_word' id='word_1_635' title='bbox 647 4630 863 4685; x_wconf 90' lang='lat' dir='ltr'>servari</span> <span class='ocrx_word' id='word_1_636' title='bbox 896 4647 1024 4685; x_wconf 91' lang='lat' dir='ltr'>mea</span> <span class='ocrx_word' id='word_1_637' title='bbox 1052 4630 1357 4703; x_wconf 86' lang='lat' dir='ltr'>dispositio</span> <span class='ocrx_word' id='word_1_638' title='bbox 1392 4630 1695 4702; x_wconf 90' lang='lat' dir='ltr'>potuisset,</span> <span class='ocrx_word' id='word_1_639' title='bbox 1728 4635 1925 4686; x_wconf 88' lang='lat' dir='ltr'>essent</span> <span class='ocrx_word' id='word_1_640' title='bbox 1952 4628 2204 4701; x_wconf 89' lang='lat' dir='ltr'>profecto</span> <span class='ocrx_word' id='word_1_641' title='bbox 2237 4629 2343 4685; x_wconf 91' lang='lat' dir='ltr'>etsi</span> <span class='ocrx_word' id='word_1_642' title='bbox 2376 4629 2610 4685; x_wconf 90' lang='lat' dir='ltr'>easdem</span> <span class='ocrx_word' id='word_1_643' title='bbox 2644 4630 2964 4686; x_wconf 84' lang='lat' dir='ltr'>sententias</span> <span class='ocrx_word' id='word_1_644' title='bbox 2994 4628 3299 4700; x_wconf 80' lang='lat' dir='ltr'>habentes,</span> <span class='ocrx_word' id='word_1_645' title='bbox 3320 4632 3503 4688; x_wconf 92' lang='lat' dir='ltr'>multo</span> <span class='ocrx_word' id='word_1_646' title='bbox 3532 4636 3727 4688; x_wconf 89' lang='lat' dir='ltr'>tamen</span> 
     </span>
    </p>
   </div>
   <div class='ocr_carea' id='block_1_50' title="bbox 321 4717 3730 4794">
    <p class='ocr_par' dir='ltr' id='par_1_50' title="bbox 321 4717 3730 4794">
     <span class='ocr_line' id='line_1_50' title="bbox 321 4717 3730 4794; baseline 0.001 -21"><span class='ocrx_word' id='word_1_647' title='bbox 321 4717 690 4774; x_wconf 89' lang='lat' dir='ltr'>enodatiores</span> <span class='ocrx_word' id='word_1_648' title='bbox 713 4724 887 4790; x_wconf 89' lang='lat' dir='ltr'>atque</span> <span class='ocrx_word' id='word_1_649' title='bbox 912 4719 1225 4791; x_wconf 87' lang='lat' dir='ltr'>planiores,</span> <span class='ocrx_word' id='word_1_650' title='bbox 1252 4726 1536 4791; x_wconf 90' lang='lat' dir='ltr'>quantum</span> <span class='ocrx_word' id='word_1_651' title='bbox 1570 4737 1765 4775; x_wconf 88' lang='lat' dir='ltr'>rerum</span> <span class='ocrx_word' id='word_1_652' title='bbox 1798 4724 2093 4775; x_wconf 83' lang='lat' dir='ltr'>tantarum</span> <span class='ocrx_word' id='word_1_653' title='bbox 2127 4718 2603 4791; x_wconf 83' lang='lat' dir='ltr'>explicandarum</span> <span class='ocrx_word' id='word_1_654' title='bbox 2635 4719 2955 4775; x_wconf 86' lang='lat' dir='ltr'>difﬁcultas</span> <span class='ocrx_word' id='word_1_655' title='bbox 2986 4727 3039 4776; x_wconf 85' lang='lat' dir='ltr'>et</span> <span class='ocrx_word' id='word_1_656' title='bbox 3071 4718 3314 4776; x_wconf 86' lang='lat' dir='ltr'>facultas</span> <span class='ocrx_word' id='word_1_657' title='bbox 3347 4726 3547 4778; x_wconf 90' lang='lat' dir='ltr'>nostra</span> <span class='ocrx_word' id='word_1_658' title='bbox 3565 4728 3730 4794; x_wconf 88' lang='lat' dir='ltr'>pate-</span> 
     </span>
    </p>
   </div>
   <div class='ocr_carea' id='block_1_51' title="bbox 323 4807 3728 4881">
    <p class='ocr_par' dir='ltr' id='par_1_51' title="bbox 323 4807 3728 4881">
     <span class='ocr_line' id='line_1_51' title="bbox 323 4807 3728 4881; baseline 0.001 -19"><span class='ocrx_word' id='word_1_659' title='bbox 323 4808 671 4863; x_wconf 87' lang='lat' dir='ltr'>retur.Sunt</span> <span class='ocrx_word' id='word_1_660' title='bbox 701 4813 894 4863; x_wconf 90' lang='lat' dir='ltr'>autem</span> <span class='ocrx_word' id='word_1_661' title='bbox 926 4810 1024 4880; x_wconf 89' lang='lat' dir='ltr'>qui</span> <span class='ocrx_word' id='word_1_662' title='bbox 1059 4808 1279 4880; x_wconf 86' lang='lat' dir='ltr'>primos</span> <span class='ocrx_word' id='word_1_663' title='bbox 1311 4814 1559 4880; x_wconf 85' lang='lat' dir='ltr'>quatuor</span> <span class='ocrx_word' id='word_1_664' title='bbox 1588 4808 1675 4865; x_wconf 88' lang='lat' dir='ltr'>vel</span> <span class='ocrx_word' id='word_1_665' title='bbox 1711 4808 1901 4881; x_wconf 89' lang='lat' dir='ltr'>potius</span> <span class='ocrx_word' id='word_1_666' title='bbox 1937 4810 2195 4880; x_wconf 87' lang='lat' dir='ltr'>quinque</span> <span class='ocrx_word' id='word_1_667' title='bbox 2226 4808 2401 4864; x_wconf 90' lang='lat' dir='ltr'>etiam</span> <span class='ocrx_word' id='word_1_668' title='bbox 2432 4807 2558 4864; x_wconf 85' lang='lat' dir='ltr'>sine</span> <span class='ocrx_word' id='word_1_669' title='bbox 2588 4808 2880 4881; x_wconf 75' lang='lat' dir='ltr'>prozemiis</span> <span class='ocrx_word' id='word_1_670' title='bbox 2928 4808 3167 4878; x_wconf 88' lang='lat' dir='ltr'>habent,</span> <span class='ocrx_word' id='word_1_671' title='bbox 3221 4813 3277 4865; x_wconf 87' lang='lat' dir='ltr'>et</span> <span class='ocrx_word' id='word_1_672' title='bbox 3318 4810 3728 4867; x_wconf 90' lang='lat' dir='ltr'>duodecimum</span> 
     </span>
    </p>
   </div>
   <div class='ocr_carea' id='block_1_52' title="bbox 321 4895 3728 4971">
    <p class='ocr_par' dir='ltr' id='par_1_52' title="bbox 321 4895 3728 4971">
     <span class='ocr_line' id='line_1_52' title="bbox 321 4895 3728 4971; baseline 0.001 -20"><span class='ocrx_word' id='word_1_673' title='bbox 321 4895 449 4951; x_wconf 86' lang='lat' dir='ltr'>sine</span> <span class='ocrx_word' id='word_1_674' title='bbox 497 4901 754 4953; x_wconf 85' lang='lat' dir='ltr'>extrema</span> <span class='ocrx_word' id='word_1_675' title='bbox 785 4903 947 4969; x_wconf 90' lang='lat' dir='ltr'>parte</span> <span class='ocrx_word' id='word_1_676' title='bbox 979 4915 1092 4953; x_wconf 89' lang='lat' dir='ltr'>non</span> <span class='ocrx_word' id='word_1_677' title='bbox 1126 4915 1331 4970; x_wconf 89' lang='lat' dir='ltr'>parva;</span> <span class='ocrx_word' id='word_1_678' title='bbox 1366 4899 1465 4954; x_wconf 89' lang='lat' dir='ltr'>sed</span> <span class='ocrx_word' id='word_1_679' title='bbox 1497 4898 1547 4955; x_wconf 90' lang='lat' dir='ltr'>si</span> <span class='ocrx_word' id='word_1_680' title='bbox 1577 4898 1661 4954; x_wconf 90' lang='lat' dir='ltr'>eis</span> <span class='ocrx_word' id='word_1_681' title='bbox 1686 4898 1807 4954; x_wconf 67' lang='lat' dir='ltr'>haec</span> <span class='ocrx_word' id='word_1_682' title='bbox 1825 4899 2001 4954; x_wconf 91' lang='lat' dir='ltr'>editio</span> <span class='ocrx_word' id='word_1_683' title='bbox 2025 4898 2273 4970; x_wconf 88' lang='lat' dir='ltr'>potuerit</span> <span class='ocrx_word' id='word_1_684' title='bbox 2296 4899 2675 4971; x_wconf 89' lang='lat' dir='ltr'>innotescere,</span> <span class='ocrx_word' id='word_1_685' title='bbox 2695 4900 2894 4956; x_wconf 89' lang='lat' dir='ltr'>omnia</span> <span class='ocrx_word' id='word_1_686' title='bbox 2916 4899 2965 4955; x_wconf 91' lang='lat' dir='ltr'>si</span> <span class='ocrx_word' id='word_1_687' title='bbox 3018 4898 3306 4956; x_wconf 87' lang='lat' dir='ltr'>voluerint</span> <span class='ocrx_word' id='word_1_688' title='bbox 3335 4905 3391 4956; x_wconf 90' lang='lat' dir='ltr'>et</span> <span class='ocrx_word' id='word_1_689' title='bbox 3420 4899 3728 4967; x_wconf 86' lang='lat' dir='ltr'>valuerint,</span> 
     </span>
    </p>
   </div>
   <div class='ocr_carea' id='block_1_53' title="bbox 321 4986 3729 5063">
    <p class='ocr_par' dir='ltr' id='par_1_53' title="bbox 321 4986 3729 5063">
     <span class='ocr_line' id='line_1_53' title="bbox 321 4986 3729 5063; baseline 0.002 -23"><span class='ocrx_word' id='word_1_690' title='bbox 321 5001 489 5041; x_wconf 86' lang='lat' dir='ltr'>emcn</span> <span class='ocrx_word' id='word_1_691' title='bbox 522 4986 768 5042; x_wconf 87' lang='lat' dir='ltr'>dabunt.</span> <span class='ocrx_word' id='word_1_692' title='bbox 814 4991 948 5043; x_wconf 91' lang='lat' dir='ltr'>Peto</span> <span class='ocrx_word' id='word_1_693' title='bbox 982 5004 1121 5043; x_wconf 90' lang='lat' dir='ltr'>sane</span> <span class='ocrx_word' id='word_1_694' title='bbox 1152 4992 1216 5043; x_wconf 91' lang='lat' dir='ltr'>ut</span> <span class='ocrx_word' id='word_1_695' title='bbox 1246 4986 1395 5043; x_wconf 91' lang='lat' dir='ltr'>hanc</span> <span class='ocrx_word' id='word_1_696' title='bbox 1428 4987 1755 5061; x_wconf 89' lang='lat' dir='ltr'>epistolam,</span> <span class='ocrx_word' id='word_1_697' title='bbox 1787 5005 2051 5044; x_wconf 89' lang='lat' dir='ltr'>seorsum</span> <span class='ocrx_word' id='word_1_698' title='bbox 2083 4988 2345 5061; x_wconf 90' lang='lat' dir='ltr'>quidem,</span> <span class='ocrx_word' id='word_1_699' title='bbox 2378 4989 2478 5045; x_wconf 91' lang='lat' dir='ltr'>sed</span> <span class='ocrx_word' id='word_1_700' title='bbox 2519 4992 2715 5046; x_wconf 87' lang='lat' dir='ltr'>tamen</span> <span class='ocrx_word' id='word_1_701' title='bbox 2747 4990 2819 5047; x_wconf 87' lang='lat' dir='ltr'>ad</span> <span class='ocrx_word' id='word_1_702' title='bbox 2876 4993 3053 5063; x_wconf 88' lang='lat' dir='ltr'>caput</span> <span class='ocrx_word' id='word_1_703' title='bbox 3080 4989 3412 5046; x_wconf 82' lang='lat' dir='ltr'>earumdem</span> <span class='ocrx_word' id='word_1_704' title='bbox 3444 4989 3729 5047; x_wconf 91' lang='lat' dir='ltr'>librorum</span> 
     </span>
    </p>
   </div>
   <div class='ocr_carea' id='block_1_54' title="bbox 312 5076 1452 5150">
    <p class='ocr_par' dir='ltr' id='par_1_54' title="bbox 312 5076 1452 5150">
     <span class='ocr_line' id='line_1_54' title="bbox 312 5076 1452 5150; baseline 0.003 -20"><span class='ocrx_word' id='word_1_705' title='bbox 312 5076 525 5147; x_wconf 88' lang='lat' dir='ltr'>jubeas</span> <span class='ocrx_word' id='word_1_706' title='bbox 550 5076 847 5149; x_wconf 89' lang='lat' dir='ltr'>anteponi.</span> <span class='ocrx_word' id='word_1_707' title='bbox 881 5076 1035 5134; x_wconf 89' lang='lat' dir='ltr'>Vale.</span> <span class='ocrx_word' id='word_1_708' title='bbox 1061 5076 1175 5133; x_wconf 90' lang='lat' dir='ltr'>Ora</span> <span class='ocrx_word' id='word_1_709' title='bbox 1204 5094 1307 5150; x_wconf 91' lang='lat' dir='ltr'>pro</span> <span class='ocrx_word' id='word_1_710' title='bbox 1340 5094 1452 5134; x_wconf 90' lang='lat' dir='ltr'>me.</span> 
     </span>
    </p>
   </div>
   <div class='ocr_carea' id='block_1_55' title="bbox 338 5205 3734 5238">
    <p class='ocr_par' dir='ltr' id='par_1_55' title="bbox 338 5205 3734 5238">
     <span class='ocr_line' id='line_1_55' title="bbox 338 5205 3734 5238; baseline 0.002 -8"><span class='ocrx_word' id='word_1_711' title='bbox 338 5205 3734 5238; x_wconf 51' lang='grc' dir='ltr'>Μ</span> 
     </span>
    </p>
   </div>
   <div class='ocr_carea' id='block_1_56' title="bbox 338 5238 3732 5255">
    <p class='ocr_par' dir='ltr' id='par_1_56' title="bbox 338 5238 3732 5255">
     <span class='ocr_line' id='line_1_56' title="bbox 338 5238 3732 5255; baseline 0.001 -5"><span class='ocrx_word' id='word_1_712' title='bbox 338 5238 3732 5255; x_wconf 54' lang='lat' dir='ltr'>mw</span> 
     </span>
    </p>
   </div>
   <div class='ocr_carea' id='block_1_57' title="bbox 400 5328 3729 5411">
    <p class='ocr_par' dir='ltr' id='par_1_57' title="bbox 400 5328 3729 5411">
     <span class='ocr_line' id='line_1_57' title="bbox 400 5328 3729 5411; baseline 0.002 -22"><span class='ocrx_word' id='word_1_713' title='bbox 400 5328 472 5389; x_wconf 88' lang='lat' dir='ltr'>In</span> <span class='ocrx_word' id='word_1_714' title='bbox 505 5328 684 5390; x_wconf 71' lang='lat' dir='ltr'>libros</span> <span class='ocrx_word' id='word_1_715' title='bbox 712 5328 783 5390; x_wconf 86' lang='lat' dir='ltr'>de</span> <span class='ocrx_word' id='word_1_716' title='bbox 831 5329 1123 5391; x_wconf 78' lang='lat' dir='ltr'>Trinitale</span> <span class='ocrx_word' id='word_1_717' title='bbox 1156 5329 1287 5391; x_wconf 82' lang='lat' dir='ltr'>vide</span> <span class='ocrx_word' id='word_1_718' title='bbox 1319 5329 1424 5390; x_wconf 77' lang='lat' dir='ltr'>lib.</span> <span class='ocrx_word' id='word_1_719' title='bbox 1472 5334 1531 5407; x_wconf 78' lang='grc'>2,</span> <span class='ocrx_word' id='word_1_720' title='bbox 1586 5348 1717 5411; x_wconf 85' lang='lat' dir='ltr'>cap.</span> <span class='ocrx_word' id='word_1_721' title='bbox 1756 5332 1826 5392; x_wconf 82' lang='lat'><strong>15</strong></span> <span class='ocrx_word' id='word_1_722' title='bbox 1864 5333 2420 5404; x_wconf 80' lang='lat' dir='ltr'>Rctractationum,</span> <span class='ocrx_word' id='word_1_723' title='bbox 2470 5341 2610 5394; x_wconf 83' lang='lat' dir='ltr'>tom.</span> <span class='ocrx_word' id='word_1_724' title='bbox 2664 5334 2721 5405; x_wconf 84' lang='lat'><strong>1,</strong></span> <span class='ocrx_word' id='word_1_725' title='bbox 2772 5332 2884 5394; x_wconf 86' lang='lat' dir='ltr'>col.</span> <span class='ocrx_word' id='word_1_726' title='bbox 2916 5334 3058 5410; x_wconf 83' lang='grc'>635,</span> <span class='ocrx_word' id='word_1_727' title='bbox 3088 5352 3127 5397; x_wconf 88' lang='lat' dir='ltr'>a</span> <span class='ocrx_word' id='word_1_728' title='bbox 3157 5332 3369 5397; x_wconf 72' lang='lat' dir='ltr'>verbis.</span> <span class='ocrx_word' id='word_1_729' title='bbox 3402 5333 3622 5397; x_wconf 84' lang='lat' dir='ltr'>Libros</span> <span class='ocrx_word' id='word_1_730' title='bbox 3652 5334 3729 5397; x_wconf 80' lang='lat' dir='ltr'>de</span> 
     </span>
    </p>
   </div>
   <div class='ocr_carea' id='block_1_58' title="bbox 320 5410 2945 5493">
    <p class='ocr_par' dir='ltr' id='par_1_58' title="bbox 320 5410 2945 5493">
     <span class='ocr_line' id='line_1_58' title="bbox 320 5410 2945 5493; baseline 0.003 -24"><span class='ocrx_word' id='word_1_731' title='bbox 320 5410 644 5487; x_wconf 87' lang='lat' dir='ltr'>Triuitate,</span> <span class='ocrx_word' id='word_1_732' title='bbox 680 5431 741 5470; x_wconf 86' lang='grc' dir='ltr'>η.</span> <span class='ocrx_word' id='word_1_733' title='bbox 781 5412 836 5481; x_wconf 88' lang='grc'>1,</span> <span class='ocrx_word' id='word_1_734' title='bbox 870 5430 1054 5493; x_wconf 77' lang='lat' dir='ltr'>usque</span> <span class='ocrx_word' id='word_1_735' title='bbox 1084 5411 1165 5472; x_wconf 80' lang='lat' dir='ltr'>ad</span> <span class='ocrx_word' id='word_1_736' title='bbox 1192 5411 1397 5485; x_wconf 79' lang='lat' dir='ltr'>verba,</span> <span class='ocrx_word' id='word_1_737' title='bbox 1430 5414 1518 5472; x_wconf 87' lang='lat' dir='ltr'>De</span> <span class='ocrx_word' id='word_1_738' title='bbox 1548 5410 1848 5472; x_wconf 87' lang='lat' dir='ltr'>Trinitate</span> <span class='ocrx_word' id='word_1_739' title='bbox 1880 5414 2262 5486; x_wconf 78' lang='lat' dir='ltr'>disserimus,</span> <span class='ocrx_word' id='word_1_740' title='bbox 2294 5433 2357 5474; x_wconf 82' lang='grc' dir='ltr'>η.</span> <span class='ocrx_word' id='word_1_741' title='bbox 2392 5417 2454 5482; x_wconf 72' lang='lat'>2,</span> <span class='ocrx_word' id='word_1_742' title='bbox 2488 5413 2599 5475; x_wconf 86' lang='lat' dir='ltr'>col.</span> <span class='ocrx_word' id='word_1_743' title='bbox 2632 5415 2771 5476; x_wconf 89' lang='lat'>636.</span> <span class='ocrx_word' id='word_1_744' title='bbox 2859 5415 2945 5476; x_wconf 85' lang='lat' dir='ltr'>M.</span> 
     </span>
    </p>
   </div>
   <div class='ocr_carea' id='block_1_59' title="bbox 1631 5662 2439 5717">
    <p class='ocr_par' dir='ltr' id='par_1_59' title="bbox 1631 5662 2439 5717">
     <span class='ocr_line' id='line_1_59' title="bbox 1631 5662 2439 5717; baseline -0.002 -6"><span class='ocrx_word' id='word_1_745' title='bbox 1631 5662 2439 5717; x_wconf 54' lang='lat' dir='ltr'><em>W</em></span> 
     </span>
    </p>
   </div>
  </div>
