4040 6466
369 409 3777 441 Μ

1101 548 1226 653 S.
1311 548 2015 651 Διηιειιι

2128 549 2546 654 Αυθη
2568 551 3039 653 STINI

1602 738 2122 801 HIPPONENSIS
2168 740 2519 802 EPISCOPI

880 927 1253 1092 DE
1455 924 3249 1095 TRINITATE

1577 1196 1833 1271 LIBRI
1888 1196 2418 1284 QUINDECIM
2443 1199 2558 1271 (α).

1455 1436 1947 1568 LIBER
2063 1475 2690 1570 PRIMUS.

369 1642 430 1693 In
458 1654 564 1706 quo
598 1640 893 1693 secundum
923 1642 1221 1707 Scripturas
1249 1654 1428 1693 sacras
1455 1641 1760 1693 ostenditur
1793 1642 1971 1708 unitas
1995 1644 2350 1708 etmqualitas
2379 1658 2600 1696 summa:
2624 1644 2912 1704 Trinitatis,
2944 1645 2998 1694 et
3025 1642 3271 1708 quaedam
3306 1641 3422 1694 loca
3450 1644 3639 1694 contra
3666 1640 3785 1692 Filii

1637 1705 1994 1769 aequalitatem
2025 1705 2180 1757 allata
2207 1708 2507 1758 diluuntur.

451 1962 683 2018 CAPUT
715 1961 1356 2019 PRIMUM.—t.Scribit
1376 1966 1567 2019 contra
1592 1979 1679 2019 eos
1700 1965 1795 2035 qui
1810 1966 2028 2022 ratione

370 2051 651 2107 abutentes
680 2052 1095 2107 calumniantur
1115 2050 1274 2122 ﬁdem
1295 2053 1604 2107 Trinitatis.
1632 2055 1810 2108 Error
1830 2053 2017 2121 dispu-

370 2141 608 2196 tantium
636 2140 703 2195 de
732 2141 855 2208 Deo,
885 2157 954 2196 ex
985 2142 1197 2212 triplici
1224 2157 1407 2196 causa.
1430 2143 1727 2212 Scriptura
1754 2157 1918 2197 sacra
1940 2158 2020 2197 re-

369 2231 530 2285 motis
547 2230 885 2300 falsitatibus
900 2230 1075 2285 evehit
1090 2229 1364 2299 gradatim
1375 2231 1456 2286 ad
1472 2229 1658 2285 divina
1670 2232 2020 2286 .Immortali-

374 2327 455 2375 tas
484 2334 628 2375 vera.
652 2320 791 2374 Fide
808 2320 1174 2385 nutrimur,ut
1193 2320 1401 2375 habiles
1429 2319 1500 2374 ad
1527 2320 1717 2374 divina
1750 2319 2019 2391 cupienda

372 2408 705 2481 efﬁciamur.
740 2409 1020 2464 Lecturus
1051 2408 1172 2464 haec
1203 2425 1330 2480 quas
1367 2409 1438 2464 de
1464 2409 1750 2465 Trinitate
1778 2409 2017 2464 disseri-

377 2513 534 2565 mus,
566 2498 729 2569 prius
761 2502 989 2569 oportet
1018 2502 1083 2552 ut
1114 2498 1357 2563 noverit,
1390 2497 1591 2553 stilum
1627 2502 1892 2553 nostrum
1925 2498 2022 2553 ad-

372 2602 578 2643 versus
609 2603 805 2642 eorum
836 2585 1078 2659 vigilare
1099 2586 1448 2653 calumnias,
1469 2586 1567 2659 qui
1601 2586 1735 2643 fidei
1766 2592 2021 2643 contem-

374 2680 581 2732 nentes
597 2674 1177 2742 initium,immaturo
1198 2680 1254 2730 et
1270 2692 1537 2748 perverso
1562 2675 1804 2731 rationis
1822 2692 2019 2732 amore

370 2763 675 2821 falluntur.
709 2766 969 2831 Quorum
1016 2763 1284 2821 nonnulli
1323 2781 1392 2821 ea
1441 2782 1568 2837 quae
1600 2766 1670 2821 de
1700 2765 2019 2838 corporali-

365 2853 478 2909 bus
527 2854 721 2921 rebus,
757 2854 877 2909 sive
932 2870 1035 2925 per
1064 2870 1275 2908 sensus
1308 2870 1614 2926 corporeos
1647 2858 1883 2925 experta
1914 2871 2018 2910 no-

359 2946 569 2999 verunt
601 2946 640 3009 ¹,
671 2941 789 2999 sive
818 2959 941 3014 quas
976 2948 1187 2998 natura
1216 2943 1459 2997 humani
1514 2942 1733 3016 ingenii
1780 2947 1837 2998 et
1884 2942 2017 2998 dili-

361 3031 570 3105 gentias
598 3032 902 3088 vivacitate
923 3031 1011 3088 vel
1039 3032 1180 3086 artis
1212 3033 1281 3087 ad
1281 3031 1503 3102 jutorio
1536 3032 2014 3104 perceperunt,ad

363 3135 456 3175 res
482 3119 853 3191 incorporeas
893 3124 951 3176 et
980 3119 1315 3191 spirituales
1347 3121 1663 3176 transferre
1710 3126 2013 3187 conantur,

365 3211 431 3265 ut
460 3224 530 3263 ex
560 3208 652 3263 liis
702 3207 833 3263 illas
881 3209 1070 3264 metiri
1122 3214 1298 3280 atque
1346 3209 1574 3281 opinari
1612 3208 1811 3264 velint.
1864 3210 2015 3265 Sunt

364 3296 507 3353 item
532 3295 628 3351 alii
661 3297 762 3368 qui
794 3298 1119 3353 secundum
1153 3298 1391 3353 humani
1418 3297 1599 3352 animi
1632 3303 1903 3353 naturam
1929 3297 2015 3353 vel

365 3386 637 3442 all'ectum
668 3386 740 3442 de
786 3391 896 3442 beo
943 3386 1221 3453 sentiunt,
1254 3387 1303 3442 si
1342 3388 1483 3458 quid
1530 3387 1826 3453 sentiunt;
1861 3392 1919 3443 et
1948 3403 2017 3443 ex

362 3474 472 3531 hoc
503 3491 715 3541 errore,
747 3491 882 3532 cum
915 3476 1030 3532 Deo
1065 3477 1393 3548 disputant,
1415 3477 1672 3532 sermoni
1706 3477 1727 3511 ²
1761 3493 1867 3532 suo
1897 3477 2017 3532 dis-

361 3567 544 3620 tortus
577 3556 634 3620 et
665 3563 901 3621 fallaces
939 3564 1172 3637 regulas
1222 3566 1411 3638 ﬁgunt
1454 3566 1495 3621 ³.
1540 3566 1638 3621 Est
1686 3565 1823 3622 item
1858 3565 2017 3622 aliud

360 3652 669 3709 hominum
724 3670 933 3726 genus,
974 3670 1173 3710 eorum
1226 3654 1325 3726 qui
1385 3656 1717 3711 universam
1778 3654 2014 3727 quidem

360 3745 710 3810 creaturam,
760 3758 887 3814 quas
937 3743 1192 3815 profecto
1224 3743 1528 3799 mutabilis
1566 3748 1674 3811 est,
1725 3743 2013 3815 nituntur,

358 3830 795 3897 transcendere,
828 3834 893 3886 ut
922 3831 993 3887 ad
1039 3831 1587 3887 incommutabilem
1618 3830 2015 3887 substantiam

371 3936 500 3992 qua:
530 3920 683 3976 Deus
710 3924 819 3988 est,
849 3920 1075 3993 erigant
1096 3920 1481 3977 intentionem
1515 3936 1529 3975 :
1560 3921 1660 3977 sed
1696 3921 2019 3977 mortalita-

361 4009 439 4066 tis
469 4025 643 4065 onere
687 4010 1048 4082 praegravati,
1099 4026 1233 4067 cum
1282 4012 1339 4066 et
1388 4009 1569 4066 videri
1618 4009 1822 4065 volunt
1870 4010 2017 4065 scire

365 4098 519 4171 quod
552 4100 843 4170 nesciunt,
875 4104 933 4155 et
966 4099 1120 4171 quod
1150 4098 1359 4155 volunt
1387 4099 1536 4155 scire
1580 4115 1694 4154 non
1727 4105 2013 4171 possunt;

364 4189 853 4262 praesumptiones
886 4186 1228 4260 Opinionum
1263 4204 1505 4244 suarum
1548 4187 1827 4244 audacius
1859 4187 2013 4242 affir-

365 4276 1006 4345 mando,intercludunt
1027 4276 1265 4332 sibimet
1295 4275 1689 4350 intelligentiae
1711 4278 1857 4343 vias,
1891 4292 2012 4332 ma-

365 4365 457 4439 gis
489 4364 773 4438 eligentes
804 4367 1154 4422 eententiam
1188 4382 1357 4422 suam
1400 4383 1515 4422 non
1566 4366 1855 4438 corrigere
1885 4382 2015 4437 per-

359 4471 795 4527 versam,quam
830 4460 1057 4511 mutare
1079 4455 1472 4512 defcnsam.Et
1499 4455 1593 4513 hic
1623 4455 1862 4528 quidem
1889 4470 2013 4510 om-

363 4543 529 4601 nium
561 4544 800 4601 morbus
830 4550 921 4601 est
947 4543 1127 4602 trium
1151 4561 1433 4617 generum
1470 4561 1596 4617 quae
1621 4542 1899 4618 proposui
1924 4559 1936 4599 :
1957 4546 2015 4599 et

2136 1982 2333 2022 eorum
2359 1966 2556 2022 scilice
2578 1965 2679 2037 qui
2701 1965 3026 2035 secundum
3045 1980 3258 2036 corpus
3280 1963 3350 2018 de
3373 1967 3486 2018 Deo
3505 1961 3778 2034 sapiunt;

2125 2060 2182 2111 et
2211 2072 2409 2112 eorum
2445 2057 2542 2127 qui
2569 2057 2890 2111 secundum
2925 2053 3289 2126 spiritualem
3323 2056 3679 2118 creaturam,
3705 2052 3779 2118 si,

2126 2145 2246 2200 cuti
2270 2150 2359 2201 est
2378 2146 2602 2213 anima;
2623 2162 2823 2201 eorum
2849 2144 2948 2216 qui
2973 2160 3161 2215 neque
3190 2143 3518 2199 secundum
3541 2157 3777 2212 corpus,

2126 2250 2314 2305 neque
2345 2236 2667 2290 secundum
2700 2232 3063 2306 spiritualem
3105 2236 3454 2298 creaturam,
3487 2234 3544 2286 et
3571 2233 3773 2285 tamen

2127 2322 2198 2378 de
2231 2328 2339 2379 Deo
2372 2322 2516 2378 falsa
2546 2323 2899 2387 existimant,
2928 2338 2995 2377 eo
3030 2320 3369 2377 remotiores
3400 2336 3435 2374 a
3470 2335 3625 2385 vero,
3656 2334 3777 2389 quo

2127 2411 2189 2467 id
2222 2412 2375 2481 quod
2405 2412 2665 2483 sapiunt,
2699 2427 2802 2466 nec
2851 2411 2906 2465 in
2959 2424 3198 2481 corpore
3237 2407 3543 2479 reperitur,
3578 2421 3687 2461 nec
3717 2405 3778 2460 in

2130 2499 2280 2555 facto
2313 2504 2368 2555 et
2399 2500 2630 2556 condito
2663 2499 2892 2571 spiritu,
2924 2515 3029 2554 nec
3069 2498 3128 2553 in
3176 2497 3305 2570 ipso
3335 2495 3623 2552 Creatore.
3669 2493 3780 2559 Qui

2129 2586 2286 2642 enim
2317 2588 2590 2660 epinatur
2620 2587 2827 2654 Deum,
2873 2587 3027 2644 verbi
3072 2586 3279 2660 gratia,
3326 2585 3645 2641 candidum
3690 2581 3781 2638 vel

2128 2676 2395 2745 rutilum,
2430 2677 2689 2745 fallitur;
2722 2678 2822 2733 sed
2869 2682 3066 2732 tamen
3116 2675 3238 2730 hinc
3288 2674 3672 2730 inveniuntur
3720 2672 3780 2727 in

2128 2782 2387 2837 corpore.
2438 2767 2665 2822 Rursus
2696 2767 2792 2839 qui
2826 2765 3100 2839 opinatur
3129 2764 3313 2819 Deum
3348 2780 3504 2819 nunc
3532 2761 3777 2819 oblivis-

2127 2860 2377 2923 centem,
2410 2872 2565 2911 nunc
2596 2856 3015 2916 recordantem,
3049 2852 3137 2910 vel
3168 2853 3218 2908 si
3248 2852 3390 2924 quid
3432 2850 3785 2921 hujusmodi

2128 2948 2236 3007 est,
2270 2944 2655 3001 nihilominus
2686 2946 2744 3000 in
2776 2962 2967 3001 errore
2998 2948 3123 3011 est;
3159 2943 3258 2998 sed
3310 2948 3506 2997 tamen
3536 2940 3661 2995 haec
3692 2939 3784 2995 in-

2128 3033 2441 3088 veniuntur
2470 3034 2527 3089 in
2561 3034 2777 3089 animo.
2802 3033 2910 3097 Qui
2944 3038 3139 3088 autem
3172 3036 3341 3103 putat
3371 3031 3502 3102 ejus
3524 3045 3654 3085 esse
3684 3046 3785 3101 po-

2129 3123 2323 3177 tentiae
2357 3128 2560 3189 Deum,
2594 3128 2661 3178 ut
2703 3123 2963 3195 seipsum
3018 3122 3143 3193 ipse
3191 3121 3479 3193 genuerit,
3537 3136 3604 3174 eo
3647 3117 3782 3191 plus

2129 3211 2463 3282 errat,quod
2498 3228 2613 3266 non
2641 3211 2829 3267 solum
2854 3211 3005 3266 Deus
3029 3210 3109 3265 ita
3129 3226 3245 3264 non
3276 3213 3388 3276 est,
3406 3208 3505 3264 sed
3530 3223 3637 3263 nec
3659 3206 3775 3278 spi-

2127 3298 2358 3355 ritualis
2391 3316 2493 3355 nec
2523 3300 2839 3372 corporalis
2871 3305 3137 3355 creatura
3186 3316 3200 3354 :
3250 3296 3413 3353 nulla
3459 3296 3611 3352 enim
3658 3313 3780 3353 om-

2128 3389 2264 3444 nino
2297 3405 2388 3444 res
2417 3394 2505 3444 est
2535 3406 2664 3461 quas
2695 3405 2756 3444 se
2788 3388 2975 3460 ipsam
3000 3388 3199 3459 gignat
3232 3390 3294 3442 ut
3325 3386 3422 3442 sit.

2194 3477 2248 3531 2.
2283 3476 2356 3532 Ut
2402 3493 2537 3550 ergo
2569 3478 2641 3533 ab
2679 3477 3019 3549 hujusmodi
3069 3475 3427 3532 falsitatibus
3472 3473 3783 3531 humanus

2127 3566 2362 3622 animus
2391 3572 2760 3639 purgaretur,
2792 3571 2996 3622 sancta
3025 3565 3330 3636 Scriptura
3357 3563 3615 3636 parvulis
3643 3580 3786 3621 con-

2125 3668 2363 3725 gruens,
2389 3655 2608 3711 nullius
2639 3656 2871 3727 generis
2893 3672 3089 3710 rerum
3114 3654 3293 3709 verba
3321 3653 3538 3724 vitavit,
3562 3669 3632 3708 ex
3653 3652 3784 3724 qui-

2125 3742 2238 3799 bus
2259 3744 2426 3813 quasi
2454 3745 2741 3816 gradatim
2769 3745 2838 3800 ad
2862 3743 3058 3799 divina
3087 3749 3259 3815 atque
3285 3741 3566 3799 sublimia
3588 3750 3786 3798 noster

2124 3830 2454 3889 intellectus
2483 3832 2638 3889 velut
2667 3833 2923 3889 nutritus
2955 3832 3476 3905 assurgeret.Nam
3501 3836 3559 3887 et
3588 3831 3783 3886 verbis

2126 3936 2194 3976 ex
2227 3922 2401 3977 rebus
2433 3921 2836 3994 corporalibus
2866 3922 3123 3993 sumptis
3148 3938 3255 3978 usa
3283 3924 3536 3988 est,cum
3567 3921 3639 3976 de
3660 3919 3779 3975 Deo

2124 4008 2486 4081 loqueretur;
2520 4010 2680 4066 velut
2702 4028 2835 4067 cum
2858 4011 3027 4079 ait,In
3048 4012 3284 4083 tegmine
3302 4010 3530 4065 alarum
3548 4011 3779 4064 tuarum

2122 4106 2335 4170 protege
2364 4115 2449 4154 me
2487 4100 2656 4171 (Psal.
2699 4118 2814 4171 xvr,
2844 4101 2921 4170 8).
2957 4100 3026 4155 Et
3053 4100 3125 4155 de
3172 4097 3465 4170 spirituali
3514 4102 3783 4153 creatura

2126 4186 2314 4243 multa
2324 4189 2622 4244 transtulit
2638 4190 2853 4261 quibus
2867 4188 3224 4262 signiﬁcaret
3237 4187 3381 4243 illud
3399 4186 3555 4258 quod
3566 4186 3651 4242 ita
3664 4203 3778 4243 non

2125 4281 2295 4343 esset,
2321 4277 2423 4332 sed
2465 4278 2547 4333 ita
2585 4278 2697 4334 dici
2737 4295 2884 4351 epus
2922 4281 3117 4345 esset;
3155 4277 3326 4332 sicuti
3356 4280 3466 4346 est,
3499 4276 3615 4345 Ego
3658 4292 3782 4331 sum

2122 4367 2264 4421 Deus
2293 4366 2479 4422 celans
2514 4367 2706 4440 (Exod.
2738 4384 2836 4436 xx,
2865 4368 2920 4440 5)
2948 4392 2962 4434 ;
3007 4371 3088 4434 et,
3119 4367 3354 4422 Paenitet
3391 4381 3477 4421 me
3505 4364 3779 4421 hominem

2122 4455 2315 4525 fecisse
2334 4454 2489 4526 (Gen.
2515 4456 2674 4528 vr,7).
2703 4455 2781 4513 De
2811 4455 2984 4512 rebus
3017 4460 3210 4511 autem
3243 4471 3375 4526 quas
3404 4454 3646 4509 omnino
3668 4470 3783 4510 non

2124 4547 2404 4613 sunt,non
2426 4546 2603 4601 traxit
2624 4544 2819 4618 aliqua
2839 4544 3366 4617 vocabula,quibus
3391 4542 3483 4600 vel
3504 4543 3788 4616 figuraret

1561 4693 1875 4735 ADMONITIO
1915 4692 2008 4732 PP.
2050 4693 2566 4738 BENEDICTINORUM.

430 4785 939 4850 DeATrinitateglibri
970 4785 1275 4850 quindecim
1306 4785 1563 4850 recogniti
1594 4785 1876 4850 diligenter
1904 4787 1959 4850 et
1977 4785 2201 4850 correcti
2232 4790 2357 4837 sunt
2390 4788 2455 4837 ad
2488 4788 2791 4838 Gallicanos
2817 4788 3036 4850 triginta
3064 4787 3187 4836 Mss.
3215 4787 3575 4835 Turonensem
3610 4779 3789 4850 Eccle:

373 4849 469 4899 sim
506 4848 558 4898 S.
582 4848 833 4905 Gratiani.
865 4840 1218 4898 Cardotenses
1248 4840 1473 4899 abbatiiia
1503 4848 1556 4897 S.
1591 4840 1724 4896 Patri
1757 4847 1909 4905 duos,
1937 4846 2374 4908 Andegavemem
2403 4851 2629 4900 abbatia:
2661 4852 2712 4901 S.
2748 4840 2944 4905 Albinui.
2970 4850 3355 4899 Laudunenses
3384 4840 3785 4911 duoa,_majoris

374 4910 625 4962 Ecclesiae
646 4911 851 4976 scilicet
883 4926 942 4959 ac
972 4913 1354 4976 Vincentianas,
1386 4913 1670 4976 Remenses
1703 4914 1825 4966 tres,
1856 4910 2382 4976 unumgcatbedralis,
2415 4915 2546 4963 alios
2577 4915 2711 4963 duos
2741 4914 3061 4976 llemigianas
3097 4912 3361 4976 Ecclesiae,
3402 4911 3469 4960 ad
3497 4909 3785 4976 Theoderi’

376 4988 607 5031 ceusem,
641 4974 1050 5038 Benignianum,
1080 4975 1487 5038 Floriacensem,
1519 4973 1936 5038 Vindonensem,
1961 4972 2359 5038 Michaelinum,
2393 4977 2785 5031 Pratellensem.
2836 4972 3168 5034 Beccensem,
3221 4975 3529 5038 Lyrensem,
3568 4973 3780 5021 Germa-

372 5050 618 5102 nensem,
638 5034 1063 5102 Cistevrciensem,
1098 5037 1450 5102 Bigotianum,
1472 5034 1675 5102 collegii
1706 5034 1972 5084 Navarraei
2004 5036 2417 5102 tres,Sorbonici
2450 5040 2713 5102 quinque,
2737 5040 3213 5102 Dominicanorum
3245 5034 3783 5102 majoris_conventus

369 5098 679 5151 Parisiensis
707 5112 893 5163 unum,
924 5097 1413 5163 Augustinensiumg
1434 5097 1651 5163 majoris
1682 5099 2266 5163 con_ven_tp_s_unum,ad
2293 5097 2538 5150 undecim
2565 5097 2933 5163 Vaticanos,ad
2964 5101 3135 5150 varias
3164 5097 3422 5149 lectiones
3452 5098 3782 5162 Belgicorum

378 5163 614 5227 quinque
642 5161 785 5225 apud
816 5163 962 5221 Lov.,
986 5163 1201 5211 tandem
1235 5160 1303 5211 ad
1332 5159 1594 5211 editiones
1618 5159 1970 5219 Amerbachii,
1990 5160 2193 5210 Erasmi
2218 5167 2270 5212 et
2297 5163 2686 5229 Theologorum
2716 5159 3144 5215 Lova'niensium.

560 5268 1048 5350 Comparavimus
1073 5278 1362 5350 praeterea
1391 5286 1488 5329 eas
1518 5287 1710 5329 omnes
1738 5267 2021 5329 editiones
2052 5268 2221 5332 initio
2254 5275 2422 5333 Retr.
2461 5282 2516 5334 et
2545 5273 2843 5349 Confess.,
2879 5282 2919 5334 t.
2958 5274 3016 5349 1,
3047 5279 3420 5333 memoratas.
3506 5269 3589 5330 Μ.

435 5396 451 5430 ¹
482 5396 607 5444 Mss.
639 5391 1025 5451 novemdecim,
1058 5395 1382 5443 notaverunt.

434 5460 456 5493 ³
482 5459 604 5507 Mss.
637 5456 744 5504 duo
774 5456 1034 5515 Vaticani,
1064 5469 1315 5504 sermone.

433 5520 457 5555 ³
483 5517 1004 5581 Reperimus,ﬁgunt,
1036 5518 1092 5567 in
1114 5518 1235 5567 Mss.
1267 5518 1519 5583 quinque.
1549 5518 1610 5568 ln
1641 5518 1796 5570 editis
1817 5522 2013 5576 autem,

370 5582 787 5756 inaltlfighoati
826 5653 1013 5691 versus
1041 5654 1241 5693 annum
1274 5645 1386 5705 400,
1416 5643 1644 5696 absoluti
1687 5642 1897 5694 circiter
1924 5656 2015 5692 an-

417 5719 505 5755 um
635 5741 647 5753 .

417 5719 505 5755 um
534 5719 647 5755 416.
