4040 6442
140 399 262 459 829

143 533 333 590 forma
353 532 456 589 Dei
480 532 638 589 idem
660 532 783 606 ipse
806 533 884 590 sit
904 532 1082 588 Filius
1102 530 1442 604 unigenitus
1462 529 1562 586 Dei
1582 530 1792 599 Patris,

142 623 202 679 in
232 624 423 679 forma
448 622 544 679 Dei
566 621 810 695 aequalis
834 622 1014 693 Patri,
1038 620 1097 676 in
1122 620 1310 677 forma
1330 620 1482 676 servi
1508 620 1795 677 mediator

140 711 244 768 Dei
265 716 322 768 et
342 711 652 767 hominum
674 712 849 767 homo
865 710 1132 767 Christus
1152 710 1326 765 Jesus
1352 728 1365 777 ;
1399 708 1533 781 quis
1554 727 1671 765 non
1704 709 1793 764 in-

138 800 369 875 telligat
400 801 634 874 quodin
659 802 847 856 forma
867 800 967 855 Dei
999 800 1175 856 etiam
1210 799 1334 871 ipse
1365 815 1428 854 se
1458 798 1585 871 ipso
1608 798 1796 869 major

138 895 250 959 est,
283 891 345 946 in
376 892 563 947 forma
584 895 777 947 autem
814 889 963 946 servi
992 888 1168 945 etiam
1192 904 1253 945 se
1282 888 1409 960 ipso
1441 889 1632 944 minor
1660 887 1795 944 est?

142 980 272 1037 Non
304 980 504 1051 itaque
534 978 828 1035 immerito
861 977 1165 1051 Scriptura
1196 983 1516 1050 utrumque
1545 977 1706 1047 dicit,
1739 982 1797 1033 et

152 1068 436 1141 aequalem
460 1068 618 1123 Patri
653 1068 955 1132 Filium,et
976 1069 1197 1123 Patrem
1229 1068 1509 1138 majorem
1531 1065 1694 1123 Filio.
1728 1065 1799 1123 ll-

143 1156 252 1214 lud
278 1159 438 1214 enim
471 1161 707 1231 prOpter
756 1157 1001 1212 formam
1038 1156 1162 1225 Dei,
1197 1156 1306 1211 hoc
1337 1160 1529 1211 autem
1562 1159 1798 1228 propter

148 1247 399 1304 formam
412 1246 715 1316 servi,sine
729 1245 849 1302 ulla
861 1247 1199 1302 confusione
1221 1244 1582 1317 intelligitur.
1599 1245 1797 1302 Ethaac

138 1335 314 1394 nobis
327 1335 532 1409 regula
543 1350 647 1408 per
659 1351 852 1392 omnes
865 1351 1059 1392 sacras
1071 1334 1400 1407 Scripturas
1414 1334 1796 1392 dissolvendae

138 1425 325 1499 hujus
354 1424 699 1497 questionis,
731 1440 802 1480 ex
858 1440 975 1480 uno
1025 1422 1280 1495 capitulo
1318 1422 1587 1494 Epistolas
1636 1424 1799 1480 Pauli

138 1513 391 1588 apostoli
427 1514 738 1586 promitur,
780 1514 881 1570 ubi
931 1513 1301 1569 manifestius
1340 1513 1454 1568 ista
1499 1513 1800 1570 distinctio

137 1602 608 1659 commendatur.
621 1601 715 1657 Ait
740 1602 893 1657 enim
920 1617 934 1657 :
957 1596 1071 1671 Qui
1097 1618 1218 1656 cum
1249 1603 1310 1656 in
1330 1605 1515 1669 [arma
1532 1602 1627 1657 Dei
1642 1606 1796 1671 esset,

136 1707 252 1749 non
289 1690 893 1765 rapinam‘arbitratus
924 1694 1003 1747 est
1039 1706 1151 1746 esse
1177 1691 1414 1762 aequalis
1443 1692 1580 1752 Deo;
1607 1691 1701 1746 sed
1722 1708 1801 1748 se-

138 1782 433 1853 metipsum
453 1781 789 1846 exinanivit,
811 1781 1033 1850 forman
1056 1796 1196 1834 servi
1227 1780 1520 1850 accipiens,
1550 1782 1611 1835 in
1639 1782 1799 1837 simi-

140 1869 444 1927 litudinem
483 1868 774 1925 hominum
798 1874 1002 1940 jactus,
1033 1873 1083 1923 et
1113 1869 1304 1923 habitu
1335 1871 1586 1924 inventus
1616 1884 1676 1923 ut
1704 1870 1798 1926 ho-

139 1979 230 2020 mo
251 1963 518 2036 (Philipp.
550 1979 614 2033 ιι,
646 1962 703 2028 6,
724 1960 803 2031 7).
846 1962 949 2016 Est
981 1976 1115 2033 ergo
1138 1960 1241 2017 Dei
1281 1960 1460 2017 Filius
1498 1962 1612 2017 Deo
1649 1962 1798 2018 Patri

141 2057 356 2109 natura
384 2051 646 2124 aqualis,
681 2050 884 2106 habitu
920 2051 1129 2106 minor.
1169 2056 1230 2106 ln
1264 2052 1447 2106 forma
1467 2052 1623 2107 enim
1647 2051 1797 2107 servi

140 2158 324 2215 quam
345 2142 588 2213 accepit.
617 2141 810 2196 minor
830 2146 919 2196 est
942 2140 1109 2195 Patre
1135 2157 1147 2195 :
1178 2141 1237 2195 in
1260 2140 1444 2195 forma
1467 2145 1663 2196 autem
1696 2140 1797 2197 Dei

138 2231 199 2286 in
222 2247 342 2303 qua
361 2236 485 2286 erat
504 2230 682 2286 etiam
711 2234 1023 2301 antequam
1057 2228 1209 2284 hanc
1230 2230 1569 2297 accedisset,
1601 2247 1794 2302 aequa-

141 2318 219 2375 lis
251 2325 340 2375 est
361 2318 537 2375 Patri.
562 2319 623 2373 In
658 2319 844 2373 forma
864 2317 987 2383 Dei,
1026 2319 1281 2374 Verbum
1323 2336 1425 2388 per
1452 2320 1607 2390 quod
1644 2320 1798 2375 facta

134 2413 278 2463 sunt
308 2408 507 2465 omnia
538 2408 715 2478 (Joan.
752 2409 803 2477 1,
836 2408 927 2476 3);
956 2407 1014 2462 in
1048 2408 1236 2463 forma
1266 2414 1461 2463 autem
1494 2409 1642 2464 servi
1674 2408 1793 2465 fac-

128 2503 227 2553 tus
258 2514 329 2553 ex
361 2496 626 2564 muliere,
658 2498 846 2552 factus
879 2497 989 2552 sub
1026 2496 1189 2569 Lege,
1214 2500 1278 2551 ut
1310 2513 1409 2552 eos
1438 2497 1665 2568 quisub
1688 2498 1790 2553 Le-

130 2603 202 2660 ge
233 2591 422 2653 erant,
454 2586 769 2642 redimeret
816 2584 1018 2657 (Galat.
1070 2602 1146 2650 1v,
1198 2585 1249 2654 4,
1280 2586 1361 2655 5).
1420 2585 1669 2642 Proinde
1731 2587 1791 2642 in

129 2678 319 2732 forma
347 2675 448 2732 Dei
483 2674 618 2731 fecit
648 2674 982 2731 hominem:
1012 2674 1072 2730 in
1097 2675 1287 2731 forma
1315 2692 1464 2732 serv:
1500 2676 1690 2732 factus
1704 2680 1794 2732 est

134 2764 335 2821 homo.
372 2764 521 2822 Nam
552 2763 600 2819 si
635 2763 802 2819 Pater
828 2767 1060 2819 tantum
1088 2764 1215 2819 sine
1249 2761 1391 2819 Filio
1428 2762 1661 2819 fecisset
1689 2763 1790 2819 ho-

140 2854 389 2920 minem,
421 2869 534 2908 non
568 2852 854 2925 scriptum
885 2857 1063 2920 esset,
1092 2854 1380 2908 Faciamus
1408 2852 1685 2909 hominem
1720 2854 1796 2909 ad

128 2944 435 3014 imaginem
454 2946 507 2999 et
525 2941 956 2998 similitudinem
984 2950 1226 2998 nostram
1253 2941 1407 3013 (Gen.
1440 2960 1479 3012 1,
1505 2942 1614 3011 26).
1649 2943 1794 3015 Ergo

133 3033 274 3105 quia
306 3034 492 3088 forma
540 3031 641 3088 Dei
674 3030 900 3104 accepit
955 3032 1204 3087 formam
1258 3031 1429 3099 servi,
1479 3036 1795 3103 utrumque

136 3128 288 3178 Deus
318 3127 376 3178 et
405 3126 722 3194 utrumque
751 3120 929 3177 homo
964 3137 977 3177 :
1011 3121 1112 3177 sed
1148 3124 1467 3193 utrumque
1490 3121 1642 3177 Deus
1670 3138 1796 3194 pro-

129 3216 261 3285 pter
291 3210 672 3282 accipientem
732 3210 941 3277 Deum,
989 3214 1308 3283 utrumque
1365 3214 1560 3266 autem
1624 3209 1794 3267 homo

133 3306 375 3375 propter
403 3306 706 3373 acceptum
737 3300 1037 3357 hominem
1075 3316 1263 3373 neque
1305 3299 1463 3356 enim
1514 3299 1617 3356 illa
1662 3317 1793 3357 sus-

140 3390 414 3462 ceptione
439 3388 687 3445 alterum
720 3405 921 3445 eorum
956 3389 1015 3444 in
1042 3388 1289 3444 alterum
1340 3405 1686 3445 conversum
1708 3392 1793 3445 at-

135 3495 252 3552 que
275 3483 567 3535 mutatum
591 3483 680 3534 est
704 3494 716 3534 :
741 3494 847 3534 nec
862 3478 1137 3534 divinitas
1158 3478 1375 3550 quippe
1390 3478 1449 3534 in
1464 3484 1793 3535 creaturam

127 3573 357 3624 mutata
375 3572 485 3637 est,
511 3571 575 3623 ut
597 3567 905 3623 desisteret
925 3584 1054 3624 esse
1076 3568 1386 3636 divinitas;
1413 3584 1517 3624 nec
1529 3573 1795 3624 creatura

126 3656 188 3713 in
213 3656 604 3725 divinitatem,
638 3661 702 3711 ut
731 3656 1039 3713 desisteret
1063 3672 1196 3712 esse
1226 3661 1518 3712 creatura.

203 3744 441 3801 CAPUT
461 3744 614 3802 Vlll.
643 3776 703 3787 -
734 3747 823 3801 15.
851 3748 1174 3814 Scripturas
1202 3746 1269 3801 de
1295 3745 1635 3817 subjectione
1659 3746 1796 3802 Filii

128 3834 228 3891 sub
259 3837 424 3890 Patre
448 3850 740 3906 perperam
760 3835 1067 3891 intellectas
1087 3835 1343 3906 explicat.
1375 3836 1614 3906 Regnum
1637 3836 1797 3890 Patri

126 3940 239 3980 non
259 3924 341 3980 sic
359 3924 538 3980 tradet
570 3923 850 3989 Christus,
884 3927 945 3979 ut
977 3923 1195 3979 adimat
1233 3925 1362 3979 sibi.
1395 3925 1794 3995 Contemplatio

125 4015 396 4085 promissa
424 4013 553 4083 ﬁnis
583 4014 839 4069 omnium
865 4014 1164 4068 actionum.
1193 4013 1439 4083 Spiritus
1468 4019 1692 4069 sanctus
1723 4014 1797 4069 ad

127 4102 483 4158 beatudinem
497 4107 743 4158 nostram
761 4103 965 4174 sufﬁcit
982 4101 1291 4174 perindeac
1309 4104 1492 4166 Pater,
1524 4101 1674 4157 Illud
1698 4119 1771 4157 au

125 4195 241 4247 tem
268 4191 425 4263 quod
459 4190 601 4246 dicit
630 4191 960 4263 Apostolus,
993 4194 1134 4249 Cum
1158 4194 1346 4247 autem
1375 4193 1430 4247 ei
1455 4192 1640 4246 omnia
1673 4190 1795 4247 sub-

114 4282 269 4355 jecta
298 4281 531 4351 fuerint,
556 4283 686 4335 tunc
700 4285 753 4335 et
774 4280 887 4351 ipse
911 4281 1085 4336 Filius
1102 4281 1377 4352 subjectus
1396 4282 1565 4336 erilei
1584 4282 1682 4352 qui
1705 4282 1797 4336 illi

122 4371 360 4438 subjecit
380 4370 605 4430 omnia;
622 4374 724 4424 aut
751 4368 880 4425 ideo
900 4368 1121 4425 dictum
1143 4374 1331 4436 est,ne
1353 4369 1666 4441 quisquam
1691 4387 1795 4442 pu-

122 4463 276 4517 taret
298 4458 569 4515 habitum
594 4457 832 4528 Christi,
865 4459 965 4530 qui
987 4475 1055 4514 ex
1078 4458 1341 4514 humana
1361 4463 1628 4513 creatura
1658 4475 1789 4514 sus-

124 4553 334 4622 ceptus
364 4553 475 4616 est,
509 4564 857 4605 conversum
886 4548 953 4603 iri
979 4552 1182 4620 postea
1210 4546 1270 4603 in
1304 4548 1492 4619 ipsam
1528 4546 1794 4605 divinita-

124 4636 393 4707 tem,vel,
420 4641 484 4693 ut
513 4637 727 4693 certius
757 4637 1169 4710 eXpresserim,
1197 4636 1498 4703 deitatem,
1524 4653 1651 4709 quas
1675 4654 1789 4693 non

133 4733 225 4785 est
263 4731 548 4798 creatura,
599 4728 700 4783 sed
744 4732 835 4783 est
874 4726 1069 4782 unitas
1108 4725 1410 4782 Trinitatis
1452 4726 1792 4799 incorporea

124 4822 186 4874 et
238 4815 743 4873 incommutabilis
789 4821 845 4872 et
892 4815 1127 4871 sibimet
1174 4815 1693 4873 consubstantialis
1735 4822 1792 4873 et

131 4914 424 4963 coaeterna
471 4910 700 4961 natura.
746 4908 856 4961 Aut
909 4905 958 4961 si
1010 4905 1326 4977 quisquam
1374 4906 1692 4974 contendit,
1728 4910 1792 4961 ut

127 4995 320 5068 aliqui
351 4999 685 5060 senserunt,
716 4994 799 5050 ita
828 4994 1073 5061 dictum,
1105 4996 1169 5050 Et
1215 4996 1328 5066 ipse
1373 4996 1556 5052 Filius
1584 4996 1790 5067 subjec-

123 5094 218 5143 tus
248 5087 357 5142 erit
386 5086 439 5142 ei
466 5086 562 5158 qui
598 5084 690 5141 illi
729 5084 986 5156 subjeccit
1010 5100 1218 5153 omnia,
1242 5088 1308 5139 ut
1333 5083 1523 5156 ipsam
1557 5085 1788 5156 subjec-

119 5175 367 5242 tionem,
417 5175 941 5230 commutationem
993 5177 1051 5230 et
1095 5173 1536 5229 conversionem
1593 5174 1791 5230 credat

122 5266 384 5320 futuram
417 5269 697 5320 creaturae
726 5263 785 5319 in
816 5263 1006 5335 ipsam
1040 5263 1435 5320 substantiam
1467 5262 1554 5319 vel
1586 5280 1783 5319 essen-

119 5354 266 5409 tiam
309 5352 618 5419 Creatoris,
666 5353 725 5408 id
775 5358 885 5421 est,
933 5358 999 5408 ut
1041 5368 1171 5424 quaa
1220 5351 1411 5407 fuerat
1458 5353 1787 5410 substantia

119 5447 420 5509 creaturas,
455 5442 557 5498 tiat
587 5441 919 5498 substantia
948 5441 1275 5508 Creatoris;
1331 5446 1485 5497 certe
1528 5440 1617 5498 vel
1667 5442 1776 5499 hoc

120 5531 407 5600 concedit,
429 5531 587 5603 quod
619 5547 733 5588 non
766 5530 943 5587 habet
960 5530 1137 5586 ullam
1159 5530 1607 5599 dubitationem,
1633 5547 1782 5587 non-

124 5622 267 5677 dum
297 5620 410 5678 hoc
438 5619 621 5676 fuisse
652 5619 872 5676 factum
903 5636 1038 5675 eum
1073 5620 1361 5676 Dominus
1390 5619 1630 5687 diceret,
1662 5622 1784 5678 Pa-

126 5714 209 5766 ter
232 5710 414 5781 major
442 5725 529 5765 me
553 5712 651 5766 est.
689 5708 840 5765 Dixit
884 5709 1040 5765 enim
1091 5707 1201 5766 hoc
1248 5725 1364 5766 non
1398 5708 1590 5766 solum
1621 5715 1783 5767 ante-

126 5815 309 5873 quam
353 5798 715 5855 ascendisset
760 5796 820 5854 in
870 5796 1105 5871 oculum,
1147 5814 1351 5857 verum
1396 5797 1573 5857 etiam
1618 5803 1783 5856 ante-

129 5904 311 5961 quam
334 5903 550 5961 passus
566 5886 980 5949 resurrexi‘saet
999 5904 1034 5946 a
1052 5887 1324 5948 mortuis.
1349 5887 1439 5949 Illi
1457 5892 1655 5948 autem
1679 5889 1781 5962 qui

1548 398 1781 459 LIBER
1824 397 2146 459 PRIMUS.

3431 398 3550 461 830

1903 530 2447 604 putanthumanam
2474 532 2532 587 in
2555 549 2621 589 eo
2638 536 2907 590 naturam
2934 532 2990 590 in
3013 531 3245 589 deitatis
3275 532 3545 589 substan~

1902 620 2042 674 tiam
2068 622 2283 675 mutari
2327 627 2500 693 atque
2527 622 2805 693 converti,
2854 628 2909 679 et
2946 624 3025 679 ita
3056 624 3298 693 dictum,
3332 625 3477 679 Tunc
3494 634 3547 679 et

1904 712 2018 781 ipse
2065 708 2244 765 Filius
2280 711 2552 783 subjectus
2598 714 2702 767 erit
2732 714 2789 768 ei
2816 715 2917 785 qui
2956 714 3051 769 illi
3076 714 3304 785 subjecit
3336 715 3541 781 omnia,

1904 815 1971 855 ac
1993 798 2041 855 si
2063 799 2374 867 diceretur,
2394 804 2556 857 Tunc
2580 806 2636 857 et
2661 802 2975 874 ipseFilius
2996 802 3251 859 hominis
3273 807 3330 858 et
3349 820 3379 859 a
3404 803 3544 859 Ver-

1904 889 1980 945 bo
2007 887 2102 945 Dei
2141 882 2413 962 suscepta
2441 890 2701 946 humana
2750 896 2959 947 natura
2992 892 3445 948 commutabitur
3482 892 3541 948 in

1905 978 2033 1048 ejus
2049 983 2340 1051 naturam,
2364 980 2465 1051 qui
2492 981 2542 1035 ei
2566 980 2817 1051 subjecit
2848 980 3075 1048 omnia;
3110 987 3246 1037 tunc
3278 983 3542 1039 futurum

1906 1072 2136 1140 putant,
2170 1084 2293 1123 cum
2314 1074 2445 1141 post
2465 1070 2619 1126 diem
2635 1070 2841 1140 judicii
2866 1071 3167 1127 tradiderit
3190 1087 3422 1141 regnum
3451 1074 3547 1128 Dei

1904 1162 1957 1214 et
1977 1159 2156 1213 Patri.
2187 1160 2267 1214 Ac
2297 1175 2400 1230 per
2428 1158 2535 1215 hoc
2556 1160 2732 1215 etiam
2754 1160 3078 1216 secundum
3117 1160 3288 1217 istam
3321 1162 3545 1234 opinio-

1908 1262 2041 1301 nem
2071 1246 2263 1303 adhuc
2290 1248 2459 1305 Pater
2499 1249 2688 1320 major
2714 1253 2825 1315 est,
2866 1267 3043 1322 quam
3062 1267 3189 1323 quae
3212 1251 3280 1306 de
3321 1250 3546 1323 virgine

1908 1335 2059 1392 servi
2089 1337 2277 1393 forma
2302 1342 2539 1408 accepta
2559 1341 2667 1394 est.
2695 1338 2856 1403 Quod
2892 1339 2941 1394 si
2977 1338 3155 1411 aliqui
3180 1343 3235 1395 et
3263 1339 3369 1395 hoc
3387 1340 3544 1395 affir-

1908 1429 2093 1494 mant,
2126 1426 2421 1498 quodjam
2451 1426 2627 1483 fuerit
2647 1427 2706 1482 in
2732 1427 2831 1483 Dei
2855 1428 3251 1483 substantiam
3281 1432 3547 1484 mutatus

1906 1513 2082 1570 homo
2114 1514 2377 1572 Christus
2400 1516 2607 1586 Jesus;
2640 1515 2785 1572 illud
2823 1522 2974 1573 certe
3014 1533 3224 1589 negare
3262 1534 3379 1573 non
3419 1534 3551 1589 pos-

1908 1608 2067 1672 sunt,
2092 1606 2243 1675 quod
2268 1604 2459 1661 adhuc
2488 1610 2701 1661 natura
2720 1604 2978 1662 hominis
2999 1606 3292 1672 manebat,
3317 1608 3553 1678 quando

1909 1697 2044 1748 ante
2074 1694 2406 1765 passionem
2448 1694 2700 1761 dicebat,
2745 1695 3013 1763 Quoniam
3053 1698 3220 1750 Pater
3262 1696 3439 1768 major
3467 1712 3555 1751 me

1908 1785 2027 1837 est:
2051 1783 2205 1838 unde
2228 1782 2389 1839 nulla
2410 1784 2701 1839 cunctatio
2729 1787 2817 1839 est
2844 1784 3167 1839 secundum
3189 1782 3299 1839 hoc
3331 1784 3553 1839 dictum

1907 1885 2035 1926 esse
2089 1871 2277 1927 forma
2322 1872 2473 1927 servi
2508 1873 2697 1943 major
2744 1877 2834 1928 est
2879 1872 3067 1943 Pater,
3112 1872 3205 1928 cui
3237 1874 3423 1929 forma
3453 1872 3550 1928 Dei

1905 1959 2149 2032 aequalis
2191 1966 2282 2016 est
2330 1960 2530 2017 Filius.
2582 1962 2697 2017 Nec
2745 1961 3057 2034 quisquam
3118 1978 3251 2017 cum
3307 1961 3555 2017 audierit

1905 2050 2059 2121 quod
2092 2050 2174 2105 ait
2199 2049 2529 2122 Apostolus,
2562 2050 2696 2106 Cum
2726 2060 2914 2106 autem
2939 2052 3171 2118 dixerit,
3202 2052 3336 2122 quia
3364 2053 3553 2107 omnia

1902 2141 2143 2211 subjecta
2162 2143 2292 2195 sunt
2318 2140 2390 2205 ei,
2421 2142 2775 2211 manifestum
2803 2142 2936 2212 quia
2965 2144 3165 2212 praeter
3185 2158 3311 2197 eum
3338 2144 3435 2213 qui
3467 2142 3556 2197 illi

1902 2228 2133 2297 subjecit
2160 2230 2349 2285 omnia
2376 2229 2421 2297 (Ι
2470 2228 2591 2284 Cor.
2624 2247 2717 2298 xv,
2755 2231 2848 2293 28,
2873 2230 2965 2295 2/1,
2995 2231 3108 2301 27),
3154 2230 3234 2286 ita
3262 2230 3556 2287 existimet

1903 2318 1974 2374 de
2006 2318 2172 2373 Patre
2207 2317 2675 2390 intelligendum,
2706 2318 2861 2391 quod
2894 2318 3207 2389 subjecerit
3235 2320 3434 2375 omnia
3464 2320 3551 2374 Fi-

1900 2406 2001 2473 lio,
2034 2407 2317 2480 utipsum
2342 2407 2553 2464 Filium
2576 2407 2689 2464 sibi
2710 2408 2909 2464 omnia
2942 2407 3265 2479 subjecisse
3296 2425 3409 2464 non
3443 2426 3550 2481 pu-

1898 2497 2167 2563 tet.Quod
2184 2494 2494 2568 Apostolus
2516 2498 2587 2552 ad
2614 2496 3011 2569 Philippenses
3033 2496 3291 2552 ostendit
3307 2495 3507 2553 dicens
3532 2514 3545 2552 ε

1897 2586 2102 2643 Nostra
2129 2594 2315 2642 autem
2342 2587 2679 2642 conversatio
2719 2587 2780 2641 in
2804 2585 2958 2641 cretis
2987 2590 3065 2641 est
3089 2603 3111 2649 ;
3139 2585 3284 2643 unde
3329 2589 3380 2642 et
3426 2587 3550 2642 Sal-

1898 2684 2137 2731 vatorem
2167 2684 2539 2748 exspectamus
2572 2678 2868 2731 Dominum
2896 2680 3092 2731 Jesum
3124 2676 3429 2742 Christum,
3458 2692 3553 2747 qui

1900 2765 2320 2835 transﬁgurabit
2345 2781 2540 2837 corpus
2569 2765 2906 2821 humilitatis
2936 2773 3162 2832 nostrae,
3195 2767 3474 2834 conforme
3492 2752 3558 2821 ut

1898 2854 1997 2924 ﬁat
2025 2856 2242 2925 corpori
2268 2856 2468 2924 gloria?
2494 2868 2633 2921 suae,
2655 2856 2961 2910 secundum
2975 2855 3350 2926 operationem
3364 2871 3545 2922 suam,

1900 2959 2009 3013 qua
2032 2945 2213 3015 possit
2230 2946 2396 2999 etiam
2411 2945 2519 3000 sibi
2543 2944 2811 3015 subjicere
2838 2945 3025 2999 omnia
3052 2944 3317 3015 (Philipp.
3350 2959 3434 3010 ιιι,
3457 2946 3550 3013 20,

1897 3032 2010 3103 2i).
2047 3032 2455 3104 Inseparabilis
2494 3033 2651 3089 enim
2683 3033 2940 3105 operatio
2972 3039 3060 3087 est
3096 3033 3282 3088 Patris
3323 3038 3379 3089 et
3400 3034 3548 3090 Filii.

1900 3120 2173 3193 Alioquin
2206 3138 2312 3178 nec
2344 3122 2467 3193 ipse
2494 3123 2663 3179 Paler
2688 3122 2802 3178 sibi
2822 3122 3307 3193 subjecit,omnia
3336 3124 3435 3179 sed
3470 3124 3548 3178 Fi-

1899 3210 2017 3267 lius
2045 3210 2095 3266 ei
2126 3210 2503 3283 subjecit,qui
2525 3211 2577 3267 ei
2604 3228 2849 3284 regnum
2874 3211 3075 3281 tradit,
3089 3217 3146 3267 et
3174 3218 3416 3267 evacuat
3436 3227 3557 3269 om'

1899 3317 2033 3356 nem
2066 3300 2461 3372 principatum
2483 3308 2540 3356 et
2562 3317 2796 3358 omnem
2821 3306 3164 3373 potestatem
3180 3306 3236 3356 et
3256 3301 3549 3357 virtutem.

1899 3389 1980 3447 De
2010 3390 2151 3445 Filio
2180 3390 2393 3462 quippe
2424 3390 2536 3446 ista
2566 3390 2722 3446 dicta
2769 3395 2906 3446 sunt
2932 3407 2944 3446 :
2980 3394 3118 3447 Cum
3141 3390 3549 3457 tradiderit,in-

1899 3480 2047 3553 quit,
2079 3496 2305 3551 regnum
2336 3481 2437 3535 Deo
2465 3484 2517 3536 et
2564 3481 2746 3545 Patri,
2777 3495 2905 3536 eum
2950 3481 3295 3535 evacuaverit
3334 3495 3550 3534 omnem

1892 3570 2277 3642 principatum
2290 3570 2340 3623 et
2352 3583 2567 3623 onmem
2578 3576 2890 3639 potestatem
2902 3577 2951 3624 et
2964 3569 3240 3624 virtutem.
3252 3570 3381 3640 ipse
3391 3567 3549 3624 enim

1899 3657 2158 3729 subjicit,
2192 3657 2292 3729 qui
2324 3662 2586 3713 evacuat.

1971 3748 2058 3803 16.
2083 3747 2198 3803 Nec
2228 3747 2311 3802 sic
2344 3747 2697 3802 arbitremur
2719 3746 3015 3802 Christum
3064 3746 3421 3804 traditurum
3454 3763 3548 3803 re-

1898 3852 2078 3909 gnum
2113 3837 2227 3892 Deo
2258 3841 2315 3892 et
2344 3836 2520 3896 Patri.
2554 3840 2616 3891 ut
2645 3837 2864 3892 adimat
2886 3837 3020 3892 sibi.
3048 3837 3188 3893 Nam
3210 3843 3267 3893 et
3295 3836 3404 3893 hoc
3424 3838 3551 3909 qui-

1898 3925 2035 3981 dam
2067 3925 2365 3998 vaniloqui
2395 3925 2787 3982 crediderunt.
2821 3927 2964 3984 Cum
2989 3926 3146 3982 enim
3179 3928 3411 3995 dicitur,
3439 3936 3547 3984 tra-

1897 4014 2096 4071 diderit
2125 4032 2357 4087 regnum
2405 4016 2508 4071 Deo
2554 4020 2608 4072 et
2648 4016 2826 4083 Patri,
2876 4033 2989 4071 non
3044 4022 3350 4089 separatur
3385 4016 3549 4089 ipse;

1898 4105 2035 4176 quia
2052 4103 2229 4160 simul
2252 4120 2383 4159 cum
2411 4108 2581 4160 Patre
2609 4121 2763 4161 unus
2786 4105 2936 4160 Deus
2960 4111 3047 4161 est
3092 4106 3198 4160 Sed
3217 4106 3546 4162 divinarum

1897 4194 2332 4267 Scripturarum
2374 4192 2723 4249 incuriosos‘
2769 4199 2826 4249 et
2859 4195 3299 4251 contentionum
3325 4195 3550 4251 studio-

1897 4299 1994 4338 sos
2025 4282 2170 4337 fallit
2200 4284 2439 4337 verbum
2470 4283 2625 4355 quod
2657 4284 2904 4353 positum
2934 4288 3040 4349 est,
3072 4283 3258 4338 donec.
3278 4284 3359 4338 Ita
3384 4300 3548 4338 nam-

1896 4387 2011 4444 que
2043 4373 2335 4443 sequitur,
2371 4370 2767 4439 Oportctcnim
2791 4372 2951 4426 illum
2971 4388 3228 4443 regnare,
3254 4374 3427 4427 donec
3456 4390 3548 4443 po—

1894 4464 1993 4517 nat
2012 4477 2199 4516 omnes
2230 4461 2484 4517 inimicos
2521 4476 2647 4517 suos
2668 4460 2766 4516 sub
2792 4462 3019 4532 pedibus
3059 4463 3171 4516 suis
3207 4462 3251 4534 (Ι
3297 4462 3421 4518 Cor.
3456 4481 3545 4529 xv,

1892 4551 2093 4622 24,25)
2119 4568 2133 4607 :
2157 4556 2436 4621 tanquam
2470 4566 2603 4605 cum
2633 4551 2914 4622 posuerit,
2944 4567 3058 4606 non
3082 4552 3544 4623 sitregnaturus.

1896 4639 2012 4698 Nec
2043 4639 2379 4712 intelligunt
2409 4639 2492 4694 ita
2523 4638 2765 4707 dictum,
2800 4639 2971 4694 sicuti
3003 4646 3093 4695 est
3121 4640 3265 4695 illud
3293 4659 3305 4696 :
3332 4644 3543 4711 Conﬁr-

1892 4737 2102 4784 matum
2123 4734 2200 4784 est
2228 4744 2324 4784 cor
2352 4730 2470 4800 ejus
2496 4745 2517 4789 .·
2545 4744 2658 4784 non
2687 4729 3133 4795 commovebitur,
3164 4729 3330 4786 donec
3372 4731 3547 4786 videat

1891 4834 2057 4890 super
2088 4820 2341 4875 inimicos
2371 4835 2495 4875 suos
2526 4818 2700 4889 (Psal.
2734 4835 2847 4885 CXI,
2903 4820 2978 4892 8).
3029 4819 3153 4875 Non
3204 4818 3359 4874 enim
3411 4836 3543 4874 cum

1892 4907 2119 4979 viderit,
2147 4910 2271 4980 jam
2303 4908 2789 4966 commovebitur.
2809 4908 2954 4975 Quid
2986 4925 3122 4982 ergo
3144 4914 3252 4974 est,
3270 4909 3399 4965 Cum
3420 4912 3541 4965 tra-
3571 4971 3574 4974 ,

1890 4996 2096 5052 diderit
2126 5014 2353 5069 regnum
2385 4999 2491 5053 Deo
2518 5001 2573 5053 et
2600 4999 2800 5053 Patri?
2847 4999 3016 5070 quasi
3062 4999 3230 5054 modo
3270 5014 3387 5053 non
3441 4998 3541 5054 ha-

1892 5086 2024 5142 beat
2055 5104 2299 5160 regnum
2333 5087 2488 5143 Deus
2518 5091 2575 5143 et
2599 5087 2806 5144 Pater?
2838 5088 2946 5145 Sed
2997 5087 3135 5159 quia
3184 5089 3540 5159 omnesjus-

1891 5181 2004 5241 tos,
2037 5176 2096 5231 in
2120 5176 2337 5247 quibus
2370 5193 2526 5232 nunc
2556 5181 2762 5250 regnat
2790 5193 2858 5233 ex
2903 5177 3014 5232 fide
3042 5176 3371 5233 viventibus
3420 5194 3537 5234 me-

1889 5265 2080 5321 diator
2110 5265 2210 5321 Dei
2238 5271 2296 5321 et
2326 5265 2634 5322 hominum
2669 5266 2841 5324 homo
2864 5266 3133 5322 Christus
3178 5270 3372 5336 Jesus,
3406 5284 3539 5340 per-

1888 5354 2173 5411 ducturus
2224 5359 2314 5410 est
2361 5354 2434 5410 ad
2492 5354 2769 5426 speciem,
2819 5370 2999 5426 quam
3054 5353 3341 5410 visionem
3399 5356 3542 5412 dicit

1887 5442 2041 5500 idem
2074 5442 2396 5517 apostolus,
2426 5444 2589 5501 Facie
2618 5442 2688 5499 ad
2727 5445 2930 5515 faciem
2969 5444 3016 5512 (Ι
3062 5442 3183 5499 Cor.
3232 5461 3358 5511 xui,
3407 5447 3535 5518 l2);

1887 5532 1970 5588 ita
2000 5532 2223 5589 dictum
2257 5537 2365 5601 est,
2400 5533 2534 5589 Cum
2564 5532 2850 5589 tradiderit
2878 5549 3114 5607 regnum
3144 5534 3247 5590 Deo
3277 5543 3329 5591 et
3356 5538 3537 5607 Patri,

1887 5638 1954 5679 ac
1978 5622 2028 5678 si
2058 5622 2366 5695 diceretur,
2416 5622 2560 5680 Cum
2595 5623 2930 5695 perduxerit
2961 5623 3261 5680 credentes
3294 5625 3365 5682 ad
3398 5643 3536 5683 con-

1884 5711 2324 5784 templationem
2355 5713 2453 5767 Dei
2484 5716 2541 5767 et
2572 5712 2780 5768 Patris.
2833 5712 2928 5769 Sic
2976 5714 3132 5770 enim
3182 5714 3324 5771 dicit
3359 5732 3372 5771 :
3410 5716 3535 5773 0m-

1884 5802 1985 5858 nia
2010 5801 2154 5858 mihi
2198 5801 2403 5859 tradita
2430 5811 2554 5859 sunt
2606 5820 2641 5859 a
2681 5803 2857 5860 Patre
2887 5820 3006 5865 meo
3038 5822 3055 5866 ;
3084 5808 3139 5865 et
3182 5821 3338 5866 nemo
3384 5810 3539 5865 novit

1949 5901 1968 5939 ι
1994 5898 2081 5953 Sic
2106 5899 2230 5953 Mss.
2267 5899 2408 5953 Editi
2435 5902 2637 5967 autem,
2662 5901 2906 5955 curiosos.
