  <div class='ocr_page' id='page_1' title='image "/cluster/home/n/w/nwhite01/storage/ocr_20150623/42/umn.31951d02850084t/419.png"; bbox 0 0 4040 6484; ppageno 0'>
   <div class='ocr_carea' id='block_1_1' title="bbox 459 382 573 445">
    <p class='ocr_par' dir='ltr' id='par_1_1' title="bbox 459 382 573 445">
     <span class='ocr_line' id='line_1_1' title="bbox 459 382 573 445; baseline -0.018 -1"><span class='ocrx_word' id='word_1_1' title='bbox 459 382 573 445; x_wconf 86' lang='grc'>831</span> 
     </span>
    </p>
   </div>
   <div class='ocr_carea' id='block_1_2' title="bbox 466 513 2102 581">
    <p class='ocr_par' dir='ltr' id='par_1_2' title="bbox 466 513 2102 581">
     <span class='ocr_line' id='line_1_2' title="bbox 466 513 2102 581; baseline -0.002 -11"><span class='ocrx_word' id='word_1_2' title='bbox 466 515 693 578; x_wconf 83' lang='lat' dir='ltr'>Filium,</span> <span class='ocrx_word' id='word_1_3' title='bbox 724 514 836 567; x_wconf 87' lang='lat' dir='ltr'>nisi</span> <span class='ocrx_word' id='word_1_4' title='bbox 863 514 1025 567; x_wconf 83' lang='lat' dir='ltr'>Pater</span> <span class='ocrx_word' id='word_1_5' title='bbox 1049 529 1062 580; x_wconf 90' lang='lat'>;</span> <span class='ocrx_word' id='word_1_6' title='bbox 1090 517 1143 568; x_wconf 86' lang='lat' dir='ltr'>et</span> <span class='ocrx_word' id='word_1_7' title='bbox 1169 528 1325 568; x_wconf 87' lang='lat' dir='ltr'>nemo</span> <span class='ocrx_word' id='word_1_8' title='bbox 1345 514 1497 569; x_wconf 84' lang='lat' dir='ltr'>novit</span> <span class='ocrx_word' id='word_1_9' title='bbox 1521 519 1756 580; x_wconf 80' lang='lat' dir='ltr'>Patrem,</span> <span class='ocrx_word' id='word_1_10' title='bbox 1775 514 1889 567; x_wconf 88' lang='lat' dir='ltr'>nisi</span> <span class='ocrx_word' id='word_1_11' title='bbox 1908 513 2102 581; x_wconf 87' lang='lat' dir='ltr'>Filius,</span> 
     </span>
    </p>
   </div>
   <div class='ocr_carea' id='block_1_3' title="bbox 1563 381 2749 455">
    <p class='ocr_par' dir='ltr' id='par_1_3' title="bbox 1563 381 2749 455">
     <span class='ocr_line' id='line_1_3' title="bbox 1563 381 2749 455; baseline -0.002 -13"><span class='ocrx_word' id='word_1_12' title='bbox 1563 383 1663 443; x_wconf 83' lang='lat' dir='ltr'>DE</span> <span class='ocrx_word' id='word_1_13' title='bbox 1706 381 2163 455; x_wconf 81' lang='lat' dir='ltr'>THINITATE,</span> <span class='ocrx_word' id='word_1_14' title='bbox 2211 382 2277 442; x_wconf 91' lang='lat' dir='ltr'>S.</span> <span class='ocrx_word' id='word_1_15' title='bbox 2322 381 2749 441; x_wconf 82' lang='lat' dir='ltr'>AUGUSTINI</span> 
     </span>
    </p>
   </div>
   <div class='ocr_carea' id='block_1_4' title="bbox 3742 377 3875 437">
    <p class='ocr_par' dir='ltr' id='par_1_4' title="bbox 3742 377 3875 437">
     <span class='ocr_line' id='line_1_4' title="bbox 3742 377 3875 437; baseline 0 0"><span class='ocrx_word' id='word_1_16' title='bbox 3742 377 3875 437; x_wconf 66' lang='lat'>832</span> 
     </span>
    </p>
   </div>
   <div class='ocr_carea' id='block_1_5' title="bbox 2206 508 3869 584">
    <p class='ocr_par' dir='ltr' id='par_1_5' title="bbox 2206 508 3869 584">
     <span class='ocr_line' id='line_1_5' title="bbox 2206 508 3869 584; baseline -0.004 -15"><span class='ocrx_word' id='word_1_17' title='bbox 2206 512 2380 584; x_wconf 85' lang='lat' dir='ltr'>(Joan.</span> <span class='ocrx_word' id='word_1_18' title='bbox 2413 528 2528 579; x_wconf 77' lang='lat' dir='ltr'>xw,</span> <span class='ocrx_word' id='word_1_19' title='bbox 2561 513 2612 576; x_wconf 88' lang='lat'>8,</span> <span class='ocrx_word' id='word_1_20' title='bbox 2648 510 2734 583; x_wconf 89' lang='grc'>10)</span> <span class='ocrx_word' id='word_1_21' title='bbox 2762 514 2786 565; x_wconf 68' lang='grc'><em>9</em></span> <span class='ocrx_word' id='word_1_22' title='bbox 2818 510 3103 579; x_wconf 80' lang='lat' dir='ltr'>Quamdiu</span> <span class='ocrx_word' id='word_1_23' title='bbox 3131 508 3287 565; x_wconf 89' lang='lat' dir='ltr'>enim</span> <span class='ocrx_word' id='word_1_24' title='bbox 3319 525 3511 565; x_wconf 88' lang='lat' dir='ltr'>sumus</span> <span class='ocrx_word' id='word_1_25' title='bbox 3532 509 3591 564; x_wconf 86' lang='lat' dir='ltr'>in</span> <span class='ocrx_word' id='word_1_26' title='bbox 3619 524 3869 581; x_wconf 87' lang='lat' dir='ltr'>corpore,</span> 
     </span>
    </p>
   </div>
   <div class='ocr_carea' id='block_1_6' title="bbox 463 598 3870 672">
    <p class='ocr_par' dir='ltr' id='par_1_6' title="bbox 463 598 3870 672">
     <span class='ocr_line' id='line_1_6' title="bbox 463 598 3870 672; baseline -0.002 -13"><span class='ocrx_word' id='word_1_27' title='bbox 463 609 518 659; x_wconf 87' lang='lat' dir='ltr'>ct</span> <span class='ocrx_word' id='word_1_28' title='bbox 545 605 637 659; x_wconf 89' lang='lat' dir='ltr'>cui</span> <span class='ocrx_word' id='word_1_29' title='bbox 663 604 893 657; x_wconf 79' lang='lat' dir='ltr'>voluerit</span> <span class='ocrx_word' id='word_1_30' title='bbox 933 602 1106 656; x_wconf 86' lang='lat' dir='ltr'>Filius</span> <span class='ocrx_word' id='word_1_31' title='bbox 1146 605 1389 657; x_wconf 82' lang='lat' dir='ltr'>revelare</span> <span class='ocrx_word' id='word_1_32' title='bbox 1425 602 1634 672; x_wconf 77' lang='lat' dir='ltr'>(Matth.</span> <span class='ocrx_word' id='word_1_33' title='bbox 1682 620 1758 668; x_wconf 84' lang='lat' dir='ltr'>x1,</span> <span class='ocrx_word' id='word_1_34' title='bbox 1790 602 1905 672; x_wconf 86' lang='lat'>27).</span> <span class='ocrx_word' id='word_1_35' title='bbox 1941 602 2105 656; x_wconf 92' lang='lat' dir='ltr'>Tunc</span> <span class='ocrx_word' id='word_1_36' title='bbox 2206 603 2629 672; x_wconf 84' lang='lat' dir='ltr'>peregrimanur</span> <span class='ocrx_word' id='word_1_37' title='bbox 2658 618 2691 655; x_wconf 93' lang='lat' dir='ltr'>a</span> <span class='ocrx_word' id='word_1_38' title='bbox 2725 600 2971 655; x_wconf 84' lang='lat' dir='ltr'>Domino.</span> <span class='ocrx_word' id='word_1_39' title='bbox 2998 600 3103 654; x_wconf 90' lang='lat' dir='ltr'>Per</span> <span class='ocrx_word' id='word_1_40' title='bbox 3125 598 3288 669; x_wconf 79' lang='lat' dir='ltr'>ﬁdem</span> <span class='ocrx_word' id='word_1_41' title='bbox 3312 601 3460 653; x_wconf 87' lang='lat' dir='ltr'>enim</span> <span class='ocrx_word' id='word_1_42' title='bbox 3485 598 3870 664; x_wconf 81' lang='lat' dir='ltr'>ambulamus,</span> 
     </span>
    </p>
   </div>
   <div class='ocr_carea' id='block_1_7' title="bbox 466 690 2104 761">
    <p class='ocr_par' dir='ltr' id='par_1_7' title="bbox 466 690 2104 761">
     <span class='ocr_line' id='line_1_7' title="bbox 466 690 2104 761; baseline -0.002 -15"><span class='ocrx_word' id='word_1_43' title='bbox 466 690 1015 747; x_wconf 83' lang='lat' dir='ltr'>revelabituraFilio</span> <span class='ocrx_word' id='word_1_44' title='bbox 1032 690 1344 755; x_wconf 89' lang='lat' dir='ltr'>Pater,cum</span> <span class='ocrx_word' id='word_1_45' title='bbox 1360 692 1703 746; x_wconf 87' lang='lat' dir='ltr'>evacuaverit</span> <span class='ocrx_word' id='word_1_46' title='bbox 1717 708 1934 745; x_wconf 89' lang='lat' dir='ltr'>omnem</span> <span class='ocrx_word' id='word_1_47' title='bbox 1940 692 2104 761; x_wconf 86' lang='lat' dir='ltr'>prin-</span> 
     </span>
    </p>
   </div>
   <div class='ocr_carea' id='block_1_8' title="bbox 460 779 2108 852">
    <p class='ocr_par' dir='ltr' id='par_1_8' title="bbox 460 779 2108 852">
     <span class='ocr_line' id='line_1_8' title="bbox 460 779 2108 852; baseline -0.003 -16"><span class='ocrx_word' id='word_1_48' title='bbox 460 783 709 852; x_wconf 85' lang='lat' dir='ltr'>eipatum</span> <span class='ocrx_word' id='word_1_49' title='bbox 728 783 778 834; x_wconf 91' lang='lat' dir='ltr'>et</span> <span class='ocrx_word' id='word_1_50' title='bbox 810 796 1025 834; x_wconf 86' lang='lat' dir='ltr'>omnem</span> <span class='ocrx_word' id='word_1_51' title='bbox 1052 783 1370 851; x_wconf 88' lang='lat' dir='ltr'>potestatem</span> <span class='ocrx_word' id='word_1_52' title='bbox 1400 790 1451 835; x_wconf 89' lang='lat' dir='ltr'>et</span> <span class='ocrx_word' id='word_1_53' title='bbox 1481 783 1771 847; x_wconf 77' lang='lat' dir='ltr'>virtutem;</span> <span class='ocrx_word' id='word_1_54' title='bbox 1811 779 1865 833; x_wconf 92' lang='lat' dir='ltr'>id</span> <span class='ocrx_word' id='word_1_55' title='bbox 1899 784 2007 845; x_wconf 89' lang='lat' dir='ltr'>est,</span> <span class='ocrx_word' id='word_1_56' title='bbox 2042 782 2108 832; x_wconf 88' lang='lat' dir='ltr'>ut</span> 
     </span>
    </p>
   </div>
   <div class='ocr_carea' id='block_1_9' title="bbox 460 868 2107 939">
    <p class='ocr_par' dir='ltr' id='par_1_9' title="bbox 460 868 2107 939">
     <span class='ocr_line' id='line_1_9' title="bbox 460 868 2107 939; baseline -0.002 -15"><span class='ocrx_word' id='word_1_57' title='bbox 460 869 789 924; x_wconf 87' lang='lat' dir='ltr'>necessaria</span> <span class='ocrx_word' id='word_1_58' title='bbox 820 885 933 922; x_wconf 90' lang='lat' dir='ltr'>non</span> <span class='ocrx_word' id='word_1_59' title='bbox 983 869 1056 922; x_wconf 88' lang='lat' dir='ltr'>sit</span> <span class='ocrx_word' id='word_1_60' title='bbox 1104 868 1465 939; x_wconf 81' lang='lat' dir='ltr'>dispensatio</span> <span class='ocrx_word' id='word_1_61' title='bbox 1513 868 1967 923; x_wconf 72' lang='lat' dir='ltr'>similitudinum</span> <span class='ocrx_word' id='word_1_62' title='bbox 2004 883 2107 937; x_wconf 89' lang='lat' dir='ltr'>per</span> 
     </span>
    </p>
   </div>
   <div class='ocr_carea' id='block_1_10' title="bbox 460 956 2109 1030">
    <p class='ocr_par' dir='ltr' id='par_1_10' title="bbox 460 956 2109 1030">
     <span class='ocr_line' id='line_1_10' title="bbox 460 956 2109 1030; baseline -0.003 -16"><span class='ocrx_word' id='word_1_63' title='bbox 460 958 754 1030; x_wconf 78' lang='lat' dir='ltr'>angelicas</span> <span class='ocrx_word' id='word_1_64' title='bbox 785 958 1150 1028; x_wconf 83' lang='lat' dir='ltr'>principatus</span> <span class='ocrx_word' id='word_1_65' title='bbox 1182 964 1238 1012; x_wconf 90' lang='lat' dir='ltr'>et</span> <span class='ocrx_word' id='word_1_66' title='bbox 1269 962 1585 1030; x_wconf 82' lang='lat' dir='ltr'>potestates</span> <span class='ocrx_word' id='word_1_67' title='bbox 1629 962 1686 1011; x_wconf 89' lang='lat' dir='ltr'>et</span> <span class='ocrx_word' id='word_1_68' title='bbox 1732 957 1995 1011; x_wconf 81' lang='lat' dir='ltr'>virtutes.</span> <span class='ocrx_word' id='word_1_69' title='bbox 2030 956 2109 1009; x_wconf 83' lang='lat' dir='ltr'>Ex</span> 
     </span>
    </p>
   </div>
   <div class='ocr_carea' id='block_1_11' title="bbox 464 1045 2111 1119">
    <p class='ocr_par' dir='ltr' id='par_1_11' title="bbox 464 1045 2111 1119">
     <span class='ocr_line' id='line_1_11' title="bbox 464 1045 2111 1119; baseline -0.002 -18"><span class='ocrx_word' id='word_1_70' title='bbox 464 1063 715 1119; x_wconf 85' lang='lat' dir='ltr'>quarum</span> <span class='ocrx_word' id='word_1_71' title='bbox 746 1062 995 1117; x_wconf 80' lang='lat' dir='ltr'>persona</span> <span class='ocrx_word' id='word_1_72' title='bbox 1026 1064 1140 1100; x_wconf 91' lang='lat' dir='ltr'>non</span> <span class='ocrx_word' id='word_1_73' title='bbox 1173 1045 2006 1117; x_wconf 86' lang='lat' dir='ltr'>inconvenienterintelligitur</span> <span class='ocrx_word' id='word_1_74' title='bbox 2027 1045 2111 1099; x_wconf 89' lang='lat' dir='ltr'>di-</span> 
     </span>
    </p>
   </div>
   <div class='ocr_carea' id='block_1_12' title="bbox 465 1133 2107 1207">
    <p class='ocr_par' dir='ltr' id='par_1_12' title="bbox 465 1133 2107 1207">
     <span class='ocr_line' id='line_1_12' title="bbox 465 1133 2107 1207; baseline -0.003 -15"><span class='ocrx_word' id='word_1_75' title='bbox 465 1137 513 1192; x_wconf 91' lang='lat' dir='ltr'>ci</span> <span class='ocrx_word' id='word_1_76' title='bbox 545 1136 603 1190; x_wconf 89' lang='lat' dir='ltr'>in</span> <span class='ocrx_word' id='word_1_77' title='bbox 648 1136 885 1190; x_wconf 88' lang='lat' dir='ltr'>Cantico</span> <span class='ocrx_word' id='word_1_78' title='bbox 932 1136 1291 1191; x_wconf 80' lang='lat' dir='ltr'>canticorum</span> <span class='ocrx_word' id='word_1_79' title='bbox 1329 1136 1401 1190; x_wconf 89' lang='lat' dir='ltr'>ad</span> <span class='ocrx_word' id='word_1_80' title='bbox 1433 1152 1729 1207; x_wconf 83' lang='lat' dir='ltr'>sponsam,</span> <span class='ocrx_word' id='word_1_81' title='bbox 1773 1133 2107 1189; x_wconf 86' lang='lat' dir='ltr'>Similitudi-</span> 
     </span>
    </p>
   </div>
   <div class='ocr_carea' id='block_1_13' title="bbox 474 1223 2108 1294">
    <p class='ocr_par' dir='ltr' id='par_1_13' title="bbox 474 1223 2108 1294">
     <span class='ocr_line' id='line_1_13' title="bbox 474 1223 2108 1294; baseline -0.002 -14"><span class='ocrx_word' id='word_1_82' title='bbox 474 1241 573 1280; x_wconf 88' lang='lat' dir='ltr'>nes</span> <span class='ocrx_word' id='word_1_83' title='bbox 600 1225 728 1279; x_wconf 89' lang='lat' dir='ltr'>auri</span> <span class='ocrx_word' id='word_1_84' title='bbox 760 1226 1025 1294; x_wconf 73' lang='lat' dir='ltr'>faciemus</span> <span class='ocrx_word' id='word_1_85' title='bbox 1081 1224 1182 1278; x_wconf 88' lang='lat' dir='ltr'>tibi</span> <span class='ocrx_word' id='word_1_86' title='bbox 1220 1239 1345 1278; x_wconf 88' lang='lat' dir='ltr'>cum</span> <span class='ocrx_word' id='word_1_87' title='bbox 1382 1223 1820 1278; x_wconf 76' lang='lat' dir='ltr'>distinctionibus</span> <span class='ocrx_word' id='word_1_88' title='bbox 1872 1223 2108 1291; x_wconf 78' lang='lat' dir='ltr'>argenti,</span> 
     </span>
    </p>
   </div>
   <div class='ocr_carea' id='block_1_14' title="bbox 465 1312 2108 1386">
    <p class='ocr_par' dir='ltr' id='par_1_14' title="bbox 465 1312 2108 1386">
     <span class='ocr_line' id='line_1_14' title="bbox 465 1312 2108 1386; baseline -0.002 -18"><span class='ocrx_word' id='word_1_89' title='bbox 465 1314 811 1386; x_wconf 76' lang='lat' dir='ltr'>quoadusque</span> <span class='ocrx_word' id='word_1_90' title='bbox 838 1329 940 1367; x_wconf 70' lang='lat' dir='ltr'>rere</span> <span class='ocrx_word' id='word_1_91' title='bbox 982 1314 1039 1365; x_wconf 89' lang='lat' dir='ltr'>in</span> <span class='ocrx_word' id='word_1_92' title='bbox 1071 1313 1318 1366; x_wconf 78' lang='lat' dir='ltr'>recubitu</span> <span class='ocrx_word' id='word_1_93' title='bbox 1347 1327 1441 1366; x_wconf 86' lang='lat' dir='ltr'>suo</span> <span class='ocrx_word' id='word_1_94' title='bbox 1491 1316 1572 1366; x_wconf 86' lang='lat' dir='ltr'>est</span> <span class='ocrx_word' id='word_1_95' title='bbox 1600 1312 1780 1382; x_wconf 83' lang='lat' dir='ltr'>(Cant.</span> <span class='ocrx_word' id='word_1_96' title='bbox 1814 1328 1854 1379; x_wconf 83' lang='grc' dir='ltr'>ι,</span> <span class='ocrx_word' id='word_1_97' title='bbox 1889 1312 1975 1375; x_wconf 89' lang='grc'>11,</span> <span class='ocrx_word' id='word_1_98' title='bbox 2002 1326 2108 1365; x_wconf 87' lang='lat' dir='ltr'>sec.</span> 
     </span>
    </p>
   </div>
   <div class='ocr_carea' id='block_1_15' title="bbox 468 1400 2112 1474">
    <p class='ocr_par' dir='ltr' id='par_1_15' title="bbox 468 1400 2112 1474">
     <span class='ocr_line' id='line_1_15' title="bbox 468 1400 2112 1474; baseline -0.002 -16"><span class='ocrx_word' id='word_1_99' title='bbox 468 1403 632 1474; x_wconf 81' lang='lat' dir='ltr'>LXX)</span> <span class='ocrx_word' id='word_1_100' title='bbox 660 1419 673 1457; x_wconf 91' lang='lat'>:</span> <span class='ocrx_word' id='word_1_101' title='bbox 702 1402 759 1455; x_wconf 90' lang='lat' dir='ltr'>id</span> <span class='ocrx_word' id='word_1_102' title='bbox 793 1406 900 1465; x_wconf 87' lang='lat' dir='ltr'>est,</span> <span class='ocrx_word' id='word_1_103' title='bbox 935 1400 1319 1472; x_wconf 84' lang='lat' dir='ltr'>quoadusque</span> <span class='ocrx_word' id='word_1_104' title='bbox 1367 1400 1635 1455; x_wconf 82' lang='lat' dir='ltr'>Christus</span> <span class='ocrx_word' id='word_1_105' title='bbox 1665 1400 1724 1455; x_wconf 90' lang='lat' dir='ltr'>in</span> <span class='ocrx_word' id='word_1_106' title='bbox 1758 1404 1975 1454; x_wconf 83' lang='lat' dir='ltr'>secreto</span> <span class='ocrx_word' id='word_1_107' title='bbox 2006 1414 2112 1454; x_wconf 89' lang='lat' dir='ltr'>suo</span> 
     </span>
    </p>
   </div>
   <div class='ocr_carea' id='block_1_16' title="bbox 467 1488 2114 1562">
    <p class='ocr_par' dir='ltr' id='par_1_16' title="bbox 467 1488 2114 1562">
     <span class='ocr_line' id='line_1_16' title="bbox 467 1488 2114 1562; baseline -0.004 -14"><span class='ocrx_word' id='word_1_108' title='bbox 467 1496 585 1558; x_wconf 87' lang='lat' dir='ltr'>est;</span> <span class='ocrx_word' id='word_1_109' title='bbox 620 1490 756 1562; x_wconf 85' lang='lat' dir='ltr'>quia</span> <span class='ocrx_word' id='word_1_110' title='bbox 788 1492 897 1544; x_wconf 81' lang='lat' dir='ltr'>vita</span> <span class='ocrx_word' id='word_1_111' title='bbox 949 1494 1125 1544; x_wconf 85' lang='lat' dir='ltr'>vestra</span> <span class='ocrx_word' id='word_1_112' title='bbox 1165 1490 1479 1545; x_wconf 86' lang='lat' dir='ltr'>abscondita</span> <span class='ocrx_word' id='word_1_113' title='bbox 1528 1498 1607 1544; x_wconf 86' lang='lat' dir='ltr'>est</span> <span class='ocrx_word' id='word_1_114' title='bbox 1650 1506 1776 1544; x_wconf 89' lang='lat' dir='ltr'>cum</span> <span class='ocrx_word' id='word_1_115' title='bbox 1812 1488 2023 1543; x_wconf 84' lang='lat' dir='ltr'>Christo</span> <span class='ocrx_word' id='word_1_116' title='bbox 2054 1489 2114 1542; x_wconf 89' lang='lat' dir='ltr'>in</span> 
     </span>
    </p>
   </div>
   <div class='ocr_carea' id='block_1_17' title="bbox 468 1579 2117 1650">
    <p class='ocr_par' dir='ltr' id='par_1_17' title="bbox 468 1579 2117 1650">
     <span class='ocr_line' id='line_1_17' title="bbox 468 1579 2117 1650; baseline -0.003 -13"><span class='ocrx_word' id='word_1_117' title='bbox 468 1582 574 1637; x_wconf 92' lang='lat' dir='ltr'>Deo</span> <span class='ocrx_word' id='word_1_118' title='bbox 608 1596 620 1634; x_wconf 91' lang='lat'>:</span> <span class='ocrx_word' id='word_1_119' title='bbox 653 1596 774 1634; x_wconf 89' lang='lat' dir='ltr'>cum</span> <span class='ocrx_word' id='word_1_120' title='bbox 800 1579 1079 1633; x_wconf 63' lang='lat' dir='ltr'>Christus‘</span> <span class='ocrx_word' id='word_1_121' title='bbox 1114 1581 1435 1650; x_wconf 79' lang='lat' dir='ltr'>apparuerit</span> <span class='ocrx_word' id='word_1_122' title='bbox 1480 1581 1593 1634; x_wconf 82' lang='lat' dir='ltr'>vita</span> <span class='ocrx_word' id='word_1_123' title='bbox 1642 1583 1848 1643; x_wconf 82' lang='lat' dir='ltr'>vestra,</span> <span class='ocrx_word' id='word_1_124' title='bbox 1890 1580 2022 1631; x_wconf 89' lang='lat' dir='ltr'>tunc</span> <span class='ocrx_word' id='word_1_125' title='bbox 2066 1584 2117 1632; x_wconf 90' lang='lat' dir='ltr'>et</span> 
     </span>
    </p>
   </div>
   <div class='ocr_carea' id='block_1_18' title="bbox 465 1666 2113 1739">
    <p class='ocr_par' dir='ltr' id='par_1_18' title="bbox 465 1666 2113 1739">
     <span class='ocr_line' id='line_1_18' title="bbox 465 1666 2113 1739; baseline -0.004 -13"><span class='ocrx_word' id='word_1_126' title='bbox 465 1686 556 1726; x_wconf 84' lang='lat' dir='ltr'>vos</span> <span class='ocrx_word' id='word_1_127' title='bbox 585 1685 711 1724; x_wconf 87' lang='lat' dir='ltr'>cum</span> <span class='ocrx_word' id='word_1_128' title='bbox 739 1669 856 1737; x_wconf 88' lang='lat' dir='ltr'>ipso</span> <span class='ocrx_word' id='word_1_129' title='bbox 898 1668 1232 1738; x_wconf 88' lang='lat' dir='ltr'>apparebitis</span> <span class='ocrx_word' id='word_1_130' title='bbox 1262 1670 1321 1720; x_wconf 88' lang='lat' dir='ltr'>in</span> <span class='ocrx_word' id='word_1_131' title='bbox 1351 1669 1538 1735; x_wconf 85' lang='lat' dir='ltr'>gloria</span> <span class='ocrx_word' id='word_1_132' title='bbox 1567 1667 1791 1739; x_wconf 83' lang='lat' dir='ltr'>(Coloss.</span> <span class='ocrx_word' id='word_1_133' title='bbox 1825 1683 1911 1731; x_wconf 86' lang='lat' dir='ltr'>In,</span> <span class='ocrx_word' id='word_1_134' title='bbox 1950 1666 2003 1734; x_wconf 88' lang='lat'><strong><em>3,</em></strong></span> <span class='ocrx_word' id='word_1_135' title='bbox 2036 1666 2113 1734; x_wconf 85' lang='grc'>4).</span> 
     </span>
    </p>
   </div>
   <div class='ocr_carea' id='block_1_19' title="bbox 467 1756 2117 1828">
    <p class='ocr_par' dir='ltr' id='par_1_19' title="bbox 467 1756 2117 1828">
     <span class='ocr_line' id='line_1_19' title="bbox 467 1756 2117 1828; baseline 0 -19"><span class='ocrx_word' id='word_1_136' title='bbox 467 1759 626 1822; x_wconf 81' lang='lat' dir='ltr'>Quod</span> <span class='ocrx_word' id='word_1_137' title='bbox 677 1762 990 1828; x_wconf 82' lang='lat' dir='ltr'>antequam</span> <span class='ocrx_word' id='word_1_138' title='bbox 1037 1757 1156 1825; x_wconf 80' lang='lat' dir='ltr'>fiat,</span> <span class='ocrx_word' id='word_1_139' title='bbox 1206 1756 1451 1811; x_wconf 87' lang='lat' dir='ltr'>videmus</span> <span class='ocrx_word' id='word_1_140' title='bbox 1505 1773 1651 1812; x_wconf 88' lang='lat' dir='ltr'>nunc</span> <span class='ocrx_word' id='word_1_141' title='bbox 1694 1772 1791 1827; x_wconf 87' lang='lat' dir='ltr'>per</span> <span class='ocrx_word' id='word_1_142' title='bbox 1836 1757 2117 1820; x_wconf 84' lang='lat' dir='ltr'>speculum</span> 
     </span>
    </p>
   </div>
   <div class='ocr_carea' id='block_1_20' title="bbox 467 1844 2117 1916">
    <p class='ocr_par' dir='ltr' id='par_1_20' title="bbox 467 1844 2117 1916">
     <span class='ocr_line' id='line_1_20' title="bbox 467 1844 2117 1916; baseline -0.003 -13"><span class='ocrx_word' id='word_1_143' title='bbox 467 1850 528 1903; x_wconf 87' lang='lat' dir='ltr'>in</span> <span class='ocrx_word' id='word_1_144' title='bbox 582 1848 896 1916; x_wconf 61' lang='lat' dir='ltr'>migmate,</span> <span class='ocrx_word' id='word_1_145' title='bbox 939 1845 1047 1900; x_wconf 88' lang='lat' dir='ltr'>hoc</span> <span class='ocrx_word' id='word_1_146' title='bbox 1078 1850 1165 1900; x_wconf 82' lang='lat' dir='ltr'>est</span> <span class='ocrx_word' id='word_1_147' title='bbox 1193 1844 1253 1899; x_wconf 91' lang='lat' dir='ltr'>in</span> <span class='ocrx_word' id='word_1_148' title='bbox 1286 1844 1808 1912; x_wconf 84' lang='lat' dir='ltr'>similitudinibus;</span> <span class='ocrx_word' id='word_1_149' title='bbox 1851 1849 1980 1899; x_wconf 90' lang='lat' dir='ltr'>tunc</span> <span class='ocrx_word' id='word_1_150' title='bbox 2012 1861 2117 1899; x_wconf 90' lang='lat' dir='ltr'>au-</span> 
     </span>
    </p>
   </div>
   <div class='ocr_carea' id='block_1_21' title="bbox 471 1933 1620 2006">
    <p class='ocr_par' dir='ltr' id='par_1_21' title="bbox 471 1933 1620 2006">
     <span class='ocr_line' id='line_1_21' title="bbox 471 1933 1620 2006; baseline -0.003 -15"><span class='ocrx_word' id='word_1_151' title='bbox 471 1939 598 2005; x_wconf 88' lang='lat' dir='ltr'>tem,</span> <span class='ocrx_word' id='word_1_152' title='bbox 632 1936 779 2006; x_wconf 75' lang='lat' dir='ltr'>[acie</span> <span class='ocrx_word' id='word_1_153' title='bbox 822 1933 892 1988; x_wconf 90' lang='lat' dir='ltr'>ad</span> <span class='ocrx_word' id='word_1_154' title='bbox 922 1938 1118 1994; x_wconf 79' lang='lat' dir='ltr'>[aciem</span> <span class='ocrx_word' id='word_1_155' title='bbox 1145 1936 1192 2002; x_wconf 91' lang='grc' dir='ltr'>(Ι</span> <span class='ocrx_word' id='word_1_156' title='bbox 1232 1937 1486 2001; x_wconf 79' lang='lat' dir='ltr'>COT.XIII,</span> <span class='ocrx_word' id='word_1_157' title='bbox 1513 1934 1620 2004; x_wconf 92' lang='grc'>12).</span> 
     </span>
    </p>
   </div>
   <div class='ocr_carea' id='block_1_22' title="bbox 541 2074 2123 2147">
    <p class='ocr_par' dir='ltr' id='par_1_22' title="bbox 541 2074 2123 2147">
     <span class='ocr_line' id='line_1_22' title="bbox 541 2074 2123 2147; baseline -0.003 -14"><span class='ocrx_word' id='word_1_158' title='bbox 541 2078 624 2133; x_wconf 84' lang='grc'>1⁸7.</span> <span class='ocrx_word' id='word_1_159' title='bbox 664 2077 791 2132; x_wconf 62' lang='lat' dir='ltr'>Haec</span> <span class='ocrx_word' id='word_1_160' title='bbox 820 2076 975 2132; x_wconf 90' lang='lat' dir='ltr'>enim</span> <span class='ocrx_word' id='word_1_161' title='bbox 1005 2074 1174 2131; x_wconf 92' lang='lat' dir='ltr'>nobis</span> <span class='ocrx_word' id='word_1_162' title='bbox 1208 2074 1617 2147; x_wconf 77' lang='lat' dir='ltr'>contemplatio</span> <span class='ocrx_word' id='word_1_163' title='bbox 1649 2074 2011 2147; x_wconf 81' lang='lat' dir='ltr'>promittitur</span> <span class='ocrx_word' id='word_1_164' title='bbox 2030 2090 2123 2129; x_wconf 82' lang='lat' dir='ltr'>ac~</span> 
     </span>
    </p>
   </div>
   <div class='ocr_carea' id='block_1_23' title="bbox 468 2163 2121 2236">
    <p class='ocr_par' dir='ltr' id='par_1_23' title="bbox 468 2163 2121 2236">
     <span class='ocr_line' id='line_1_23' title="bbox 468 2163 2121 2236; baseline -0.002 -14"><span class='ocrx_word' id='word_1_165' title='bbox 468 2166 695 2222; x_wconf 89' lang='lat' dir='ltr'>tionum</span> <span class='ocrx_word' id='word_1_166' title='bbox 729 2165 992 2219; x_wconf 88' lang='lat' dir='ltr'>omnium</span> <span class='ocrx_word' id='word_1_167' title='bbox 1022 2163 1157 2219; x_wconf 83' lang='lat' dir='ltr'>ﬁnis</span> <span class='ocrx_word' id='word_1_168' title='bbox 1188 2168 1361 2236; x_wconf 88' lang='lat' dir='ltr'>atque</span> <span class='ocrx_word' id='word_1_169' title='bbox 1391 2173 1604 2220; x_wconf 72' lang='lat' dir='ltr'>aeterna</span> <span class='ocrx_word' id='word_1_170' title='bbox 1652 2164 1928 2236; x_wconf 82' lang='lat' dir='ltr'>perfectio</span> <span class='ocrx_word' id='word_1_171' title='bbox 1978 2179 2121 2235; x_wconf 89' lang='lat' dir='ltr'>gau-</span> 
     </span>
    </p>
   </div>
   <div class='ocr_carea' id='block_1_24' title="bbox 470 2254 2124 2325">
    <p class='ocr_par' dir='ltr' id='par_1_24' title="bbox 470 2254 2124 2325">
     <span class='ocr_line' id='line_1_24' title="bbox 470 2254 2124 2325; baseline -0.002 -13"><span class='ocrx_word' id='word_1_172' title='bbox 470 2258 722 2312; x_wconf 89' lang='lat' dir='ltr'>diorum.</span> <span class='ocrx_word' id='word_1_173' title='bbox 756 2256 888 2310; x_wconf 81' lang='lat' dir='ltr'><strong><em>Filii</em></strong></span> <span class='ocrx_word' id='word_1_174' title='bbox 916 2254 1069 2310; x_wconf 91' lang='lat' dir='ltr'>enim</span> <span class='ocrx_word' id='word_1_175' title='bbox 1101 2256 1200 2310; x_wconf 86' lang='lat' dir='ltr'>Dei</span> <span class='ocrx_word' id='word_1_176' title='bbox 1244 2272 1456 2323; x_wconf 86' lang='lat' dir='ltr'>sumus,</span> <span class='ocrx_word' id='word_1_177' title='bbox 1495 2258 1544 2310; x_wconf 86' lang='lat' dir='ltr'>et</span> <span class='ocrx_word' id='word_1_178' title='bbox 1571 2255 1812 2310; x_wconf 89' lang='lat' dir='ltr'>nondum</span> <span class='ocrx_word' id='word_1_179' title='bbox 1864 2256 2124 2325; x_wconf 78' lang='lat' dir='ltr'>apparuit</span> 
     </span>
    </p>
   </div>
   <div class='ocr_carea' id='block_1_25' title="bbox 470 2343 2125 2418">
    <p class='ocr_par' dir='ltr' id='par_1_25' title="bbox 470 2343 2125 2418">
     <span class='ocr_line' id='line_1_25' title="bbox 470 2343 2125 2418; baseline -0.002 -17"><span class='ocrx_word' id='word_1_180' title='bbox 470 2346 604 2418; x_wconf 88' lang='lat' dir='ltr'>quid</span> <span class='ocrx_word' id='word_1_181' title='bbox 624 2346 827 2401; x_wconf 81' lang='lat' dir='ltr'>erimus</span> <span class='ocrx_word' id='word_1_182' title='bbox 855 2362 874 2400; x_wconf 91' lang='lat'>:</span> <span class='ocrx_word' id='word_1_183' title='bbox 904 2346 1102 2400; x_wconf 87' lang='lat' dir='ltr'>scimus</span> <span class='ocrx_word' id='word_1_184' title='bbox 1151 2346 1280 2417; x_wconf 89' lang='lat' dir='ltr'>quia</span> <span class='ocrx_word' id='word_1_185' title='bbox 1309 2361 1432 2400; x_wconf 89' lang='lat' dir='ltr'>cum</span> <span class='ocrx_word' id='word_1_186' title='bbox 1469 2347 1787 2413; x_wconf 86' lang='lat' dir='ltr'>apparuerit</span> <span class='ocrx_word' id='word_1_187' title='bbox 1814 2343 2034 2399; x_wconf 82' lang='lat' dir='ltr'>similes</span> <span class='ocrx_word' id='word_1_188' title='bbox 2071 2345 2125 2398; x_wconf 90' lang='lat' dir='ltr'>ei</span> 
     </span>
    </p>
   </div>
   <div class='ocr_carea' id='block_1_26' title="bbox 470 2433 2119 2505">
    <p class='ocr_par' dir='ltr' id='par_1_26' title="bbox 470 2433 2119 2505">
     <span class='ocr_line' id='line_1_26' title="bbox 470 2433 2119 2505; baseline -0.003 -15"><span class='ocrx_word' id='word_1_189' title='bbox 470 2437 702 2502; x_wconf 86' lang='lat' dir='ltr'>erimus,</span> <span class='ocrx_word' id='word_1_190' title='bbox 754 2436 1017 2505; x_wconf 89' lang='lat' dir='ltr'>quoniam</span> <span class='ocrx_word' id='word_1_191' title='bbox 1054 2434 1360 2489; x_wconf 84' lang='lat' dir='ltr'>videbimus</span> <span class='ocrx_word' id='word_1_192' title='bbox 1387 2451 1516 2489; x_wconf 90' lang='lat' dir='ltr'>eum</span> <span class='ocrx_word' id='word_1_193' title='bbox 1553 2434 1725 2489; x_wconf 80' lang='lat' dir='ltr'>sicuti</span> <span class='ocrx_word' id='word_1_194' title='bbox 1769 2442 1851 2489; x_wconf 86' lang='lat' dir='ltr'>est</span> <span class='ocrx_word' id='word_1_195' title='bbox 1882 2433 1924 2504; x_wconf 81' lang='grc' dir='ltr'>(Ι</span> <span class='ocrx_word' id='word_1_196' title='bbox 1951 2436 2119 2489; x_wconf 90' lang='lat' dir='ltr'>Joan.</span> 
     </span>
    </p>
   </div>
   <div class='ocr_carea' id='block_1_27' title="bbox 470 2522 2124 2595">
    <p class='ocr_par' dir='ltr' id='par_1_27' title="bbox 470 2522 2124 2595">
     <span class='ocr_line' id='line_1_27' title="bbox 470 2522 2124 2595; baseline -0.002 -15"><span class='ocrx_word' id='word_1_197' title='bbox 470 2540 556 2588; x_wconf 87' lang='lat' dir='ltr'>III,</span> <span class='ocrx_word' id='word_1_198' title='bbox 587 2524 665 2595; x_wconf 85' lang='lat'>2).</span> <span class='ocrx_word' id='word_1_199' title='bbox 699 2523 858 2587; x_wconf 87' lang='lat' dir='ltr'>Quod</span> <span class='ocrx_word' id='word_1_200' title='bbox 892 2522 1048 2577; x_wconf 90' lang='lat' dir='ltr'>enim</span> <span class='ocrx_word' id='word_1_201' title='bbox 1080 2523 1228 2577; x_wconf 85' lang='lat' dir='ltr'>dixit</span> <span class='ocrx_word' id='word_1_202' title='bbox 1258 2522 1473 2578; x_wconf 84' lang='lat' dir='ltr'>famulo</span> <span class='ocrx_word' id='word_1_203' title='bbox 1504 2540 1608 2578; x_wconf 89' lang='lat' dir='ltr'>suo</span> <span class='ocrx_word' id='word_1_204' title='bbox 1640 2524 1842 2595; x_wconf 81' lang='lat' dir='ltr'>Moysi,</span> <span class='ocrx_word' id='word_1_205' title='bbox 1868 2525 1982 2593; x_wconf 85' lang='lat' dir='ltr'>Ego</span> <span class='ocrx_word' id='word_1_206' title='bbox 2001 2538 2124 2577; x_wconf 90' lang='lat' dir='ltr'>sum</span> 
     </span>
    </p>
   </div>
   <div class='ocr_carea' id='block_1_28' title="bbox 471 2610 2124 2686">
    <p class='ocr_par' dir='ltr' id='par_1_28' title="bbox 471 2610 2124 2686">
     <span class='ocr_line' id='line_1_28' title="bbox 471 2610 2124 2686; baseline -0.001 -18"><span class='ocrx_word' id='word_1_207' title='bbox 471 2614 569 2686; x_wconf 86' lang='lat' dir='ltr'>qui</span> <span class='ocrx_word' id='word_1_208' title='bbox 591 2629 728 2667; x_wconf 87' lang='lat' dir='ltr'>sum.</span> <span class='ocrx_word' id='word_1_209' title='bbox 764 2613 889 2668; x_wconf 69' lang='lat' dir='ltr'>Haec</span> <span class='ocrx_word' id='word_1_210' title='bbox 918 2612 1061 2667; x_wconf 86' lang='lat' dir='ltr'>dices</span> <span class='ocrx_word' id='word_1_211' title='bbox 1090 2612 1225 2682; x_wconf 82' lang='lat' dir='ltr'>ﬁliis</span> <span class='ocrx_word' id='word_1_212' title='bbox 1252 2613 1420 2667; x_wconf 78' lang='lat' dir='ltr'>Israel</span> <span class='ocrx_word' id='word_1_213' title='bbox 1450 2632 1469 2666; x_wconf 89' lang='lat'>:</span> <span class='ocrx_word' id='word_1_214' title='bbox 1502 2613 1607 2681; x_wconf 87' lang='lat' dir='ltr'>Qui</span> <span class='ocrx_word' id='word_1_215' title='bbox 1635 2622 1732 2679; x_wconf 91' lang='lat' dir='ltr'>est,</span> <span class='ocrx_word' id='word_1_216' title='bbox 1759 2613 1913 2666; x_wconf 84' lang='lat' dir='ltr'>misit</span> <span class='ocrx_word' id='word_1_217' title='bbox 1942 2627 2025 2666; x_wconf 89' lang='lat' dir='ltr'>me</span> <span class='ocrx_word' id='word_1_218' title='bbox 2054 2610 2124 2666; x_wconf 85' lang='lat' dir='ltr'>ad</span> 
     </span>
    </p>
   </div>
   <div class='ocr_carea' id='block_1_29' title="bbox 474 2700 2121 2772">
    <p class='ocr_par' dir='ltr' id='par_1_29' title="bbox 474 2700 2121 2772">
     <span class='ocr_line' id='line_1_29' title="bbox 474 2700 2121 2772; baseline -0.004 -13"><span class='ocrx_word' id='word_1_219' title='bbox 474 2718 561 2759; x_wconf 87' lang='lat' dir='ltr'>vos</span> <span class='ocrx_word' id='word_1_220' title='bbox 595 2700 779 2769; x_wconf 69' lang='lat' dir='ltr'>(Exod.</span> <span class='ocrx_word' id='word_1_221' title='bbox 810 2718 895 2765; x_wconf 88' lang='lat' dir='ltr'>IlI,</span> <span class='ocrx_word' id='word_1_222' title='bbox 936 2700 1051 2772; x_wconf 73' lang='lat'>14);</span> <span class='ocrx_word' id='word_1_223' title='bbox 1085 2700 1193 2755; x_wconf 89' lang='lat' dir='ltr'>hoc</span> <span class='ocrx_word' id='word_1_224' title='bbox 1237 2701 1768 2772; x_wconf 86' lang='lat' dir='ltr'>contemplabimur</span> <span class='ocrx_word' id='word_1_225' title='bbox 1798 2717 1928 2755; x_wconf 89' lang='lat' dir='ltr'>cum</span> <span class='ocrx_word' id='word_1_226' title='bbox 1972 2701 2121 2754; x_wconf 90' lang='lat' dir='ltr'>vive-</span> 
     </span>
    </p>
   </div>
   <div class='ocr_carea' id='block_1_30' title="bbox 473 2790 2125 2861">
    <p class='ocr_par' dir='ltr' id='par_1_30' title="bbox 473 2790 2125 2861">
     <span class='ocr_line' id='line_1_30' title="bbox 473 2790 2125 2861; baseline -0.001 -15"><span class='ocrx_word' id='word_1_227' title='bbox 473 2808 606 2846; x_wconf 88' lang='lat' dir='ltr'>mus</span> <span class='ocrx_word' id='word_1_228' title='bbox 636 2792 695 2844; x_wconf 92' lang='lat' dir='ltr'>in</span> <span class='ocrx_word' id='word_1_229' title='bbox 726 2795 1028 2844; x_wconf 71' lang='lat' dir='ltr'>internum.</span> <span class='ocrx_word' id='word_1_230' title='bbox 1090 2794 1175 2845; x_wconf 88' lang='lat' dir='ltr'>Ita</span> <span class='ocrx_word' id='word_1_231' title='bbox 1222 2790 1439 2861; x_wconf 88' lang='lat' dir='ltr'>quippe</span> <span class='ocrx_word' id='word_1_232' title='bbox 1486 2790 1608 2844; x_wconf 89' lang='lat' dir='ltr'>ait:</span> <span class='ocrx_word' id='word_1_233' title='bbox 1648 2795 1783 2845; x_wconf 74' lang='lat' dir='ltr'>llaec</span> <span class='ocrx_word' id='word_1_234' title='bbox 1824 2799 2003 2844; x_wconf 88' lang='lat' dir='ltr'>autem</span> <span class='ocrx_word' id='word_1_235' title='bbox 2050 2796 2125 2845; x_wconf 85' lang='lat' dir='ltr'>est</span> 
     </span>
    </p>
   </div>
   <div class='ocr_carea' id='block_1_31' title="bbox 469 2879 2125 2947">
    <p class='ocr_par' dir='ltr' id='par_1_31' title="bbox 469 2879 2125 2947">
     <span class='ocr_line' id='line_1_31' title="bbox 469 2879 2125 2947; baseline -0.002 -11"><span class='ocrx_word' id='word_1_236' title='bbox 469 2882 587 2937; x_wconf 85' lang='lat' dir='ltr'>vita</span> <span class='ocrx_word' id='word_1_237' title='bbox 613 2883 840 2946; x_wconf 52' lang='lat' dir='ltr'>aeterna,</span> <span class='ocrx_word' id='word_1_238' title='bbox 874 2884 935 2934; x_wconf 91' lang='lat' dir='ltr'>ut</span> <span class='ocrx_word' id='word_1_239' title='bbox 964 2884 1285 2947; x_wconf 85' lang='lat' dir='ltr'>cegnoscant</span> <span class='ocrx_word' id='word_1_240' title='bbox 1304 2888 1353 2934; x_wconf 91' lang='lat' dir='ltr'>te</span> <span class='ocrx_word' id='word_1_241' title='bbox 1390 2895 1565 2933; x_wconf 84' lang='lat' dir='ltr'>unum</span> <span class='ocrx_word' id='word_1_242' title='bbox 1605 2895 1794 2933; x_wconf 85' lang='lat' dir='ltr'>verum</span> <span class='ocrx_word' id='word_1_243' title='bbox 1825 2879 2023 2943; x_wconf 89' lang='lat' dir='ltr'>Deum;</span> <span class='ocrx_word' id='word_1_244' title='bbox 2072 2882 2125 2933; x_wconf 89' lang='lat' dir='ltr'>et</span> 
     </span>
    </p>
   </div>
   <div class='ocr_carea' id='block_1_32' title="bbox 470 2967 2127 3041">
    <p class='ocr_par' dir='ltr' id='par_1_32' title="bbox 470 2967 2127 3041">
     <span class='ocr_line' id='line_1_32' title="bbox 470 2967 2127 3041; baseline -0.002 -17"><span class='ocrx_word' id='word_1_245' title='bbox 470 2985 631 3041; x_wconf 89' lang='lat' dir='ltr'>quem</span> <span class='ocrx_word' id='word_1_246' title='bbox 659 2970 863 3024; x_wconf 75' lang='lat' dir='ltr'>misisti</span> <span class='ocrx_word' id='word_1_247' title='bbox 889 2970 1075 3024; x_wconf 87' lang='lat' dir='ltr'>Jesum</span> <span class='ocrx_word' id='word_1_248' title='bbox 1106 2968 1382 3023; x_wconf 80' lang='lat' dir='ltr'>Christum</span> <span class='ocrx_word' id='word_1_249' title='bbox 1417 2970 1599 3040; x_wconf 86' lang='lat' dir='ltr'>(Joan.</span> <span class='ocrx_word' id='word_1_250' title='bbox 1633 2985 1768 3033; x_wconf 85' lang='lat' dir='ltr'>xvn,</span> <span class='ocrx_word' id='word_1_251' title='bbox 1803 2969 1877 3035; x_wconf 90' lang='lat'>3).</span> <span class='ocrx_word' id='word_1_252' title='bbox 1901 2967 2015 3021; x_wconf 87' lang='lat' dir='ltr'>Hoc</span> <span class='ocrx_word' id='word_1_253' title='bbox 2029 2967 2127 3021; x_wconf 85' lang='lat' dir='ltr'>ﬁet</span> 
     </span>
    </p>
   </div>
   <div class='ocr_carea' id='block_1_33' title="bbox 473 3055 2124 3119">
    <p class='ocr_par' dir='ltr' id='par_1_33' title="bbox 473 3055 2124 3119">
     <span class='ocr_line' id='line_1_33' title="bbox 473 3055 2124 3119; baseline -0.002 -5"><span class='ocrx_word' id='word_1_254' title='bbox 473 3075 606 3114; x_wconf 88' lang='lat' dir='ltr'>cum</span> <span class='ocrx_word' id='word_1_255' title='bbox 641 3057 860 3113; x_wconf 83' lang='lat' dir='ltr'>venerit</span> <span class='ocrx_word' id='word_1_256' title='bbox 896 3057 1197 3119; x_wconf 88' lang='lat' dir='ltr'>Dominus,</span> <span class='ocrx_word' id='word_1_257' title='bbox 1231 3061 1287 3111; x_wconf 88' lang='lat' dir='ltr'>et</span> <span class='ocrx_word' id='word_1_258' title='bbox 1331 3056 1748 3112; x_wconf 86' lang='lat' dir='ltr'>illuminaverit</span> <span class='ocrx_word' id='word_1_259' title='bbox 1783 3055 2011 3111; x_wconf 89' lang='lat' dir='ltr'>occulta</span> <span class='ocrx_word' id='word_1_260' title='bbox 2043 3060 2124 3110; x_wconf 87' lang='lat' dir='ltr'>te-</span> 
     </span>
    </p>
   </div>
   <div class='ocr_carea' id='block_1_34' title="bbox 477 3143 2126 3215">
    <p class='ocr_par' dir='ltr' id='par_1_34' title="bbox 477 3143 2126 3215">
     <span class='ocr_line' id='line_1_34' title="bbox 477 3143 2126 3215; baseline -0.002 -13"><span class='ocrx_word' id='word_1_261' title='bbox 477 3148 791 3202; x_wconf 86' lang='lat' dir='ltr'>nebrarum</span> <span class='ocrx_word' id='word_1_262' title='bbox 824 3148 869 3215; x_wconf 89' lang='lat' dir='ltr'>(l</span> <span class='ocrx_word' id='word_1_263' title='bbox 903 3146 1021 3200; x_wconf 86' lang='lat' dir='ltr'>Cor.</span> <span class='ocrx_word' id='word_1_264' title='bbox 1052 3163 1126 3212; x_wconf 85' lang='lat' dir='ltr'>1v,</span> <span class='ocrx_word' id='word_1_265' title='bbox 1158 3147 1237 3214; x_wconf 87' lang='lat'>5),</span> <span class='ocrx_word' id='word_1_266' title='bbox 1268 3162 1402 3200; x_wconf 91' lang='lat' dir='ltr'>cum</span> <span class='ocrx_word' id='word_1_267' title='bbox 1450 3147 1699 3201; x_wconf 71' lang='lat' dir='ltr'>tenebrae</span> <span class='ocrx_word' id='word_1_268' title='bbox 1751 3143 2126 3200; x_wconf 86' lang='lat' dir='ltr'>mortalitatis</span> 
     </span>
    </p>
   </div>
   <div class='ocr_carea' id='block_1_35' title="bbox 474 3233 2126 3305">
    <p class='ocr_par' dir='ltr' id='par_1_35' title="bbox 474 3233 2126 3305">
     <span class='ocr_line' id='line_1_35' title="bbox 474 3233 2126 3305; baseline -0.002 -14"><span class='ocrx_word' id='word_1_269' title='bbox 474 3234 656 3305; x_wconf 85' lang='lat' dir='ltr'>hujus</span> <span class='ocrx_word' id='word_1_270' title='bbox 705 3233 1208 3305; x_wconf 79' lang='lat' dir='ltr'>corruptionisque</span> <span class='ocrx_word' id='word_1_271' title='bbox 1239 3234 1598 3289; x_wconf 87' lang='lat' dir='ltr'>transierint.</span> <span class='ocrx_word' id='word_1_272' title='bbox 1631 3234 1794 3289; x_wconf 89' lang='lat' dir='ltr'>Tunc</span> <span class='ocrx_word' id='word_1_273' title='bbox 1824 3233 1934 3289; x_wconf 89' lang='lat' dir='ltr'>erit</span> <span class='ocrx_word' id='word_1_274' title='bbox 1957 3248 2126 3288; x_wconf 89' lang='lat' dir='ltr'>mane</span> 
     </span>
    </p>
   </div>
   <div class='ocr_carea' id='block_1_36' title="bbox 481 3320 2127 3394">
    <p class='ocr_par' dir='ltr' id='par_1_36' title="bbox 481 3320 2127 3394">
     <span class='ocr_line' id='line_1_36' title="bbox 481 3320 2127 3394; baseline -0.002 -14"><span class='ocrx_word' id='word_1_275' title='bbox 481 3332 773 3389; x_wconf 88' lang='lat' dir='ltr'>nostrum,</span> <span class='ocrx_word' id='word_1_276' title='bbox 803 3324 873 3379; x_wconf 91' lang='lat' dir='ltr'>de</span> <span class='ocrx_word' id='word_1_277' title='bbox 922 3341 1036 3394; x_wconf 91' lang='lat' dir='ltr'>quo</span> <span class='ocrx_word' id='word_1_278' title='bbox 1083 3323 1141 3377; x_wconf 91' lang='lat' dir='ltr'>in</span> <span class='ocrx_word' id='word_1_279' title='bbox 1191 3322 1426 3378; x_wconf 89' lang='lat' dir='ltr'>Psalmo</span> <span class='ocrx_word' id='word_1_280' title='bbox 1458 3322 1674 3378; x_wconf 89' lang='lat' dir='ltr'>dicitur</span> <span class='ocrx_word' id='word_1_281' title='bbox 1704 3339 1717 3377; x_wconf 87' lang='lat'>:</span> <span class='ocrx_word' id='word_1_282' title='bbox 1749 3323 1906 3377; x_wconf 80' lang='lat' dir='ltr'>Mane</span> <span class='ocrx_word' id='word_1_283' title='bbox 1941 3320 2127 3377; x_wconf 85' lang='lat' dir='ltr'>astabo</span> 
     </span>
    </p>
   </div>
   <div class='ocr_carea' id='block_1_37' title="bbox 477 3409 2129 3484">
    <p class='ocr_par' dir='ltr' id='par_1_37' title="bbox 477 3409 2129 3484">
     <span class='ocr_line' id='line_1_37' title="bbox 477 3409 2129 3484; baseline -0.004 -13"><span class='ocrx_word' id='word_1_284' title='bbox 477 3416 601 3482; x_wconf 85' lang='lat' dir='ltr'>tibi,</span> <span class='ocrx_word' id='word_1_285' title='bbox 626 3423 675 3469; x_wconf 84' lang='lat' dir='ltr'>ct</span> <span class='ocrx_word' id='word_1_286' title='bbox 698 3413 1106 3484; x_wconf 86' lang='lat' dir='ltr'>contemplabor</span> <span class='ocrx_word' id='word_1_287' title='bbox 1135 3414 1305 3483; x_wconf 89' lang='lat' dir='ltr'>(Psal.</span> <span class='ocrx_word' id='word_1_288' title='bbox 1333 3430 1385 3477; x_wconf 91' lang='lat' dir='ltr'>v,</span> <span class='ocrx_word' id='word_1_289' title='bbox 1416 3414 1491 3483; x_wconf 89' lang='lat'>5).</span> <span class='ocrx_word' id='word_1_290' title='bbox 1527 3412 1607 3467; x_wconf 91' lang='lat' dir='ltr'>De</span> <span class='ocrx_word' id='word_1_291' title='bbox 1636 3411 1745 3467; x_wconf 91' lang='lat' dir='ltr'>hac</span> <span class='ocrx_word' id='word_1_292' title='bbox 1777 3409 2129 3482; x_wconf 85' lang='lat' dir='ltr'>contempla-</span> 
     </span>
    </p>
   </div>
   <div class='ocr_carea' id='block_1_38' title="bbox 478 3500 2127 3576">
    <p class='ocr_par' dir='ltr' id='par_1_38' title="bbox 478 3500 2127 3576">
     <span class='ocr_line' id='line_1_38' title="bbox 478 3500 2127 3576; baseline -0.004 -15"><span class='ocrx_word' id='word_1_293' title='bbox 478 3505 634 3561; x_wconf 86' lang='lat' dir='ltr'>tione</span> <span class='ocrx_word' id='word_1_294' title='bbox 667 3502 925 3576; x_wconf 81' lang='lat' dir='ltr'>intelligo</span> <span class='ocrx_word' id='word_1_295' title='bbox 977 3502 1223 3567; x_wconf 88' lang='lat' dir='ltr'>dictum,</span> <span class='ocrx_word' id='word_1_296' title='bbox 1259 3501 1391 3556; x_wconf 85' lang='lat' dir='ltr'>Cum</span> <span class='ocrx_word' id='word_1_297' title='bbox 1430 3502 1717 3557; x_wconf 80' lang='lat' dir='ltr'>tradiderit</span> <span class='ocrx_word' id='word_1_298' title='bbox 1765 3517 1997 3572; x_wconf 87' lang='lat' dir='ltr'>regnum</span> <span class='ocrx_word' id='word_1_299' title='bbox 2024 3500 2127 3554; x_wconf 92' lang='lat' dir='ltr'>Deo</span> 
     </span>
    </p>
   </div>
   <div class='ocr_carea' id='block_1_39' title="bbox 477 3588 2129 3662">
    <p class='ocr_par' dir='ltr' id='par_1_39' title="bbox 477 3588 2129 3662">
     <span class='ocr_line' id='line_1_39' title="bbox 477 3588 2129 3662; baseline -0.005 -11"><span class='ocrx_word' id='word_1_300' title='bbox 477 3599 527 3651; x_wconf 87' lang='lat' dir='ltr'>et</span> <span class='ocrx_word' id='word_1_301' title='bbox 559 3594 745 3655; x_wconf 83' lang='lat' dir='ltr'>Patri;</span> <span class='ocrx_word' id='word_1_302' title='bbox 778 3592 832 3646; x_wconf 91' lang='lat' dir='ltr'>id</span> <span class='ocrx_word' id='word_1_303' title='bbox 881 3594 993 3657; x_wconf 88' lang='lat' dir='ltr'>est,</span> <span class='ocrx_word' id='word_1_304' title='bbox 1028 3607 1157 3646; x_wconf 90' lang='lat' dir='ltr'>cum</span> <span class='ocrx_word' id='word_1_305' title='bbox 1193 3590 1529 3662; x_wconf 78' lang='lat' dir='ltr'>perduxerit</span> <span class='ocrx_word' id='word_1_306' title='bbox 1558 3591 1776 3661; x_wconf 83' lang='lat' dir='ltr'>justos,</span> <span class='ocrx_word' id='word_1_307' title='bbox 1820 3590 1878 3645; x_wconf 92' lang='lat' dir='ltr'>in</span> <span class='ocrx_word' id='word_1_308' title='bbox 1911 3588 2129 3661; x_wconf 90' lang='lat' dir='ltr'>quibus</span> 
     </span>
    </p>
   </div>
   <div class='ocr_carea' id='block_1_40' title="bbox 478 3676 2130 3753">
    <p class='ocr_par' dir='ltr' id='par_1_40' title="bbox 478 3676 2130 3753">
     <span class='ocr_line' id='line_1_40' title="bbox 478 3676 2130 3753; baseline -0.005 -14"><span class='ocrx_word' id='word_1_309' title='bbox 478 3699 633 3739; x_wconf 89' lang='lat' dir='ltr'>nunc</span> <span class='ocrx_word' id='word_1_310' title='bbox 656 3699 723 3737; x_wconf 85' lang='lat' dir='ltr'>ex</span> <span class='ocrx_word' id='word_1_311' title='bbox 745 3682 856 3736; x_wconf 82' lang='lat' dir='ltr'>fide</span> <span class='ocrx_word' id='word_1_312' title='bbox 884 3680 1210 3736; x_wconf 84' lang='lat' dir='ltr'>viventibus</span> <span class='ocrx_word' id='word_1_313' title='bbox 1241 3686 1446 3753; x_wconf 81' lang='lat' dir='ltr'>regnat</span> <span class='ocrx_word' id='word_1_314' title='bbox 1477 3680 1762 3735; x_wconf 86' lang='lat' dir='ltr'>mediator</span> <span class='ocrx_word' id='word_1_315' title='bbox 1794 3678 1891 3734; x_wconf 88' lang='lat' dir='ltr'>Uei</span> <span class='ocrx_word' id='word_1_316' title='bbox 1939 3683 1996 3733; x_wconf 89' lang='lat' dir='ltr'>et</span> <span class='ocrx_word' id='word_1_317' title='bbox 2026 3676 2130 3732; x_wconf 91' lang='lat' dir='ltr'>bo-</span> 
     </span>
    </p>
   </div>
   <div class='ocr_carea' id='block_1_41' title="bbox 481 3767 2128 3839">
    <p class='ocr_par' dir='ltr' id='par_1_41' title="bbox 481 3767 2128 3839">
     <span class='ocr_line' id='line_1_41' title="bbox 481 3767 2128 3839; baseline -0.004 -11"><span class='ocrx_word' id='word_1_318' title='bbox 481 3772 707 3829; x_wconf 90' lang='lat' dir='ltr'>minum</span> <span class='ocrx_word' id='word_1_319' title='bbox 735 3771 908 3825; x_wconf 90' lang='lat' dir='ltr'>homo</span> <span class='ocrx_word' id='word_1_320' title='bbox 950 3769 1217 3825; x_wconf 88' lang='lat' dir='ltr'>Christus</span> <span class='ocrx_word' id='word_1_321' title='bbox 1246 3770 1441 3834; x_wconf 86' lang='lat' dir='ltr'>Jesus,</span> <span class='ocrx_word' id='word_1_322' title='bbox 1476 3769 1546 3823; x_wconf 90' lang='lat' dir='ltr'>ad</span> <span class='ocrx_word' id='word_1_323' title='bbox 1581 3767 2128 3839; x_wconf 88' lang='lat' dir='ltr'>contemplationem</span> 
     </span>
    </p>
   </div>
   <div class='ocr_carea' id='block_1_42' title="bbox 481 3856 2131 3930">
    <p class='ocr_par' dir='ltr' id='par_1_42' title="bbox 481 3856 2131 3930">
     <span class='ocr_line' id='line_1_42' title="bbox 481 3856 2131 3930; baseline -0.003 -13"><span class='ocrx_word' id='word_1_324' title='bbox 481 3862 579 3917; x_wconf 87' lang='lat' dir='ltr'>Dei</span> <span class='ocrx_word' id='word_1_325' title='bbox 612 3866 666 3915; x_wconf 90' lang='lat' dir='ltr'>et</span> <span class='ocrx_word' id='word_1_326' title='bbox 698 3860 901 3914; x_wconf 84' lang='lat' dir='ltr'>Patris.</span> <span class='ocrx_word' id='word_1_327' title='bbox 940 3860 998 3914; x_wconf 90' lang='lat' dir='ltr'>Si</span> <span class='ocrx_word' id='word_1_328' title='bbox 1023 3858 1245 3930; x_wconf 90' lang='lat' dir='ltr'>desipio</span> <span class='ocrx_word' id='word_1_329' title='bbox 1268 3858 1382 3924; x_wconf 93' lang='lat' dir='ltr'>hic,</span> <span class='ocrx_word' id='word_1_330' title='bbox 1409 3856 1658 3928; x_wconf 83' lang='lat' dir='ltr'>corrigat</span> <span class='ocrx_word' id='word_1_331' title='bbox 1685 3873 1778 3912; x_wconf 84' lang='lat' dir='ltr'>me</span> <span class='ocrx_word' id='word_1_332' title='bbox 1799 3857 1899 3928; x_wconf 89' lang='lat' dir='ltr'>qui</span> <span class='ocrx_word' id='word_1_333' title='bbox 1922 3856 2131 3912; x_wconf 89' lang='lat' dir='ltr'>melius</span> 
     </span>
    </p>
   </div>
   <div class='ocr_carea' id='block_1_43' title="bbox 482 3945 2134 4022">
    <p class='ocr_par' dir='ltr' id='par_1_43' title="bbox 482 3945 2134 4022">
     <span class='ocr_line' id='line_1_43' title="bbox 482 3945 2134 4022; baseline -0.005 -15"><span class='ocrx_word' id='word_1_334' title='bbox 482 3950 635 4022; x_wconf 86' lang='lat' dir='ltr'>sapit</span> <span class='ocrx_word' id='word_1_335' title='bbox 662 3968 673 4004; x_wconf 90' lang='lat'>:</span> <span class='ocrx_word' id='word_1_336' title='bbox 700 3949 841 4004; x_wconf 92' lang='lat' dir='ltr'>mihi</span> <span class='ocrx_word' id='word_1_337' title='bbox 865 3947 1020 4004; x_wconf 90' lang='lat' dir='ltr'>aliud</span> <span class='ocrx_word' id='word_1_338' title='bbox 1057 3966 1171 4003; x_wconf 86' lang='lat' dir='ltr'>non</span> <span class='ocrx_word' id='word_1_339' title='bbox 1211 3948 1453 4002; x_wconf 87' lang='lat' dir='ltr'>videtur.</span> <span class='ocrx_word' id='word_1_340' title='bbox 1499 3947 1695 4016; x_wconf 88' lang='lat' dir='ltr'>Neque</span> <span class='ocrx_word' id='word_1_341' title='bbox 1717 3945 1871 4000; x_wconf 90' lang='lat' dir='ltr'>enim</span> <span class='ocrx_word' id='word_1_342' title='bbox 1916 3962 2134 4017; x_wconf 61' lang='lat' dir='ltr'>qurere-</span> 
     </span>
    </p>
   </div>
   <div class='ocr_carea' id='block_1_44' title="bbox 483 4034 2132 4106">
    <p class='ocr_par' dir='ltr' id='par_1_44' title="bbox 483 4034 2132 4106">
     <span class='ocr_line' id='line_1_44' title="bbox 483 4034 2132 4106; baseline -0.004 -11"><span class='ocrx_word' id='word_1_343' title='bbox 483 4057 617 4095; x_wconf 89' lang='lat' dir='ltr'>mus</span> <span class='ocrx_word' id='word_1_344' title='bbox 647 4038 827 4105; x_wconf 90' lang='lat' dir='ltr'>aliud,</span> <span class='ocrx_word' id='word_1_345' title='bbox 863 4054 997 4092; x_wconf 90' lang='lat' dir='ltr'>cum</span> <span class='ocrx_word' id='word_1_346' title='bbox 1042 4037 1110 4092; x_wconf 88' lang='lat' dir='ltr'>ad</span> <span class='ocrx_word' id='word_1_347' title='bbox 1157 4036 1318 4091; x_wconf 90' lang='lat' dir='ltr'>illius</span> <span class='ocrx_word' id='word_1_348' title='bbox 1354 4034 1904 4106; x_wconf 86' lang='lat' dir='ltr'>contemplationem</span> <span class='ocrx_word' id='word_1_349' title='bbox 1939 4051 2132 4105; x_wconf 90' lang='lat' dir='ltr'>perve-</span> 
     </span>
    </p>
   </div>
   <div class='ocr_carea' id='block_1_45' title="bbox 484 4124 2134 4198">
    <p class='ocr_par' dir='ltr' id='par_1_45' title="bbox 484 4124 2134 4198">
     <span class='ocr_line' id='line_1_45' title="bbox 484 4124 2134 4198; baseline -0.002 -13"><span class='ocrx_word' id='word_1_350' title='bbox 484 4129 768 4197; x_wconf 87' lang='lat' dir='ltr'>nerimus,</span> <span class='ocrx_word' id='word_1_351' title='bbox 812 4144 937 4198; x_wconf 69' lang='lat' dir='ltr'>quae</span> <span class='ocrx_word' id='word_1_352' title='bbox 971 4142 1127 4180; x_wconf 82' lang='lat' dir='ltr'>nunc</span> <span class='ocrx_word' id='word_1_353' title='bbox 1183 4142 1299 4179; x_wconf 90' lang='lat' dir='ltr'>non</span> <span class='ocrx_word' id='word_1_354' title='bbox 1358 4132 1463 4192; x_wconf 89' lang='lat' dir='ltr'>est,</span> <span class='ocrx_word' id='word_1_355' title='bbox 1517 4124 1799 4196; x_wconf 89' lang='lat' dir='ltr'>quamdiu</span> <span class='ocrx_word' id='word_1_356' title='bbox 1852 4124 2134 4196; x_wconf 86' lang='lat' dir='ltr'>gaudium</span> 
     </span>
    </p>
   </div>
   <div class='ocr_carea' id='block_1_46' title="bbox 486 4214 2137 4287">
    <p class='ocr_par' dir='ltr' id='par_1_46' title="bbox 486 4214 2137 4287">
     <span class='ocr_line' id='line_1_46' title="bbox 486 4214 2137 4287; baseline -0.004 -12"><span class='ocrx_word' id='word_1_357' title='bbox 486 4222 756 4275; x_wconf 84' lang='lat' dir='ltr'>nostrum</span> <span class='ocrx_word' id='word_1_358' title='bbox 788 4216 848 4271; x_wconf 91' lang='lat' dir='ltr'>in</span> <span class='ocrx_word' id='word_1_359' title='bbox 881 4232 984 4287; x_wconf 90' lang='lat' dir='ltr'>spe</span> <span class='ocrx_word' id='word_1_360' title='bbox 1015 4220 1121 4269; x_wconf 92' lang='lat' dir='ltr'>est.</span> <span class='ocrx_word' id='word_1_361' title='bbox 1151 4214 1280 4285; x_wconf 88' lang='lat' dir='ltr'>Spes</span> <span class='ocrx_word' id='word_1_362' title='bbox 1302 4218 1486 4269; x_wconf 90' lang='lat' dir='ltr'>autem</span> <span class='ocrx_word' id='word_1_363' title='bbox 1516 4230 1637 4285; x_wconf 73' lang='lat' dir='ltr'>quae</span> <span class='ocrx_word' id='word_1_364' title='bbox 1652 4214 1889 4279; x_wconf 83' lang='lat' dir='ltr'>videtur,</span> <span class='ocrx_word' id='word_1_365' title='bbox 1920 4229 2031 4268; x_wconf 86' lang='lat' dir='ltr'>non</span> <span class='ocrx_word' id='word_1_366' title='bbox 2059 4222 2137 4269; x_wconf 88' lang='lat' dir='ltr'>est</span> 
     </span>
    </p>
   </div>
   <div class='ocr_carea' id='block_1_47' title="bbox 494 4302 2138 4380">
    <p class='ocr_par' dir='ltr' id='par_1_47' title="bbox 494 4302 2138 4380">
     <span class='ocr_line' id='line_1_47' title="bbox 494 4302 2138 4380; baseline -0.004 -17"><span class='ocrx_word' id='word_1_367' title='bbox 494 4324 614 4380; x_wconf 85' lang='lat' dir='ltr'>spes</span> <span class='ocrx_word' id='word_1_368' title='bbox 637 4326 655 4362; x_wconf 89' lang='lat'>:</span> <span class='ocrx_word' id='word_1_369' title='bbox 678 4306 819 4378; x_wconf 87' lang='lat' dir='ltr'>quod</span> <span class='ocrx_word' id='word_1_370' title='bbox 866 4306 1013 4360; x_wconf 90' lang='lat' dir='ltr'>enim</span> <span class='ocrx_word' id='word_1_371' title='bbox 1046 4304 1187 4359; x_wconf 82' lang='lat' dir='ltr'>videt</span> <span class='ocrx_word' id='word_1_372' title='bbox 1218 4304 1362 4375; x_wconf 86' lang='lat' dir='ltr'>quis,</span> <span class='ocrx_word' id='word_1_373' title='bbox 1407 4302 1539 4375; x_wconf 87' lang='lat' dir='ltr'>quid</span> <span class='ocrx_word' id='word_1_374' title='bbox 1585 4306 1816 4375; x_wconf 83' lang='lat' dir='ltr'>sperat?</span> <span class='ocrx_word' id='word_1_375' title='bbox 1851 4305 1914 4359; x_wconf 84' lang='lat' dir='ltr'>Si</span> <span class='ocrx_word' id='word_1_376' title='bbox 1954 4307 2138 4358; x_wconf 85' lang='lat' dir='ltr'>autem</span> 
     </span>
    </p>
   </div>
   <div class='ocr_carea' id='block_1_48' title="bbox 497 4394 2141 4470">
    <p class='ocr_par' dir='ltr' id='par_1_48' title="bbox 497 4394 2141 4470">
     <span class='ocr_line' id='line_1_48' title="bbox 497 4394 2141 4470; baseline -0.004 -17"><span class='ocrx_word' id='word_1_377' title='bbox 497 4397 636 4470; x_wconf 89' lang='lat' dir='ltr'>quod</span> <span class='ocrx_word' id='word_1_378' title='bbox 656 4413 764 4451; x_wconf 88' lang='lat' dir='ltr'>non</span> <span class='ocrx_word' id='word_1_379' title='bbox 796 4394 1035 4449; x_wconf 79' lang='lat' dir='ltr'>videmus</span> <span class='ocrx_word' id='word_1_380' title='bbox 1064 4409 1343 4464; x_wconf 85' lang='lat' dir='ltr'>speramus</span> <span class='ocrx_word' id='word_1_381' title='bbox 1369 4408 1469 4464; x_wconf 87' lang='lat' dir='ltr'>per</span> <span class='ocrx_word' id='word_1_382' title='bbox 1511 4394 1843 4462; x_wconf 84' lang='lat' dir='ltr'>patientiam</span> <span class='ocrx_word' id='word_1_383' title='bbox 1872 4395 2141 4463; x_wconf 74' lang='lat' dir='ltr'>exspecta-</span> 
     </span>
    </p>
   </div>
   <div class='ocr_carea' id='block_1_49' title="bbox 494 4483 2144 4555">
    <p class='ocr_par' dir='ltr' id='par_1_49' title="bbox 494 4483 2144 4555">
     <span class='ocr_line' id='line_1_49' title="bbox 494 4483 2144 4555; baseline -0.002 -15"><span class='ocrx_word' id='word_1_384' title='bbox 494 4502 616 4540; x_wconf 87' lang='lat' dir='ltr'>mus</span> <span class='ocrx_word' id='word_1_385' title='bbox 647 4485 819 4555; x_wconf 83' lang='lat' dir='ltr'>(Rom.</span> <span class='ocrx_word' id='word_1_386' title='bbox 854 4499 975 4549; x_wconf 79' lang='lat' dir='ltr'><strong>VIII,</strong></span> <span class='ocrx_word' id='word_1_387' title='bbox 1007 4483 1096 4549; x_wconf 76' lang='grc'>24,</span> <span class='ocrx_word' id='word_1_388' title='bbox 1127 4483 1241 4552; x_wconf 88' lang='grc'>25),</span> <span class='ocrx_word' id='word_1_389' title='bbox 1273 4488 1623 4553; x_wconf 71' lang='lat' dir='ltr'>quoadusque</span> <span class='ocrx_word' id='word_1_390' title='bbox 1658 4498 1760 4536; x_wconf 68' lang='lat' dir='ltr'>rex</span> <span class='ocrx_word' id='word_1_391' title='bbox 1789 4483 1849 4535; x_wconf 87' lang='lat' dir='ltr'>in</span> <span class='ocrx_word' id='word_1_392' title='bbox 1893 4483 2144 4536; x_wconf 87' lang='lat' dir='ltr'>recubitu</span> 
     </span>
    </p>
   </div>
   <div class='ocr_carea' id='block_1_50' title="bbox 494 4569 2142 4642">
    <p class='ocr_par' dir='ltr' id='par_1_50' title="bbox 494 4569 2142 4642">
     <span class='ocr_line' id='line_1_50' title="bbox 494 4569 2142 4642; baseline -0.002 -13"><span class='ocrx_word' id='word_1_393' title='bbox 494 4590 592 4629; x_wconf 87' lang='lat' dir='ltr'>suo</span> <span class='ocrx_word' id='word_1_394' title='bbox 631 4579 733 4628; x_wconf 89' lang='lat' dir='ltr'>est.</span> <span class='ocrx_word' id='word_1_395' title='bbox 766 4572 930 4626; x_wconf 90' lang='lat' dir='ltr'>Tunc</span> <span class='ocrx_word' id='word_1_396' title='bbox 962 4571 1073 4626; x_wconf 87' lang='lat' dir='ltr'>erit</span> <span class='ocrx_word' id='word_1_397' title='bbox 1116 4571 1269 4642; x_wconf 92' lang='lat' dir='ltr'>quod</span> <span class='ocrx_word' id='word_1_398' title='bbox 1314 4570 1597 4642; x_wconf 89' lang='lat' dir='ltr'>scriptum</span> <span class='ocrx_word' id='word_1_399' title='bbox 1644 4575 1733 4625; x_wconf 87' lang='lat' dir='ltr'>est</span> <span class='ocrx_word' id='word_1_400' title='bbox 1764 4586 1775 4625; x_wconf 90' lang='lat'>:</span> <span class='ocrx_word' id='word_1_401' title='bbox 1808 4569 2142 4641; x_wconf 79' lang='lat' dir='ltr'>Adimplebis</span> 
     </span>
    </p>
   </div>
   <div class='ocr_carea' id='block_1_51' title="bbox 494 4658 2144 4732">
    <p class='ocr_par' dir='ltr' id='par_1_51' title="bbox 494 4658 2144 4732">
     <span class='ocr_line' id='line_1_51' title="bbox 494 4658 2144 4732; baseline -0.004 -12"><span class='ocrx_word' id='word_1_402' title='bbox 494 4681 581 4720; x_wconf 89' lang='lat' dir='ltr'>me</span> <span class='ocrx_word' id='word_1_403' title='bbox 612 4663 807 4718; x_wconf 72' lang='lat' dir='ltr'>laetitia</span> <span class='ocrx_word' id='word_1_404' title='bbox 836 4678 954 4716; x_wconf 90' lang='lat' dir='ltr'>cum</span> <span class='ocrx_word' id='word_1_405' title='bbox 988 4661 1141 4716; x_wconf 87' lang='lat' dir='ltr'>vultu</span> <span class='ocrx_word' id='word_1_406' title='bbox 1187 4667 1282 4716; x_wconf 88' lang='lat' dir='ltr'>tuo</span> <span class='ocrx_word' id='word_1_407' title='bbox 1312 4661 1486 4732; x_wconf 86' lang='lat' dir='ltr'>(Psal.</span> <span class='ocrx_word' id='word_1_408' title='bbox 1518 4676 1609 4725; x_wconf 88' lang='lat' dir='ltr'>xv,</span> <span class='ocrx_word' id='word_1_409' title='bbox 1659 4658 1766 4729; x_wconf 91' lang='grc'>11).</span> <span class='ocrx_word' id='word_1_410' title='bbox 1798 4658 1902 4713; x_wconf 89' lang='lat' dir='ltr'>Illa</span> <span class='ocrx_word' id='word_1_411' title='bbox 1946 4658 2144 4714; x_wconf 72' lang='lat' dir='ltr'>laetitia</span> 
     </span>
    </p>
   </div>
   <div class='ocr_carea' id='block_1_52' title="bbox 495 4747 2142 4822">
    <p class='ocr_par' dir='ltr' id='par_1_52' title="bbox 495 4747 2142 4822">
     <span class='ocr_line' id='line_1_52' title="bbox 495 4747 2142 4822; baseline -0.003 -14"><span class='ocrx_word' id='word_1_412' title='bbox 495 4751 640 4809; x_wconf 86' lang='lat' dir='ltr'>nihil</span> <span class='ocrx_word' id='word_1_413' title='bbox 687 4749 944 4822; x_wconf 90' lang='lat' dir='ltr'>amplius</span> <span class='ocrx_word' id='word_1_414' title='bbox 994 4750 1347 4822; x_wconf 80' lang='lat' dir='ltr'>requiratur.</span> <span class='ocrx_word' id='word_1_415' title='bbox 1400 4748 1750 4805; x_wconf 86' lang='lat' dir='ltr'>Ostendetur</span> <span class='ocrx_word' id='word_1_416' title='bbox 1786 4747 1943 4803; x_wconf 88' lang='lat' dir='ltr'>enim</span> <span class='ocrx_word' id='word_1_417' title='bbox 1976 4748 2142 4804; x_wconf 88' lang='lat' dir='ltr'>nobis</span> 
     </span>
    </p>
   </div>
   <div class='ocr_carea' id='block_1_53' title="bbox 489 4836 2142 4906">
    <p class='ocr_par' dir='ltr' id='par_1_53' title="bbox 489 4836 2142 4906">
     <span class='ocr_line' id='line_1_53' title="bbox 489 4836 2142 4906; baseline -0.004 -8"><span class='ocrx_word' id='word_1_418' title='bbox 489 4846 683 4906; x_wconf 84' lang='lat' dir='ltr'>Pater,</span> <span class='ocrx_word' id='word_1_419' title='bbox 705 4845 761 4896; x_wconf 89' lang='lat' dir='ltr'>et</span> <span class='ocrx_word' id='word_1_420' title='bbox 782 4839 1234 4895; x_wconf 85' lang='lat' dir='ltr'>sufficietnobis.</span> <span class='ocrx_word' id='word_1_421' title='bbox 1264 4839 1422 4905; x_wconf 87' lang='lat' dir='ltr'>Quod</span> <span class='ocrx_word' id='word_1_422' title='bbox 1449 4838 1593 4892; x_wconf 89' lang='lat' dir='ltr'>bene</span> <span class='ocrx_word' id='word_1_423' title='bbox 1615 4836 1979 4891; x_wconf 80' lang='lat' dir='ltr'>intellexerat</span> <span class='ocrx_word' id='word_1_424' title='bbox 2006 4837 2142 4892; x_wconf 84' lang='lat' dir='ltr'>Phi-</span> 
     </span>
    </p>
   </div>
   <div class='ocr_carea' id='block_1_54' title="bbox 490 4925 2143 5003">
    <p class='ocr_par' dir='ltr' id='par_1_54' title="bbox 490 4925 2143 5003">
     <span class='ocr_line' id='line_1_54' title="bbox 490 4925 2143 5003; baseline -0.004 -17"><span class='ocrx_word' id='word_1_425' title='bbox 490 4931 670 5003; x_wconf 90' lang='lat' dir='ltr'>lipus,</span> <span class='ocrx_word' id='word_1_426' title='bbox 698 4937 763 4985; x_wconf 89' lang='lat' dir='ltr'>ut</span> <span class='ocrx_word' id='word_1_427' title='bbox 798 4929 1015 4984; x_wconf 86' lang='lat' dir='ltr'>diceret</span> <span class='ocrx_word' id='word_1_428' title='bbox 1035 4928 1303 4994; x_wconf 89' lang='lat' dir='ltr'>Domino,</span> <span class='ocrx_word' id='word_1_429' title='bbox 1353 4925 1593 4983; x_wconf 75' lang='lat' dir='ltr'>Ostende</span> <span class='ocrx_word' id='word_1_430' title='bbox 1633 4925 1788 4981; x_wconf 86' lang='lat' dir='ltr'>nobis</span> <span class='ocrx_word' id='word_1_431' title='bbox 1815 4930 2059 4997; x_wconf 89' lang='lat' dir='ltr'>Patrem,</span> <span class='ocrx_word' id='word_1_432' title='bbox 2090 4932 2143 4981; x_wconf 88' lang='lat' dir='ltr'>et</span> 
     </span>
    </p>
   </div>
   <div class='ocr_carea' id='block_1_55' title="bbox 491 5012 2145 5091">
    <p class='ocr_par' dir='ltr' id='par_1_55' title="bbox 491 5012 2145 5091">
     <span class='ocr_line' id='line_1_55' title="bbox 491 5012 2145 5091; baseline -0.004 -15"><span class='ocrx_word' id='word_1_433' title='bbox 491 5021 692 5091; x_wconf 86' lang='lat' dir='ltr'>su/ﬁcit</span> <span class='ocrx_word' id='word_1_434' title='bbox 734 5019 920 5074; x_wconf 85' lang='lat' dir='ltr'>nobis:</span> <span class='ocrx_word' id='word_1_435' title='bbox 944 5017 1041 5072; x_wconf 90' lang='lat' dir='ltr'>sed</span> <span class='ocrx_word' id='word_1_436' title='bbox 1087 5015 1347 5071; x_wconf 90' lang='lat' dir='ltr'>nondum</span> <span class='ocrx_word' id='word_1_437' title='bbox 1390 5012 1773 5081; x_wconf 84' lang='lat' dir='ltr'>intellexerat,</span> <span class='ocrx_word' id='word_1_438' title='bbox 1804 5030 1868 5069; x_wconf 91' lang='lat' dir='ltr'>eo</span> <span class='ocrx_word' id='word_1_439' title='bbox 1910 5029 2145 5085; x_wconf 88' lang='lat' dir='ltr'>quoque</span> 
     </span>
    </p>
   </div>
   <div class='ocr_carea' id='block_1_56' title="bbox 498 5102 2145 5180">
    <p class='ocr_par' dir='ltr' id='par_1_56' title="bbox 498 5102 2145 5180">
     <span class='ocr_line' id='line_1_56' title="bbox 498 5102 2145 5180; baseline -0.004 -15"><span class='ocrx_word' id='word_1_440' title='bbox 498 5110 672 5165; x_wconf 91' lang='lat' dir='ltr'>modo</span> <span class='ocrx_word' id='word_1_441' title='bbox 710 5106 969 5180; x_wconf 90' lang='lat' dir='ltr'>idipsum</span> <span class='ocrx_word' id='word_1_442' title='bbox 994 5124 1055 5163; x_wconf 89' lang='lat' dir='ltr'>se</span> <span class='ocrx_word' id='word_1_443' title='bbox 1076 5104 1335 5178; x_wconf 89' lang='lat' dir='ltr'>potuisse</span> <span class='ocrx_word' id='word_1_444' title='bbox 1354 5104 1565 5159; x_wconf 82' lang='lat' dir='ltr'>dicere.</span> <span class='ocrx_word' id='word_1_445' title='bbox 1599 5102 1864 5171; x_wconf 87' lang='lat' dir='ltr'>Domine,</span> <span class='ocrx_word' id='word_1_446' title='bbox 1907 5103 2145 5159; x_wconf 90' lang='lat' dir='ltr'>oslende</span> 
     </span>
    </p>
   </div>
   <div class='ocr_carea' id='block_1_57' title="bbox 498 5191 2141 5264">
    <p class='ocr_par' dir='ltr' id='par_1_57' title="bbox 498 5191 2141 5264">
     <span class='ocr_line' id='line_1_57' title="bbox 498 5191 2141 5264; baseline -0.004 -11"><span class='ocrx_word' id='word_1_447' title='bbox 498 5198 665 5254; x_wconf 92' lang='lat' dir='ltr'>nobis</span> <span class='ocrx_word' id='word_1_448' title='bbox 699 5202 773 5262; x_wconf 88' lang='lat' dir='ltr'>te,</span> <span class='ocrx_word' id='word_1_449' title='bbox 806 5202 864 5254; x_wconf 88' lang='lat' dir='ltr'>et</span> <span class='ocrx_word' id='word_1_450' title='bbox 888 5194 1106 5252; x_wconf 79' lang='lat' dir='ltr'>sufficit</span> <span class='ocrx_word' id='word_1_451' title='bbox 1136 5194 1324 5250; x_wconf 90' lang='lat' dir='ltr'>nobis.</span> <span class='ocrx_word' id='word_1_452' title='bbox 1346 5192 1418 5249; x_wconf 90' lang='lat' dir='ltr'>Ut</span> <span class='ocrx_word' id='word_1_453' title='bbox 1450 5192 1607 5248; x_wconf 89' lang='lat' dir='ltr'>enim</span> <span class='ocrx_word' id='word_1_454' title='bbox 1648 5192 1753 5248; x_wconf 91' lang='lat' dir='ltr'>hoc</span> <span class='ocrx_word' id='word_1_455' title='bbox 1774 5191 2141 5264; x_wconf 78' lang='lat' dir='ltr'>intelligeret,</span> 
     </span>
    </p>
   </div>
   <div class='ocr_carea' id='block_1_58' title="bbox 496 5282 2146 5359">
    <p class='ocr_par' dir='ltr' id='par_1_58' title="bbox 496 5282 2146 5359">
     <span class='ocr_line' id='line_1_58' title="bbox 496 5282 2146 5359; baseline -0.004 -16"><span class='ocrx_word' id='word_1_456' title='bbox 496 5303 842 5359; x_wconf 89' lang='lat' dir='ltr'>responsum</span> <span class='ocrx_word' id='word_1_457' title='bbox 865 5286 914 5342; x_wconf 92' lang='lat' dir='ltr'>ei</span> <span class='ocrx_word' id='word_1_458' title='bbox 935 5304 967 5340; x_wconf 90' lang='lat' dir='ltr'>a</span> <span class='ocrx_word' id='word_1_459' title='bbox 989 5284 1232 5340; x_wconf 77' lang='lat' dir='ltr'>Domino</span> <span class='ocrx_word' id='word_1_460' title='bbox 1264 5287 1371 5349; x_wconf 89' lang='lat' dir='ltr'>est,</span> <span class='ocrx_word' id='word_1_461' title='bbox 1398 5284 1560 5338; x_wconf 86' lang='lat' dir='ltr'>Tanto</span> <span class='ocrx_word' id='word_1_462' title='bbox 1590 5291 1827 5353; x_wconf 89' lang='lat' dir='ltr'>tempore</span> <span class='ocrx_word' id='word_1_463' title='bbox 1864 5282 2146 5338; x_wconf 78' lang='lat' dir='ltr'>vobiscum</span> 
     </span>
    </p>
   </div>
   <div class='ocr_carea' id='block_1_59' title="bbox 494 5370 2143 5443">
    <p class='ocr_par' dir='ltr' id='par_1_59' title="bbox 494 5370 2143 5443">
     <span class='ocr_line' id='line_1_59' title="bbox 494 5370 2143 5443; baseline -0.003 -12"><span class='ocrx_word' id='word_1_464' title='bbox 494 5380 711 5441; x_wconf 87' lang='lat' dir='ltr'>sum,et</span> <span class='ocrx_word' id='word_1_465' title='bbox 746 5392 857 5431; x_wconf 89' lang='lat' dir='ltr'>non</span> <span class='ocrx_word' id='word_1_466' title='bbox 892 5373 1215 5442; x_wconf 84' lang='lat' dir='ltr'>cognovislis</span> <span class='ocrx_word' id='word_1_467' title='bbox 1254 5374 1377 5426; x_wconf 83' lang='lat' dir='ltr'>me?</span> <span class='ocrx_word' id='word_1_468' title='bbox 1423 5372 1695 5443; x_wconf 78' lang='lat' dir='ltr'>Philippe,</span> <span class='ocrx_word' id='word_1_469' title='bbox 1733 5372 1831 5443; x_wconf 87' lang='lat' dir='ltr'>qui</span> <span class='ocrx_word' id='word_1_470' title='bbox 1871 5370 2011 5426; x_wconf 86' lang='lat' dir='ltr'>vidit</span> <span class='ocrx_word' id='word_1_471' title='bbox 2037 5385 2143 5438; x_wconf 83' lang='lat' dir='ltr'>me,</span> 
     </span>
    </p>
   </div>
   <div class='ocr_carea' id='block_1_60' title="bbox 496 5459 2147 5532">
    <p class='ocr_par' dir='ltr' id='par_1_60' title="bbox 496 5459 2147 5532">
     <span class='ocr_line' id='line_1_60' title="bbox 496 5459 2147 5532; baseline -0.002 -13"><span class='ocrx_word' id='word_1_472' title='bbox 496 5465 634 5519; x_wconf 85' lang='lat' dir='ltr'>vidit</span> <span class='ocrx_word' id='word_1_473' title='bbox 661 5474 714 5520; x_wconf 87' lang='lat' dir='ltr'>et</span> <span class='ocrx_word' id='word_1_474' title='bbox 749 5467 992 5519; x_wconf 83' lang='lat' dir='ltr'>Patrem.</span> <span class='ocrx_word' id='word_1_475' title='bbox 1013 5462 1121 5517; x_wconf 88' lang='lat' dir='ltr'>Sed</span> <span class='ocrx_word' id='word_1_476' title='bbox 1143 5462 1283 5532; x_wconf 89' lang='lat' dir='ltr'>quia</span> <span class='ocrx_word' id='word_1_477' title='bbox 1309 5459 1535 5516; x_wconf 83' lang='lat' dir='ltr'>volebat</span> <span class='ocrx_word' id='word_1_478' title='bbox 1564 5476 1697 5515; x_wconf 90' lang='lat' dir='ltr'>eum</span> <span class='ocrx_word' id='word_1_479' title='bbox 1730 5475 1798 5515; x_wconf 86' lang='lat' dir='ltr'>ex</span> <span class='ocrx_word' id='word_1_480' title='bbox 1824 5460 1937 5515; x_wconf 88' lang='lat' dir='ltr'>ﬁde</span> <span class='ocrx_word' id='word_1_481' title='bbox 1958 5459 2147 5516; x_wconf 88' lang='lat' dir='ltr'>vivere</span> 
     </span>
    </p>
   </div>
   <div class='ocr_carea' id='block_1_61' title="bbox 498 5548 2142 5624">
    <p class='ocr_par' dir='ltr' id='par_1_61' title="bbox 498 5548 2142 5624">
     <span class='ocr_line' id='line_1_61' title="bbox 498 5548 2142 5624; baseline -0.002 -15"><span class='ocrx_word' id='word_1_482' title='bbox 498 5558 812 5624; x_wconf 86' lang='lat' dir='ltr'>antequam</span> <span class='ocrx_word' id='word_1_483' title='bbox 846 5550 994 5606; x_wconf 92' lang='lat' dir='ltr'>illud</span> <span class='ocrx_word' id='word_1_484' title='bbox 1016 5556 1211 5623; x_wconf 87' lang='lat' dir='ltr'>posset</span> <span class='ocrx_word' id='word_1_485' title='bbox 1252 5549 1464 5617; x_wconf 91' lang='lat' dir='ltr'>videre,</span> <span class='ocrx_word' id='word_1_486' title='bbox 1500 5554 1738 5605; x_wconf 89' lang='lat' dir='ltr'>secutus</span> <span class='ocrx_word' id='word_1_487' title='bbox 1780 5555 1890 5618; x_wconf 87' lang='lat' dir='ltr'>est,</span> <span class='ocrx_word' id='word_1_488' title='bbox 1923 5553 1980 5604; x_wconf 91' lang='lat' dir='ltr'>et</span> <span class='ocrx_word' id='word_1_489' title='bbox 2026 5548 2142 5605; x_wconf 88' lang='lat' dir='ltr'>ait:</span> 
     </span>
    </p>
   </div>
   <div class='ocr_carea' id='block_1_62' title="bbox 497 5639 2149 5713">
    <p class='ocr_par' dir='ltr' id='par_1_62' title="bbox 497 5639 2149 5713">
     <span class='ocr_line' id='line_1_62' title="bbox 497 5639 2149 5713; baseline -0.002 -14"><span class='ocrx_word' id='word_1_490' title='bbox 497 5642 612 5699; x_wconf 88' lang='lat' dir='ltr'>Non</span> <span class='ocrx_word' id='word_1_491' title='bbox 656 5640 839 5699; x_wconf 85' lang='lat' dir='ltr'>credis</span> <span class='ocrx_word' id='word_1_492' title='bbox 896 5641 1025 5713; x_wconf 89' lang='lat' dir='ltr'>quia</span> <span class='ocrx_word' id='word_1_493' title='bbox 1054 5655 1151 5712; x_wconf 87' lang='lat' dir='ltr'>ego</span> <span class='ocrx_word' id='word_1_494' title='bbox 1198 5640 1258 5695; x_wconf 89' lang='lat' dir='ltr'>in</span> <span class='ocrx_word' id='word_1_495' title='bbox 1306 5643 1491 5708; x_wconf 84' lang='lat' dir='ltr'>Patre,</span> <span class='ocrx_word' id='word_1_496' title='bbox 1541 5641 1593 5694; x_wconf 92' lang='lat' dir='ltr'>et</span> <span class='ocrx_word' id='word_1_497' title='bbox 1635 5639 1805 5698; x_wconf 88' lang='lat' dir='ltr'>Pater</span> <span class='ocrx_word' id='word_1_498' title='bbox 1846 5640 1908 5695; x_wconf 84' lang='lat' dir='ltr'>in</span> <span class='ocrx_word' id='word_1_499' title='bbox 1954 5654 2039 5695; x_wconf 87' lang='lat' dir='ltr'>me</span> <span class='ocrx_word' id='word_1_500' title='bbox 2068 5653 2149 5706; x_wconf 64' lang='lat' dir='ltr'>es:</span> 
     </span>
    </p>
   </div>
   <div class='ocr_carea' id='block_1_63' title="bbox 564 5826 1969 5895">
    <p class='ocr_par' dir='ltr' id='par_1_63' title="bbox 564 5826 1969 5895">
     <span class='ocr_line' id='line_1_63' title="bbox 564 5826 1969 5895; baseline -0.003 -14"><span class='ocrx_word' id='word_1_501' title='bbox 564 5829 587 5867; x_wconf 74' lang='grc' dir='ltr'>ί</span> <span class='ocrx_word' id='word_1_502' title='bbox 608 5827 696 5882; x_wconf 84' lang='lat' dir='ltr'>Er.</span> <span class='ocrx_word' id='word_1_503' title='bbox 726 5828 892 5895; x_wconf 78' lang='lat' dir='ltr'>Lugd.</span> <span class='ocrx_word' id='word_1_504' title='bbox 923 5828 1054 5884; x_wconf 83' lang='lat' dir='ltr'>Ven.</span> <span class='ocrx_word' id='word_1_505' title='bbox 1082 5829 1209 5884; x_wconf 85' lang='lat' dir='ltr'>Lov.</span> <span class='ocrx_word' id='word_1_506' title='bbox 1240 5827 1327 5881; x_wconf 87' lang='lat' dir='ltr'>hic</span> <span class='ocrx_word' id='word_1_507' title='bbox 1359 5826 1583 5890; x_wconf 85' lang='lat' dir='ltr'>addunt,</span> <span class='ocrx_word' id='word_1_508' title='bbox 1615 5826 1801 5892; x_wconf 82' lang='lat' dir='ltr'>inquit.</span> <span class='ocrx_word' id='word_1_509' title='bbox 1896 5827 1969 5879; x_wconf 78' lang='grc' dir='ltr'>Μ.</span> 
     </span>
    </p>
   </div>
   <div class='ocr_carea' id='block_1_64' title="bbox 2211 685 3870 760">
    <p class='ocr_par' dir='ltr' id='par_1_64' title="bbox 2211 685 3870 760">
     <span class='ocr_line' id='line_1_64' title="bbox 2211 685 3870 760; baseline -0.002 -15"><span class='ocrx_word' id='word_1_510' title='bbox 2211 708 2315 745; x_wconf 84' lang='lat' dir='ltr'>non</span> <span class='ocrx_word' id='word_1_511' title='bbox 2347 706 2443 760; x_wconf 88' lang='lat' dir='ltr'>per</span> <span class='ocrx_word' id='word_1_512' title='bbox 2469 691 2703 758; x_wconf 87' lang='lat' dir='ltr'>speciem</span> <span class='ocrx_word' id='word_1_513' title='bbox 2726 689 2798 759; x_wconf 90' lang='lat' dir='ltr'>(II</span> <span class='ocrx_word' id='word_1_514' title='bbox 2816 688 2936 743; x_wconf 84' lang='lat' dir='ltr'>Cor.</span> <span class='ocrx_word' id='word_1_515' title='bbox 2958 687 3176 759; x_wconf 88' lang='lat' dir='ltr'>v,6,6).</span> <span class='ocrx_word' id='word_1_516' title='bbox 3204 685 3622 759; x_wconf 89' lang='lat' dir='ltr'>contemplatio</span> <span class='ocrx_word' id='word_1_517' title='bbox 3647 687 3870 759; x_wconf 88' lang='lat' dir='ltr'>quippe</span> 
     </span>
    </p>
   </div>
   <div class='ocr_carea' id='block_1_65' title="bbox 2212 777 3868 848">
    <p class='ocr_par' dir='ltr' id='par_1_65' title="bbox 2212 777 3868 848">
     <span class='ocr_line' id='line_1_65' title="bbox 2212 777 3868 848; baseline -0.003 -13"><span class='ocrx_word' id='word_1_518' title='bbox 2212 796 2431 835; x_wconf 88' lang='lat' dir='ltr'>merces</span> <span class='ocrx_word' id='word_1_519' title='bbox 2453 784 2541 833; x_wconf 87' lang='lat' dir='ltr'>est</span> <span class='ocrx_word' id='word_1_520' title='bbox 2572 778 2727 844; x_wconf 84' lang='lat' dir='ltr'>fidei,</span> <span class='ocrx_word' id='word_1_521' title='bbox 2751 778 2843 832; x_wconf 91' lang='lat' dir='ltr'>cui</span> <span class='ocrx_word' id='word_1_522' title='bbox 2879 777 3131 832; x_wconf 88' lang='lat' dir='ltr'>mercedi</span> <span class='ocrx_word' id='word_1_523' title='bbox 3165 794 3267 848; x_wconf 88' lang='lat' dir='ltr'>per</span> <span class='ocrx_word' id='word_1_524' title='bbox 3296 777 3471 831; x_wconf 82' lang='lat' dir='ltr'>ﬁdem</span> <span class='ocrx_word' id='word_1_525' title='bbox 3494 777 3672 831; x_wconf 86' lang='lat' dir='ltr'>corda</span> <span class='ocrx_word' id='word_1_526' title='bbox 3694 793 3868 830; x_wconf 88' lang='lat' dir='ltr'>mun-</span> 
     </span>
    </p>
   </div>
   <div class='ocr_carea' id='block_1_66' title="bbox 2212 865 3874 938">
    <p class='ocr_par' dir='ltr' id='par_1_66' title="bbox 2212 865 3874 938">
     <span class='ocr_line' id='line_1_66' title="bbox 2212 865 3874 938; baseline -0.002 -16"><span class='ocrx_word' id='word_1_527' title='bbox 2212 869 2455 935; x_wconf 87' lang='lat' dir='ltr'>dantur;</span> <span class='ocrx_word' id='word_1_528' title='bbox 2476 869 2623 922; x_wconf 86' lang='lat' dir='ltr'>sicut</span> <span class='ocrx_word' id='word_1_529' title='bbox 2648 868 2929 938; x_wconf 89' lang='lat' dir='ltr'>scriptum</span> <span class='ocrx_word' id='word_1_530' title='bbox 2954 872 3065 930; x_wconf 84' lang='lat' dir='ltr'>est,</span> <span class='ocrx_word' id='word_1_531' title='bbox 3089 866 3353 921; x_wconf 85' lang='lat' dir='ltr'>Mundans</span> <span class='ocrx_word' id='word_1_532' title='bbox 3374 866 3478 935; x_wconf 81' lang='lat' dir='ltr'>fide</span> <span class='ocrx_word' id='word_1_533' title='bbox 3501 865 3665 920; x_wconf 88' lang='lat' dir='ltr'>corda</span> <span class='ocrx_word' id='word_1_534' title='bbox 3681 881 3874 920; x_wconf 88' lang='lat' dir='ltr'>eorum</span> 
     </span>
    </p>
   </div>
   <div class='ocr_carea' id='block_1_67' title="bbox 2212 954 3871 1031">
    <p class='ocr_par' dir='ltr' id='par_1_67' title="bbox 2212 954 3871 1031">
     <span class='ocr_line' id='line_1_67' title="bbox 2212 954 3871 1031; baseline -0.004 -17"><span class='ocrx_word' id='word_1_535' title='bbox 2212 958 2350 1031; x_wconf 82' lang='lat' dir='ltr'>(Act.</span> <span class='ocrx_word' id='word_1_536' title='bbox 2386 974 2477 1022; x_wconf 84' lang='lat' dir='ltr'>xv,</span> <span class='ocrx_word' id='word_1_537' title='bbox 2507 958 2584 1029; x_wconf 86' lang='lat'>9).</span> <span class='ocrx_word' id='word_1_538' title='bbox 2621 957 2902 1011; x_wconf 88' lang='lat' dir='ltr'>Probatur</span> <span class='ocrx_word' id='word_1_539' title='bbox 2941 962 3138 1010; x_wconf 87' lang='lat' dir='ltr'>autem</span> <span class='ocrx_word' id='word_1_540' title='bbox 3181 957 3336 1027; x_wconf 89' lang='lat' dir='ltr'>quod</span> <span class='ocrx_word' id='word_1_541' title='bbox 3371 954 3453 1009; x_wconf 92' lang='lat' dir='ltr'>illi</span> <span class='ocrx_word' id='word_1_542' title='bbox 3503 954 3871 1025; x_wconf 81' lang='lat' dir='ltr'>contempla-</span> 
     </span>
    </p>
   </div>
   <div class='ocr_carea' id='block_1_68' title="bbox 2214 1043 3877 1117">
    <p class='ocr_par' dir='ltr' id='par_1_68' title="bbox 2214 1043 3877 1117">
     <span class='ocr_line' id='line_1_68' title="bbox 2214 1043 3877 1117; baseline -0.002 -15"><span class='ocrx_word' id='word_1_543' title='bbox 2214 1048 2358 1102; x_wconf 89' lang='lat' dir='ltr'>tioni</span> <span class='ocrx_word' id='word_1_544' title='bbox 2382 1047 2556 1102; x_wconf 90' lang='lat' dir='ltr'>corda</span> <span class='ocrx_word' id='word_1_545' title='bbox 2578 1047 2957 1117; x_wconf 85' lang='lat' dir='ltr'>mundentur,</span> <span class='ocrx_word' id='word_1_546' title='bbox 2974 1043 3073 1099; x_wconf 89' lang='lat' dir='ltr'>illa</span> <span class='ocrx_word' id='word_1_547' title='bbox 3104 1045 3354 1100; x_wconf 85' lang='lat' dir='ltr'>maxime</span> <span class='ocrx_word' id='word_1_548' title='bbox 3376 1044 3877 1099; x_wconf 80' lang='lat' dir='ltr'>sententiazBeati</span> 
     </span>
    </p>
   </div>
   <div class='ocr_carea' id='block_1_69' title="bbox 2213 1133 3871 1207">
    <p class='ocr_par' dir='ltr' id='par_1_69' title="bbox 2213 1133 3871 1207">
     <span class='ocr_line' id='line_1_69' title="bbox 2213 1133 3871 1207; baseline -0.002 -16"><span class='ocrx_word' id='word_1_549' title='bbox 2213 1136 2616 1203; x_wconf 85' lang='lat' dir='ltr'>mundicordes,</span> <span class='ocrx_word' id='word_1_550' title='bbox 2656 1137 2918 1206; x_wconf 89' lang='lat' dir='ltr'>quoniam</span> <span class='ocrx_word' id='word_1_551' title='bbox 2941 1136 3055 1207; x_wconf 85' lang='lat' dir='ltr'>ipsi</span> <span class='ocrx_word' id='word_1_552' title='bbox 3084 1135 3254 1189; x_wconf 89' lang='lat' dir='ltr'>Deum</span> <span class='ocrx_word' id='word_1_553' title='bbox 3284 1133 3538 1189; x_wconf 82' lang='lat' dir='ltr'>videbunt</span> <span class='ocrx_word' id='word_1_554' title='bbox 3564 1133 3774 1205; x_wconf 78' lang='lat' dir='ltr'>(Matth.</span> <span class='ocrx_word' id='word_1_555' title='bbox 3813 1150 3871 1202; x_wconf 82' lang='grc' dir='ltr'>ν,</span> 
     </span>
    </p>
   </div>
   <div class='ocr_carea' id='block_1_70' title="bbox 2215 1221 3871 1298">
    <p class='ocr_par' dir='ltr' id='par_1_70' title="bbox 2215 1221 3871 1298">
     <span class='ocr_line' id='line_1_70' title="bbox 2215 1221 3871 1298; baseline -0.004 -17"><span class='ocrx_word' id='word_1_556' title='bbox 2215 1227 2291 1298; x_wconf 91' lang='grc'>8).</span> <span class='ocrx_word' id='word_1_557' title='bbox 2327 1226 2397 1281; x_wconf 83' lang='lat' dir='ltr'>Et</span> <span class='ocrx_word' id='word_1_558' title='bbox 2426 1225 2563 1297; x_wconf 89' lang='lat' dir='ltr'>quia</span> <span class='ocrx_word' id='word_1_559' title='bbox 2593 1225 2715 1280; x_wconf 82' lang='lat' dir='ltr'>haec</span> <span class='ocrx_word' id='word_1_560' title='bbox 2740 1230 2829 1280; x_wconf 89' lang='lat' dir='ltr'>est</span> <span class='ocrx_word' id='word_1_561' title='bbox 2852 1225 2971 1279; x_wconf 78' lang='lat' dir='ltr'>vita</span> <span class='ocrx_word' id='word_1_562' title='bbox 2992 1229 3229 1290; x_wconf 70' lang='lat' dir='ltr'>aeterna,</span> <span class='ocrx_word' id='word_1_563' title='bbox 3276 1223 3418 1279; x_wconf 91' lang='lat' dir='ltr'>dicit</span> <span class='ocrx_word' id='word_1_564' title='bbox 3442 1223 3595 1279; x_wconf 77' lang='lat' dir='ltr'>Deus</span> <span class='ocrx_word' id='word_1_565' title='bbox 3627 1222 3685 1277; x_wconf 83' lang='lat' dir='ltr'>in</span> <span class='ocrx_word' id='word_1_566' title='bbox 3709 1221 3871 1278; x_wconf 86' lang='lat' dir='ltr'>Psal-</span> 
     </span>
    </p>
   </div>
   <div class='ocr_carea' id='block_1_71' title="bbox 2220 1310 3873 1385">
    <p class='ocr_par' dir='ltr' id='par_1_71' title="bbox 2220 1310 3873 1385">
     <span class='ocr_line' id='line_1_71' title="bbox 2220 1310 3873 1385; baseline -0.003 -16"><span class='ocrx_word' id='word_1_567' title='bbox 2220 1331 2313 1369; x_wconf 90' lang='lat' dir='ltr'>mo</span> <span class='ocrx_word' id='word_1_568' title='bbox 2344 1331 2357 1369; x_wconf 91' lang='lat'>:</span> <span class='ocrx_word' id='word_1_569' title='bbox 2393 1315 2752 1385; x_wconf 79' lang='lat' dir='ltr'>Longitudine</span> <span class='ocrx_word' id='word_1_570' title='bbox 2792 1314 3006 1370; x_wconf 87' lang='lat' dir='ltr'>dierum</span> <span class='ocrx_word' id='word_1_571' title='bbox 3050 1312 3267 1385; x_wconf 76' lang='lat' dir='ltr'>replebo</span> <span class='ocrx_word' id='word_1_572' title='bbox 3305 1328 3452 1380; x_wconf 90' lang='lat' dir='ltr'>eum,</span> <span class='ocrx_word' id='word_1_573' title='bbox 3482 1315 3538 1367; x_wconf 87' lang='lat' dir='ltr'>et</span> <span class='ocrx_word' id='word_1_574' title='bbox 3583 1310 3873 1368; x_wconf 83' lang='lat' dir='ltr'>ostendam</span> 
     </span>
    </p>
   </div>
   <div class='ocr_carea' id='block_1_72' title="bbox 2218 1401 3874 1476">
    <p class='ocr_par' dir='ltr' id='par_1_72' title="bbox 2218 1401 3874 1476">
     <span class='ocr_line' id='line_1_72' title="bbox 2218 1401 3874 1476; baseline -0.003 -18"><span class='ocrx_word' id='word_1_575' title='bbox 2218 1404 2309 1458; x_wconf 87' lang='lat' dir='ltr'>illi</span> <span class='ocrx_word' id='word_1_576' title='bbox 2331 1405 2576 1460; x_wconf 88' lang='lat' dir='ltr'>salutare</span> <span class='ocrx_word' id='word_1_577' title='bbox 2602 1420 2783 1460; x_wconf 89' lang='lat' dir='ltr'>meum</span> <span class='ocrx_word' id='word_1_578' title='bbox 2814 1403 2983 1476; x_wconf 89' lang='lat' dir='ltr'>(Psal.</span> <span class='ocrx_word' id='word_1_579' title='bbox 3019 1419 3109 1472; x_wconf 89' lang='lat' dir='ltr'>xc,</span> <span class='ocrx_word' id='word_1_580' title='bbox 3144 1403 3253 1474; x_wconf 88' lang='grc'>16).</span> <span class='ocrx_word' id='word_1_581' title='bbox 3307 1402 3437 1458; x_wconf 89' lang='lat' dir='ltr'>Sive</span> <span class='ocrx_word' id='word_1_582' title='bbox 3476 1418 3612 1475; x_wconf 89' lang='lat' dir='ltr'>ergo</span> <span class='ocrx_word' id='word_1_583' title='bbox 3664 1401 3874 1456; x_wconf 87' lang='lat' dir='ltr'>audia-</span> 
     </span>
    </p>
   </div>
   <div class='ocr_carea' id='block_1_73' title="bbox 2220 1491 3874 1559">
    <p class='ocr_par' dir='ltr' id='par_1_73' title="bbox 2220 1491 3874 1559">
     <span class='ocr_line' id='line_1_73' title="bbox 2220 1491 3874 1559; baseline -0.002 -12"><span class='ocrx_word' id='word_1_584' title='bbox 2220 1509 2375 1558; x_wconf 88' lang='lat' dir='ltr'>mus,</span> <span class='ocrx_word' id='word_1_585' title='bbox 2407 1492 2659 1549; x_wconf 89' lang='lat' dir='ltr'>Ostende</span> <span class='ocrx_word' id='word_1_586' title='bbox 2689 1492 2857 1549; x_wconf 90' lang='lat' dir='ltr'>nobis</span> <span class='ocrx_word' id='word_1_587' title='bbox 2889 1492 3097 1547; x_wconf 88' lang='lat' dir='ltr'>Filium</span> <span class='ocrx_word' id='word_1_588' title='bbox 3125 1509 3138 1559; x_wconf 89' lang='lat'>;</span> <span class='ocrx_word' id='word_1_589' title='bbox 3171 1492 3290 1547; x_wconf 90' lang='lat' dir='ltr'>sive</span> <span class='ocrx_word' id='word_1_590' title='bbox 3320 1491 3655 1556; x_wconf 88' lang='lat' dir='ltr'>audiamus,</span> <span class='ocrx_word' id='word_1_591' title='bbox 3678 1493 3874 1549; x_wconf 85' lang='lat' dir='ltr'>Osten-</span> 
     </span>
    </p>
   </div>
   <div class='ocr_carea' id='block_1_74' title="bbox 2218 1580 3877 1653">
    <p class='ocr_par' dir='ltr' id='par_1_74' title="bbox 2218 1580 3877 1653">
     <span class='ocr_line' id='line_1_74' title="bbox 2218 1580 3877 1653; baseline -0.003 -15"><span class='ocrx_word' id='word_1_592' title='bbox 2218 1582 2284 1638; x_wconf 89' lang='lat' dir='ltr'>de</span> <span class='ocrx_word' id='word_1_593' title='bbox 2329 1583 2486 1637; x_wconf 84' lang='lat' dir='ltr'>nobis</span> <span class='ocrx_word' id='word_1_594' title='bbox 2533 1587 2795 1638; x_wconf 86' lang='lat' dir='ltr'>Patrem:</span> <span class='ocrx_word' id='word_1_595' title='bbox 2837 1582 3208 1637; x_wconf 86' lang='lat' dir='ltr'>tantumdem</span> <span class='ocrx_word' id='word_1_596' title='bbox 3249 1580 3437 1648; x_wconf 87' lang='lat' dir='ltr'>valet;</span> <span class='ocrx_word' id='word_1_597' title='bbox 3488 1581 3624 1653; x_wconf 74' lang='lat' dir='ltr'>quia</span> <span class='ocrx_word' id='word_1_598' title='bbox 3662 1585 3877 1635; x_wconf 83' lang='lat' dir='ltr'>neuter</span> 
     </span>
    </p>
   </div>
   <div class='ocr_carea' id='block_1_75' title="bbox 2220 1669 3877 1742">
    <p class='ocr_par' dir='ltr' id='par_1_75' title="bbox 2220 1669 3877 1742">
     <span class='ocr_line' id='line_1_75' title="bbox 2220 1669 3877 1742; baseline -0.002 -17"><span class='ocrx_word' id='word_1_599' title='bbox 2220 1672 2347 1726; x_wconf 89' lang='lat' dir='ltr'>sine</span> <span class='ocrx_word' id='word_1_600' title='bbox 2369 1670 2549 1727; x_wconf 89' lang='lat' dir='ltr'>altero</span> <span class='ocrx_word' id='word_1_601' title='bbox 2582 1676 2770 1742; x_wconf 86' lang='lat' dir='ltr'>potest</span> <span class='ocrx_word' id='word_1_602' title='bbox 2799 1670 3048 1726; x_wconf 86' lang='lat' dir='ltr'>ostendi.</span> <span class='ocrx_word' id='word_1_603' title='bbox 3084 1669 3273 1725; x_wconf 91' lang='lat' dir='ltr'>Unum</span> <span class='ocrx_word' id='word_1_604' title='bbox 3299 1670 3513 1741; x_wconf 91' lang='lat' dir='ltr'>quippe</span> <span class='ocrx_word' id='word_1_605' title='bbox 3534 1672 3693 1739; x_wconf 84' lang='lat' dir='ltr'>sunt,</span> <span class='ocrx_word' id='word_1_606' title='bbox 3716 1669 3877 1722; x_wconf 86' lang='lat' dir='ltr'>sicut</span> 
     </span>
    </p>
   </div>
   <div class='ocr_carea' id='block_1_76' title="bbox 2221 1759 3875 1832">
    <p class='ocr_par' dir='ltr' id='par_1_76' title="bbox 2221 1759 3875 1832">
     <span class='ocr_line' id='line_1_76' title="bbox 2221 1759 3875 1832; baseline -0.002 -17"><span class='ocrx_word' id='word_1_607' title='bbox 2221 1764 2277 1816; x_wconf 91' lang='lat' dir='ltr'>et</span> <span class='ocrx_word' id='word_1_608' title='bbox 2306 1761 2430 1832; x_wconf 90' lang='lat' dir='ltr'>ipse</span> <span class='ocrx_word' id='word_1_609' title='bbox 2459 1760 2576 1815; x_wconf 90' lang='lat' dir='ltr'>ait:</span> <span class='ocrx_word' id='word_1_610' title='bbox 2604 1761 2712 1829; x_wconf 86' lang='lat' dir='ltr'>Ego</span> <span class='ocrx_word' id='word_1_611' title='bbox 2743 1769 2797 1815; x_wconf 80' lang='lat' dir='ltr'>et</span> <span class='ocrx_word' id='word_1_612' title='bbox 2839 1761 3003 1815; x_wconf 85' lang='lat' dir='ltr'>Pater</span> <span class='ocrx_word' id='word_1_613' title='bbox 3031 1776 3203 1814; x_wconf 89' lang='lat' dir='ltr'>unum</span> <span class='ocrx_word' id='word_1_614' title='bbox 3234 1775 3426 1813; x_wconf 87' lang='lat' dir='ltr'>sumus</span> <span class='ocrx_word' id='word_1_615' title='bbox 3457 1760 3638 1830; x_wconf 84' lang='lat' dir='ltr'>(Joan.</span> <span class='ocrx_word' id='word_1_616' title='bbox 3671 1774 3731 1822; x_wconf 86' lang='lat' dir='ltr'>x,</span> <span class='ocrx_word' id='word_1_617' title='bbox 3756 1759 3875 1823; x_wconf 92' lang='lat'>30).</span> 
     </span>
    </p>
   </div>
   <div class='ocr_carea' id='block_1_77' title="bbox 2222 1847 3874 1921">
    <p class='ocr_par' dir='ltr' id='par_1_77' title="bbox 2222 1847 3874 1921">
     <span class='ocr_line' id='line_1_77' title="bbox 2222 1847 3874 1921; baseline -0.002 -17"><span class='ocrx_word' id='word_1_618' title='bbox 2222 1849 2481 1920; x_wconf 89' lang='lat' dir='ltr'>Denique</span> <span class='ocrx_word' id='word_1_619' title='bbox 2539 1854 2776 1921; x_wconf 89' lang='lat' dir='ltr'>propter</span> <span class='ocrx_word' id='word_1_620' title='bbox 2831 1848 3020 1921; x_wconf 87' lang='lat' dir='ltr'>ipsam</span> <span class='ocrx_word' id='word_1_621' title='bbox 3093 1847 3636 1920; x_wconf 86' lang='lat' dir='ltr'>inseparabilitem,</span> <span class='ocrx_word' id='word_1_622' title='bbox 3708 1847 3874 1902; x_wconf 85' lang='lat' dir='ltr'>suffi-</span> 
     </span>
    </p>
   </div>
   <div class='ocr_carea' id='block_1_78' title="bbox 2222 1934 3873 2009">
    <p class='ocr_par' dir='ltr' id='par_1_78' title="bbox 2222 1934 3873 2009">
     <span class='ocr_line' id='line_1_78' title="bbox 2222 1934 3873 2009; baseline -0.003 -16"><span class='ocrx_word' id='word_1_623' title='bbox 2222 1938 2446 1993; x_wconf 89' lang='lat' dir='ltr'>cienter</span> <span class='ocrx_word' id='word_1_624' title='bbox 2507 1936 2821 2009; x_wconf 87' lang='lat' dir='ltr'>aliquando</span> <span class='ocrx_word' id='word_1_625' title='bbox 2879 1937 3253 2003; x_wconf 88' lang='lat' dir='ltr'>nominatur,</span> <span class='ocrx_word' id='word_1_626' title='bbox 3304 1936 3391 1992; x_wconf 88' lang='lat' dir='ltr'>vel</span> <span class='ocrx_word' id='word_1_627' title='bbox 3444 1936 3612 1991; x_wconf 84' lang='lat' dir='ltr'>Pater</span> <span class='ocrx_word' id='word_1_628' title='bbox 3668 1934 3873 1998; x_wconf 89' lang='lat' dir='ltr'>solus,</span> 
     </span>
    </p>
   </div>
   <div class='ocr_carea' id='block_1_79' title="bbox 2222 2024 3875 2100">
    <p class='ocr_par' dir='ltr' id='par_1_79' title="bbox 2222 2024 3875 2100">
     <span class='ocr_line' id='line_1_79' title="bbox 2222 2024 3875 2100; baseline -0.001 -20"><span class='ocrx_word' id='word_1_629' title='bbox 2222 2026 2310 2081; x_wconf 89' lang='lat' dir='ltr'>vel</span> <span class='ocrx_word' id='word_1_630' title='bbox 2340 2026 2522 2082; x_wconf 90' lang='lat' dir='ltr'>Filius</span> <span class='ocrx_word' id='word_1_631' title='bbox 2540 2025 2701 2082; x_wconf 90' lang='lat' dir='ltr'>solus</span> <span class='ocrx_word' id='word_1_632' title='bbox 2731 2025 3160 2100; x_wconf 88' lang='lat' dir='ltr'>adimpleturus</span> <span class='ocrx_word' id='word_1_633' title='bbox 3184 2042 3288 2081; x_wconf 89' lang='lat' dir='ltr'>nos</span> <span class='ocrx_word' id='word_1_634' title='bbox 3311 2025 3513 2083; x_wconf 61' lang='lat' dir='ltr'>latitia</span> <span class='ocrx_word' id='word_1_635' title='bbox 3541 2042 3676 2082; x_wconf 90' lang='lat' dir='ltr'>cum</span> <span class='ocrx_word' id='word_1_636' title='bbox 3706 2024 3875 2079; x_wconf 90' lang='lat' dir='ltr'>vultu</span> 
     </span>
    </p>
   </div>
   <div class='ocr_carea' id='block_1_80' title="bbox 2227 2132 2354 2171">
    <p class='ocr_par' dir='ltr' id='par_1_80' title="bbox 2227 2132 2354 2171">
     <span class='ocr_line' id='line_1_80' title="bbox 2227 2132 2354 2171; baseline -0.016 0"><span class='ocrx_word' id='word_1_637' title='bbox 2227 2132 2354 2171; x_wconf 79' lang='grc'>8110.</span> 
     </span>
    </p>
   </div>
   <div class='ocr_carea' id='block_1_81' title="bbox 2300 2256 3879 2331">
    <p class='ocr_par' dir='ltr' id='par_1_81' title="bbox 2300 2256 3879 2331">
     <span class='ocr_line' id='line_1_81' title="bbox 2300 2256 3879 2331; baseline -0.002 -18"><span class='ocrx_word' id='word_1_638' title='bbox 2300 2259 2384 2313; x_wconf 92' lang='grc'>18.</span> <span class='ocrx_word' id='word_1_639' title='bbox 2410 2259 2522 2314; x_wconf 88' lang='lat' dir='ltr'>Nec</span> <span class='ocrx_word' id='word_1_640' title='bbox 2545 2259 2678 2314; x_wconf 92' lang='lat' dir='ltr'>inde</span> <span class='ocrx_word' id='word_1_641' title='bbox 2708 2263 3012 2329; x_wconf 81' lang='lat' dir='ltr'>separetur</span> <span class='ocrx_word' id='word_1_642' title='bbox 3042 2257 3353 2331; x_wconf 88' lang='lat' dir='ltr'>utriusque</span> <span class='ocrx_word' id='word_1_643' title='bbox 3373 2257 3645 2330; x_wconf 87' lang='lat' dir='ltr'>Spiritus,</span> <span class='ocrx_word' id='word_1_644' title='bbox 3690 2256 3747 2311; x_wconf 90' lang='lat' dir='ltr'>id</span> <span class='ocrx_word' id='word_1_645' title='bbox 3789 2267 3879 2311; x_wconf 87' lang='lat' dir='ltr'>est</span> 
     </span>
    </p>
   </div>
   <div class='ocr_carea' id='block_1_82' title="bbox 2227 2346 3996 2419">
    <p class='ocr_par' dir='ltr' id='par_1_82' title="bbox 2227 2346 3996 2419">
     <span class='ocr_line' id='line_1_82' title="bbox 2227 2346 3996 2419; baseline -0.001 -16"><span class='ocrx_word' id='word_1_646' title='bbox 2227 2347 2415 2403; x_wconf 90' lang='lat' dir='ltr'>Patris</span> <span class='ocrx_word' id='word_1_647' title='bbox 2445 2352 2501 2401; x_wconf 93' lang='lat' dir='ltr'>et</span> <span class='ocrx_word' id='word_1_648' title='bbox 2533 2346 2655 2402; x_wconf 88' lang='lat' dir='ltr'>Filii</span> <span class='ocrx_word' id='word_1_649' title='bbox 2682 2347 2951 2419; x_wconf 84' lang='lat' dir='ltr'>Spiritus.</span> <span class='ocrx_word' id='word_1_650' title='bbox 2978 2348 3085 2413; x_wconf 89' lang='lat' dir='ltr'>Qui</span> <span class='ocrx_word' id='word_1_651' title='bbox 3108 2347 3362 2419; x_wconf 90' lang='lat' dir='ltr'>Spiritus</span> <span class='ocrx_word' id='word_1_652' title='bbox 3385 2353 3624 2402; x_wconf 89' lang='lat' dir='ltr'>sanctus</span> <span class='ocrx_word' id='word_1_653' title='bbox 3647 2346 3880 2418; x_wconf 89' lang='lat' dir='ltr'>proprie</span> <span class='ocrx_word' id='word_1_654' title='bbox 3981 2361 3996 2373; x_wconf 81' lang='lat'>&#39;</span> 
     </span>
    </p>
   </div>
   <div class='ocr_carea' id='block_1_83' title="bbox 2228 2435 3887 2508">
    <p class='ocr_par' dir='ltr' id='par_1_83' title="bbox 2228 2435 3887 2508">
     <span class='ocr_line' id='line_1_83' title="bbox 2228 2435 3887 2508; baseline -0.001 -17"><span class='ocrx_word' id='word_1_655' title='bbox 2228 2436 2442 2491; x_wconf 89' lang='lat' dir='ltr'>dicitur</span> <span class='ocrx_word' id='word_1_656' title='bbox 2471 2435 2713 2507; x_wconf 84' lang='lat' dir='ltr'>Spiritus</span> <span class='ocrx_word' id='word_1_657' title='bbox 2742 2438 3016 2503; x_wconf 84' lang='lat' dir='ltr'>veritatis,</span> <span class='ocrx_word' id='word_1_658' title='bbox 3048 2453 3207 2508; x_wconf 89' lang='lat' dir='ltr'>quem</span> <span class='ocrx_word' id='word_1_659' title='bbox 3243 2437 3331 2491; x_wconf 83' lang='lat' dir='ltr'>hic</span> <span class='ocrx_word' id='word_1_660' title='bbox 3358 2436 3595 2491; x_wconf 88' lang='lat' dir='ltr'>mundus</span> <span class='ocrx_word' id='word_1_661' title='bbox 3625 2437 3887 2505; x_wconf 86' lang='lat' dir='ltr'>accipere</span> 
     </span>
    </p>
   </div>
   <div class='ocr_carea' id='block_1_84' title="bbox 2228 2524 3885 2597">
    <p class='ocr_par' dir='ltr' id='par_1_84' title="bbox 2228 2524 3885 2597">
     <span class='ocr_line' id='line_1_84' title="bbox 2228 2524 3885 2597; baseline -0.001 -18"><span class='ocrx_word' id='word_1_662' title='bbox 2228 2541 2335 2579; x_wconf 88' lang='lat' dir='ltr'>non</span> <span class='ocrx_word' id='word_1_663' title='bbox 2358 2526 2653 2597; x_wconf 83' lang='lat' dir='ltr'>potest(ld.</span> <span class='ocrx_word' id='word_1_664' title='bbox 2685 2526 2798 2593; x_wconf 76' lang='lat' dir='ltr'>xiv,</span> <span class='ocrx_word' id='word_1_665' title='bbox 2835 2526 2942 2596; x_wconf 92' lang='grc'>17).</span> <span class='ocrx_word' id='word_1_666' title='bbox 2995 2526 3112 2581; x_wconf 91' lang='lat' dir='ltr'>Hoc</span> <span class='ocrx_word' id='word_1_667' title='bbox 3134 2531 3223 2581; x_wconf 91' lang='lat' dir='ltr'>est</span> <span class='ocrx_word' id='word_1_668' title='bbox 3259 2526 3416 2580; x_wconf 90' lang='lat' dir='ltr'>enim</span> <span class='ocrx_word' id='word_1_669' title='bbox 3460 2524 3702 2596; x_wconf 87' lang='lat' dir='ltr'>plenum</span> <span class='ocrx_word' id='word_1_670' title='bbox 3736 2540 3885 2595; x_wconf 87' lang='lat' dir='ltr'>gau-</span> 
     </span>
    </p>
   </div>
   <div class='ocr_carea' id='block_1_85' title="bbox 2228 2613 3889 2687">
    <p class='ocr_par' dir='ltr' id='par_1_85' title="bbox 2228 2613 3889 2687">
     <span class='ocr_line' id='line_1_85' title="bbox 2228 2613 3889 2687; baseline -0.003 -18"><span class='ocrx_word' id='word_1_671' title='bbox 2228 2615 2392 2669; x_wconf 86' lang='lat' dir='ltr'>dium</span> <span class='ocrx_word' id='word_1_672' title='bbox 2427 2625 2713 2683; x_wconf 86' lang='lat' dir='ltr'>nostrum,</span> <span class='ocrx_word' id='word_1_673' title='bbox 2746 2631 2861 2687; x_wconf 92' lang='lat' dir='ltr'>quo</span> <span class='ocrx_word' id='word_1_674' title='bbox 2892 2614 3146 2685; x_wconf 90' lang='lat' dir='ltr'>amplius</span> <span class='ocrx_word' id='word_1_675' title='bbox 3177 2631 3292 2670; x_wconf 90' lang='lat' dir='ltr'>non</span> <span class='ocrx_word' id='word_1_676' title='bbox 3314 2620 3423 2682; x_wconf 88' lang='lat' dir='ltr'>est,</span> <span class='ocrx_word' id='word_1_677' title='bbox 3458 2613 3569 2668; x_wconf 87' lang='lat' dir='ltr'>frui</span> <span class='ocrx_word' id='word_1_678' title='bbox 3596 2613 3889 2669; x_wconf 86' lang='lat' dir='ltr'>Trinitate</span> 
     </span>
    </p>
   </div>
   <div class='ocr_carea' id='block_1_86' title="bbox 2229 2699 3887 2775">
    <p class='ocr_par' dir='ltr' id='par_1_86' title="bbox 2229 2699 3887 2775">
     <span class='ocr_line' id='line_1_86' title="bbox 2229 2699 3887 2775; baseline -0.002 -17"><span class='ocrx_word' id='word_1_679' title='bbox 2229 2702 2344 2759; x_wconf 91' lang='lat' dir='ltr'>Deo</span> <span class='ocrx_word' id='word_1_680' title='bbox 2366 2703 2435 2757; x_wconf 87' lang='lat' dir='ltr'>ad</span> <span class='ocrx_word' id='word_1_681' title='bbox 2451 2704 2621 2774; x_wconf 83' lang='lat' dir='ltr'>cujus</span> <span class='ocrx_word' id='word_1_682' title='bbox 2644 2703 2955 2775; x_wconf 84' lang='lat' dir='ltr'>imaginem</span> <span class='ocrx_word' id='word_1_683' title='bbox 2983 2705 3117 2759; x_wconf 88' lang='lat' dir='ltr'>facti</span> <span class='ocrx_word' id='word_1_684' title='bbox 3149 2707 3626 2775; x_wconf 87' lang='lat' dir='ltr'>sumus.Propter</span> <span class='ocrx_word' id='word_1_685' title='bbox 3648 2702 3755 2756; x_wconf 89' lang='lat' dir='ltr'>hoc</span> <span class='ocrx_word' id='word_1_686' title='bbox 3780 2699 3887 2755; x_wconf 89' lang='lat' dir='ltr'>ali-</span> 
     </span>
    </p>
   </div>
   <div class='ocr_carea' id='block_1_87' title="bbox 2229 2789 3881 2865">
    <p class='ocr_par' dir='ltr' id='par_1_87' title="bbox 2229 2789 3881 2865">
     <span class='ocr_line' id='line_1_87' title="bbox 2229 2789 3881 2865; baseline -0.001 -19"><span class='ocrx_word' id='word_1_687' title='bbox 2229 2792 2464 2864; x_wconf 91' lang='lat' dir='ltr'>quando</span> <span class='ocrx_word' id='word_1_688' title='bbox 2495 2792 2575 2847; x_wconf 90' lang='lat' dir='ltr'>ita</span> <span class='ocrx_word' id='word_1_689' title='bbox 2602 2792 3166 2865; x_wconf 88' lang='lat' dir='ltr'>loquiturdeSpiritu</span> <span class='ocrx_word' id='word_1_690' title='bbox 3188 2796 3389 2848; x_wconf 89' lang='lat' dir='ltr'>sancto</span> <span class='ocrx_word' id='word_1_691' title='bbox 3407 2798 3695 2863; x_wconf 87' lang='lat' dir='ltr'>tanquam</span> <span class='ocrx_word' id='word_1_692' title='bbox 3714 2789 3881 2846; x_wconf 88' lang='lat' dir='ltr'>solus</span> 
     </span>
    </p>
   </div>
   <div class='ocr_carea' id='block_1_88' title="bbox 2230 2880 3888 2953">
    <p class='ocr_par' dir='ltr' id='par_1_88' title="bbox 2230 2880 3888 2953">
     <span class='ocr_line' id='line_1_88' title="bbox 2230 2880 3888 2953; baseline 0 -18"><span class='ocrx_word' id='word_1_693' title='bbox 2230 2880 2357 2953; x_wconf 89' lang='lat' dir='ltr'>ipse</span> <span class='ocrx_word' id='word_1_694' title='bbox 2372 2882 2627 2936; x_wconf 87' lang='lat' dir='ltr'>sufficiat</span> <span class='ocrx_word' id='word_1_695' title='bbox 2646 2883 2717 2936; x_wconf 89' lang='lat' dir='ltr'>ad</span> <span class='ocrx_word' id='word_1_696' title='bbox 2742 2882 3162 2936; x_wconf 87' lang='lat' dir='ltr'>beatitudinem</span> <span class='ocrx_word' id='word_1_697' title='bbox 3188 2887 3449 2937; x_wconf 88' lang='lat' dir='ltr'>nostram</span> <span class='ocrx_word' id='word_1_698' title='bbox 3469 2899 3482 2938; x_wconf 86' lang='lat'>:</span> <span class='ocrx_word' id='word_1_699' title='bbox 3501 2888 3558 2935; x_wconf 89' lang='lat' dir='ltr'>et</span> <span class='ocrx_word' id='word_1_700' title='bbox 3576 2881 3704 2936; x_wconf 92' lang='lat' dir='ltr'>ideo</span> <span class='ocrx_word' id='word_1_701' title='bbox 3720 2880 3888 2935; x_wconf 88' lang='lat' dir='ltr'>solus</span> 
     </span>
    </p>
   </div>
   <div class='ocr_carea' id='block_1_89' title="bbox 2231 2970 3887 3041">
    <p class='ocr_par' dir='ltr' id='par_1_89' title="bbox 2231 2970 3887 3041">
     <span class='ocr_line' id='line_1_89' title="bbox 2231 2970 3887 3041; baseline -0.002 -16"><span class='ocrx_word' id='word_1_702' title='bbox 2231 2970 2471 3040; x_wconf 81' lang='lat' dir='ltr'>sufficit,</span> <span class='ocrx_word' id='word_1_703' title='bbox 2512 2970 2651 3041; x_wconf 91' lang='lat' dir='ltr'>quia</span> <span class='ocrx_word' id='word_1_704' title='bbox 2684 2971 2941 3041; x_wconf 90' lang='lat' dir='ltr'>separari</span> <span class='ocrx_word' id='word_1_705' title='bbox 2990 2987 3023 3025; x_wconf 87' lang='lat' dir='ltr'>a</span> <span class='ocrx_word' id='word_1_706' title='bbox 3047 2971 3215 3026; x_wconf 89' lang='lat' dir='ltr'>Patre</span> <span class='ocrx_word' id='word_1_707' title='bbox 3246 2975 3303 3025; x_wconf 89' lang='lat' dir='ltr'>et</span> <span class='ocrx_word' id='word_1_708' title='bbox 3334 2970 3477 3025; x_wconf 84' lang='lat' dir='ltr'>Filio</span> <span class='ocrx_word' id='word_1_709' title='bbox 3514 2985 3627 3024; x_wconf 91' lang='lat' dir='ltr'>non</span> <span class='ocrx_word' id='word_1_710' title='bbox 3653 2973 3887 3041; x_wconf 88' lang='lat' dir='ltr'>potest;</span> 
     </span>
    </p>
   </div>
   <div class='ocr_carea' id='block_1_90' title="bbox 2232 3056 3895 3130">
    <p class='ocr_par' dir='ltr' id='par_1_90' title="bbox 2232 3056 3895 3130">
     <span class='ocr_line' id='line_1_90' title="bbox 2232 3056 3895 3130; baseline -0.002 -17"><span class='ocrx_word' id='word_1_711' title='bbox 2232 3060 2384 3114; x_wconf 91' lang='lat' dir='ltr'>sicut</span> <span class='ocrx_word' id='word_1_712' title='bbox 2410 3059 2576 3114; x_wconf 84' lang='lat' dir='ltr'>Pater</span> <span class='ocrx_word' id='word_1_713' title='bbox 2612 3059 2772 3114; x_wconf 91' lang='lat' dir='ltr'>solus</span> <span class='ocrx_word' id='word_1_714' title='bbox 2794 3060 3175 3130; x_wconf 79' lang='lat' dir='ltr'>sufﬁcit,quia</span> <span class='ocrx_word' id='word_1_715' title='bbox 3198 3059 3456 3130; x_wconf 87' lang='lat' dir='ltr'>separari</span> <span class='ocrx_word' id='word_1_716' title='bbox 3474 3058 3667 3113; x_wconf 88' lang='lat' dir='ltr'>aFilio</span> <span class='ocrx_word' id='word_1_717' title='bbox 3687 3063 3745 3112; x_wconf 91' lang='lat' dir='ltr'>et</span> <span class='ocrx_word' id='word_1_718' title='bbox 3761 3056 3863 3129; x_wconf 88' lang='lat' dir='ltr'>Spi</span> <span class='ocrx_word' id='word_1_719' title='bbox 3880 3088 3895 3096; x_wconf 86' lang='lat'><strong>-</strong></span> 
     </span>
    </p>
   </div>
   <div class='ocr_carea' id='block_1_91' title="bbox 2232 3146 3896 3220">
    <p class='ocr_par' dir='ltr' id='par_1_91' title="bbox 2232 3146 3896 3220">
     <span class='ocr_line' id='line_1_91' title="bbox 2232 3146 3896 3220; baseline -0.001 -17"><span class='ocrx_word' id='word_1_720' title='bbox 2232 3148 2348 3203; x_wconf 88' lang='lat' dir='ltr'>ritu</span> <span class='ocrx_word' id='word_1_721' title='bbox 2374 3154 2575 3203; x_wconf 88' lang='lat' dir='ltr'>sancto</span> <span class='ocrx_word' id='word_1_722' title='bbox 2598 3165 2712 3203; x_wconf 92' lang='lat' dir='ltr'>non</span> <span class='ocrx_word' id='word_1_723' title='bbox 2743 3153 2965 3220; x_wconf 89' lang='lat' dir='ltr'>potest;</span> <span class='ocrx_word' id='word_1_724' title='bbox 2998 3149 3064 3203; x_wconf 87' lang='lat' dir='ltr'>Et</span> <span class='ocrx_word' id='word_1_725' title='bbox 3090 3148 3270 3204; x_wconf 87' lang='lat' dir='ltr'>Filius</span> <span class='ocrx_word' id='word_1_726' title='bbox 3311 3149 3441 3203; x_wconf 89' lang='lat' dir='ltr'>ideo</span> <span class='ocrx_word' id='word_1_727' title='bbox 3473 3146 3693 3203; x_wconf 81' lang='lat' dir='ltr'>sufficit</span> <span class='ocrx_word' id='word_1_728' title='bbox 3723 3146 3896 3202; x_wconf 87' lang='lat' dir='ltr'>solus</span> 
     </span>
    </p>
   </div>
   <div class='ocr_carea' id='block_1_92' title="bbox 2231 3237 3889 3309">
    <p class='ocr_par' dir='ltr' id='par_1_92' title="bbox 2231 3237 3889 3309">
     <span class='ocr_line' id='line_1_92' title="bbox 2231 3237 3889 3309; baseline -0.002 -17"><span class='ocrx_word' id='word_1_729' title='bbox 2231 3237 2370 3309; x_wconf 91' lang='lat' dir='ltr'>quia</span> <span class='ocrx_word' id='word_1_730' title='bbox 2401 3238 2657 3309; x_wconf 90' lang='lat' dir='ltr'>separari</span> <span class='ocrx_word' id='word_1_731' title='bbox 2690 3238 2903 3293; x_wconf 89' lang='lat' dir='ltr'>aPatre</span> <span class='ocrx_word' id='word_1_732' title='bbox 2925 3243 2982 3293; x_wconf 89' lang='lat' dir='ltr'>et</span> <span class='ocrx_word' id='word_1_733' title='bbox 3010 3237 3223 3309; x_wconf 81' lang='lat' dir='ltr'>Spiritu</span> <span class='ocrx_word' id='word_1_734' title='bbox 3259 3242 3463 3293; x_wconf 89' lang='lat' dir='ltr'>sancto</span> <span class='ocrx_word' id='word_1_735' title='bbox 3504 3253 3615 3292; x_wconf 88' lang='lat' dir='ltr'>non</span> <span class='ocrx_word' id='word_1_736' title='bbox 3668 3240 3889 3308; x_wconf 83' lang='lat' dir='ltr'>potest.</span> 
     </span>
    </p>
   </div>
   <div class='ocr_carea' id='block_1_93' title="bbox 2231 3325 3891 3398">
    <p class='ocr_par' dir='ltr' id='par_1_93' title="bbox 2231 3325 3891 3398">
     <span class='ocr_line' id='line_1_93' title="bbox 2231 3325 3891 3398; baseline -0.002 -17"><span class='ocrx_word' id='word_1_737' title='bbox 2231 3326 2377 3390; x_wconf 87' lang='lat' dir='ltr'>Quid</span> <span class='ocrx_word' id='word_1_738' title='bbox 2401 3326 2557 3381; x_wconf 90' lang='lat' dir='ltr'>enim</span> <span class='ocrx_word' id='word_1_739' title='bbox 2579 3325 2831 3382; x_wconf 88' lang='lat' dir='ltr'>sibivult</span> <span class='ocrx_word' id='word_1_740' title='bbox 2859 3327 3015 3398; x_wconf 90' lang='lat' dir='ltr'>quod</span> <span class='ocrx_word' id='word_1_741' title='bbox 3061 3327 3159 3393; x_wconf 90' lang='lat' dir='ltr'>ait,</span> <span class='ocrx_word' id='word_1_742' title='bbox 3208 3326 3270 3382; x_wconf 88' lang='lat' dir='ltr'>Si</span> <span class='ocrx_word' id='word_1_743' title='bbox 3312 3326 3546 3396; x_wconf 87' lang='lat' dir='ltr'>diligitis</span> <span class='ocrx_word' id='word_1_744' title='bbox 3575 3341 3682 3391; x_wconf 89' lang='lat' dir='ltr'>me,</span> <span class='ocrx_word' id='word_1_745' title='bbox 3726 3341 3891 3379; x_wconf 87' lang='lat' dir='ltr'>man-</span> 
     </span>
    </p>
   </div>
   <div class='ocr_carea' id='block_1_94' title="bbox 2232 3412 3890 3488">
    <p class='ocr_par' dir='ltr' id='par_1_94' title="bbox 2232 3412 3890 3488">
     <span class='ocr_line' id='line_1_94' title="bbox 2232 3412 3890 3488; baseline -0.002 -17"><span class='ocrx_word' id='word_1_746' title='bbox 2232 3415 2361 3471; x_wconf 85' lang='lat' dir='ltr'>data</span> <span class='ocrx_word' id='word_1_747' title='bbox 2390 3433 2513 3472; x_wconf 84' lang='lat' dir='ltr'>mea</span> <span class='ocrx_word' id='word_1_748' title='bbox 2528 3420 2771 3483; x_wconf 87' lang='lat' dir='ltr'>servate;</span> <span class='ocrx_word' id='word_1_749' title='bbox 2804 3419 2852 3471; x_wconf 86' lang='lat' dir='ltr'>et</span> <span class='ocrx_word' id='word_1_750' title='bbox 2873 3431 2969 3486; x_wconf 89' lang='lat' dir='ltr'>ego</span> <span class='ocrx_word' id='word_1_751' title='bbox 2991 3416 3198 3488; x_wconf 88' lang='lat' dir='ltr'>rogabo</span> <span class='ocrx_word' id='word_1_752' title='bbox 3221 3416 3460 3480; x_wconf 87' lang='lat' dir='ltr'>Patrem,</span> <span class='ocrx_word' id='word_1_753' title='bbox 3491 3423 3542 3469; x_wconf 92' lang='lat' dir='ltr'>et</span> <span class='ocrx_word' id='word_1_754' title='bbox 3570 3414 3753 3469; x_wconf 86' lang='lat' dir='ltr'>alium</span> <span class='ocrx_word' id='word_1_755' title='bbox 3789 3412 3890 3468; x_wconf 89' lang='lat' dir='ltr'>ad-</span> 
     </span>
    </p>
   </div>
   <div class='ocr_carea' id='block_1_95' title="bbox 2230 3502 3892 3573">
    <p class='ocr_par' dir='ltr' id='par_1_95' title="bbox 2230 3502 3892 3573">
     <span class='ocr_line' id='line_1_95' title="bbox 2230 3502 3892 3573; baseline -0.002 -14"><span class='ocrx_word' id='word_1_756' title='bbox 2230 3507 2475 3560; x_wconf 85' lang='lat' dir='ltr'>vocatum</span> <span class='ocrx_word' id='word_1_757' title='bbox 2489 3503 2640 3560; x_wconf 84' lang='lat' dir='ltr'>dabit</span> <span class='ocrx_word' id='word_1_758' title='bbox 2670 3505 2837 3573; x_wconf 83' lang='lat' dir='ltr'>vobis,</span> <span class='ocrx_word' id='word_1_759' title='bbox 2866 3508 2927 3559; x_wconf 88' lang='lat' dir='ltr'>ut</span> <span class='ocrx_word' id='word_1_760' title='bbox 2954 3504 3225 3560; x_wconf 86' lang='lat' dir='ltr'>vobiscum</span> <span class='ocrx_word' id='word_1_761' title='bbox 3252 3509 3325 3559; x_wconf 77' lang='lat' dir='ltr'>sit</span> <span class='ocrx_word' id='word_1_762' title='bbox 3354 3506 3416 3559; x_wconf 87' lang='lat' dir='ltr'>in</span> <span class='ocrx_word' id='word_1_763' title='bbox 3443 3508 3739 3569; x_wconf 68' lang='lat' dir='ltr'>aeternum,</span> <span class='ocrx_word' id='word_1_764' title='bbox 3765 3502 3892 3573; x_wconf 87' lang='lat' dir='ltr'>Spi-</span> 
     </span>
    </p>
   </div>
   <div class='ocr_carea' id='block_1_96' title="bbox 2231 3592 3897 3665">
    <p class='ocr_par' dir='ltr' id='par_1_96' title="bbox 2231 3592 3897 3665">
     <span class='ocr_line' id='line_1_96' title="bbox 2231 3592 3897 3665; baseline -0.002 -16"><span class='ocrx_word' id='word_1_765' title='bbox 2231 3596 2407 3649; x_wconf 83' lang='lat' dir='ltr'>ritum</span> <span class='ocrx_word' id='word_1_766' title='bbox 2435 3596 2704 3660; x_wconf 81' lang='lat' dir='ltr'>veritatis,</span> <span class='ocrx_word' id='word_1_767' title='bbox 2741 3610 2899 3664; x_wconf 89' lang='lat' dir='ltr'>quem</span> <span class='ocrx_word' id='word_1_768' title='bbox 2935 3593 3027 3648; x_wconf 85' lang='lat' dir='ltr'>hic</span> <span class='ocrx_word' id='word_1_769' title='bbox 3048 3592 3283 3649; x_wconf 82' lang='lat' dir='ltr'>mundus</span> <span class='ocrx_word' id='word_1_770' title='bbox 3308 3595 3554 3665; x_wconf 77' lang='lat' dir='ltr'>accipere</span> <span class='ocrx_word' id='word_1_771' title='bbox 3580 3608 3691 3646; x_wconf 83' lang='lat' dir='ltr'>non</span> <span class='ocrx_word' id='word_1_772' title='bbox 3722 3600 3897 3663; x_wconf 87' lang='lat' dir='ltr'>potest</span> 
     </span>
    </p>
   </div>
   <div class='ocr_carea' id='block_1_97' title="bbox 2233 3681 3892 3752">
    <p class='ocr_par' dir='ltr' id='par_1_97' title="bbox 2233 3681 3892 3752">
     <span class='ocr_line' id='line_1_97' title="bbox 2233 3681 3892 3752; baseline -0.003 -12"><span class='ocrx_word' id='word_1_773' title='bbox 2233 3684 2398 3749; x_wconf 83' lang='lat' dir='ltr'>(Ibid.</span> <span class='ocrx_word' id='word_1_774' title='bbox 2431 3684 2707 3752; x_wconf 83' lang='grc'>5-15-17),</span> <span class='ocrx_word' id='word_1_775' title='bbox 2740 3683 2797 3737; x_wconf 90' lang='lat' dir='ltr'>id</span> <span class='ocrx_word' id='word_1_776' title='bbox 2829 3689 2939 3748; x_wconf 91' lang='lat' dir='ltr'>est,</span> <span class='ocrx_word' id='word_1_777' title='bbox 2978 3682 3287 3738; x_wconf 90' lang='lat' dir='ltr'>dilectores</span> <span class='ocrx_word' id='word_1_778' title='bbox 3332 3681 3576 3737; x_wconf 84' lang='lat' dir='ltr'>mundi?</span> <span class='ocrx_word' id='word_1_779' title='bbox 3610 3681 3892 3736; x_wconf 81' lang='lat' dir='ltr'>Animalis</span> 
     </span>
    </p>
   </div>
   <div class='ocr_carea' id='block_1_98' title="bbox 2233 3771 3891 3844">
    <p class='ocr_par' dir='ltr' id='par_1_98' title="bbox 2233 3771 3891 3844">
     <span class='ocr_line' id='line_1_98' title="bbox 2233 3771 3891 3844; baseline -0.002 -17"><span class='ocrx_word' id='word_1_780' title='bbox 2233 3773 2391 3827; x_wconf 88' lang='lat' dir='ltr'>enim</span> <span class='ocrx_word' id='word_1_781' title='bbox 2418 3771 2574 3827; x_wconf 83' lang='lat' dir='ltr'>homo</span> <span class='ocrx_word' id='word_1_782' title='bbox 2603 3788 2712 3827; x_wconf 86' lang='lat' dir='ltr'>non</span> <span class='ocrx_word' id='word_1_783' title='bbox 2743 3774 2977 3843; x_wconf 78' lang='lat' dir='ltr'>percipit</span> <span class='ocrx_word' id='word_1_784' title='bbox 3012 3788 3077 3827; x_wconf 91' lang='lat' dir='ltr'>ea</span> <span class='ocrx_word' id='word_1_785' title='bbox 3106 3789 3225 3844; x_wconf 63' lang='lat' dir='ltr'>qum</span> <span class='ocrx_word' id='word_1_786' title='bbox 3262 3775 3388 3827; x_wconf 86' lang='lat' dir='ltr'>sunt</span> <span class='ocrx_word' id='word_1_787' title='bbox 3437 3771 3683 3840; x_wconf 85' lang='lat' dir='ltr'>Spiritus</span> <span class='ocrx_word' id='word_1_788' title='bbox 3713 3771 3815 3825; x_wconf 87' lang='lat' dir='ltr'>Dei</span> <span class='ocrx_word' id='word_1_789' title='bbox 3844 3771 3891 3840; x_wconf 92' lang='lat' dir='ltr'>(l</span> 
     </span>
    </p>
   </div>
   <div class='ocr_carea' id='block_1_99' title="bbox 2239 3860 3887 3930">
    <p class='ocr_par' dir='ltr' id='par_1_99' title="bbox 2239 3860 3887 3930">
     <span class='ocr_line' id='line_1_99' title="bbox 2239 3860 3887 3930; baseline -0.002 -14"><span class='ocrx_word' id='word_1_790' title='bbox 2239 3860 2363 3916; x_wconf 83' lang='lat' dir='ltr'>Cor.</span> <span class='ocrx_word' id='word_1_791' title='bbox 2398 3877 2459 3927; x_wconf 80' lang='grc' dir='ltr'>ιι,</span> <span class='ocrx_word' id='word_1_792' title='bbox 2489 3860 2600 3926; x_wconf 83' lang='grc'>14).</span> <span class='ocrx_word' id='word_1_793' title='bbox 2632 3861 2738 3915; x_wconf 88' lang='lat' dir='ltr'>Sed</span> <span class='ocrx_word' id='word_1_794' title='bbox 2790 3860 2980 3915; x_wconf 88' lang='lat' dir='ltr'>adhuc</span> <span class='ocrx_word' id='word_1_795' title='bbox 3031 3866 3219 3930; x_wconf 88' lang='lat' dir='ltr'>potest</span> <span class='ocrx_word' id='word_1_796' title='bbox 3263 3860 3442 3915; x_wconf 89' lang='lat' dir='ltr'>videri</span> <span class='ocrx_word' id='word_1_797' title='bbox 3475 3860 3605 3915; x_wconf 91' lang='lat' dir='ltr'>ideo</span> <span class='ocrx_word' id='word_1_798' title='bbox 3636 3860 3887 3929; x_wconf 88' lang='lat' dir='ltr'>dictum,</span> 
     </span>
    </p>
   </div>
   <div class='ocr_carea' id='block_1_100' title="bbox 2239 3948 3892 4018">
    <p class='ocr_par' dir='ltr' id='par_1_100' title="bbox 2239 3948 3892 4018">
     <span class='ocr_line' id='line_1_100' title="bbox 2239 3948 3892 4018; baseline -0.002 -12"><span class='ocrx_word' id='word_1_799' title='bbox 2239 3953 2305 4006; x_wconf 87' lang='lat' dir='ltr'>Et</span> <span class='ocrx_word' id='word_1_800' title='bbox 2332 3964 2430 4018; x_wconf 88' lang='lat' dir='ltr'>ego</span> <span class='ocrx_word' id='word_1_801' title='bbox 2460 3950 2662 4017; x_wconf 90' lang='lat' dir='ltr'>rogabo</span> <span class='ocrx_word' id='word_1_802' title='bbox 2694 3951 2934 4011; x_wconf 86' lang='lat' dir='ltr'>Patrem,</span> <span class='ocrx_word' id='word_1_803' title='bbox 2968 3956 3020 4004; x_wconf 93' lang='lat' dir='ltr'>et</span> <span class='ocrx_word' id='word_1_804' title='bbox 3051 3949 3228 4003; x_wconf 87' lang='lat' dir='ltr'>alium</span> <span class='ocrx_word' id='word_1_805' title='bbox 3257 3949 3580 4003; x_wconf 85' lang='lat' dir='ltr'>advocatum</span> <span class='ocrx_word' id='word_1_806' title='bbox 3607 3948 3761 4003; x_wconf 83' lang='lat' dir='ltr'>dabit</span> <span class='ocrx_word' id='word_1_807' title='bbox 3800 3963 3892 4003; x_wconf 80' lang='lat' dir='ltr'>vo-</span> 
     </span>
    </p>
   </div>
   <div class='ocr_carea' id='block_1_101' title="bbox 2240 4036 3893 4109">
    <p class='ocr_par' dir='ltr' id='par_1_101' title="bbox 2240 4036 3893 4109">
     <span class='ocr_line' id='line_1_101' title="bbox 2240 4036 3893 4109; baseline -0.002 -15"><span class='ocrx_word' id='word_1_808' title='bbox 2240 4040 2340 4105; x_wconf 78' lang='lat' dir='ltr'>D18,</span> <span class='ocrx_word' id='word_1_809' title='bbox 2374 4038 2541 4109; x_wconf 87' lang='lat' dir='ltr'>quasi</span> <span class='ocrx_word' id='word_1_810' title='bbox 2577 4054 2688 4093; x_wconf 88' lang='lat' dir='ltr'>non</span> <span class='ocrx_word' id='word_1_811' title='bbox 2720 4037 2882 4093; x_wconf 77' lang='lat' dir='ltr'>solus</span> <span class='ocrx_word' id='word_1_812' title='bbox 2914 4037 3096 4092; x_wconf 87' lang='lat' dir='ltr'>Filius</span> <span class='ocrx_word' id='word_1_813' title='bbox 3126 4036 3521 4092; x_wconf 81' lang='lat' dir='ltr'>sufﬁciat.lllo</span> <span class='ocrx_word' id='word_1_814' title='bbox 3552 4036 3893 4092; x_wconf 84' lang='lat' dir='ltr'>autemloco</span> 
     </span>
    </p>
   </div>
   <div class='ocr_carea' id='block_1_102' title="bbox 2240 4125 3893 4196">
    <p class='ocr_par' dir='ltr' id='par_1_102' title="bbox 2240 4125 3893 4196">
     <span class='ocr_line' id='line_1_102' title="bbox 2240 4125 3893 4196; baseline -0.001 -15"><span class='ocrx_word' id='word_1_815' title='bbox 2240 4127 2322 4182; x_wconf 89' lang='lat' dir='ltr'>ita</span> <span class='ocrx_word' id='word_1_816' title='bbox 2350 4126 2421 4181; x_wconf 88' lang='lat' dir='ltr'>de</span> <span class='ocrx_word' id='word_1_817' title='bbox 2452 4125 2548 4181; x_wconf 93' lang='lat' dir='ltr'>illo</span> <span class='ocrx_word' id='word_1_818' title='bbox 2581 4125 2803 4180; x_wconf 88' lang='lat' dir='ltr'>dictum</span> <span class='ocrx_word' id='word_1_819' title='bbox 2836 4130 3224 4196; x_wconf 89' lang='lat' dir='ltr'>esttanquam</span> <span class='ocrx_word' id='word_1_820' title='bbox 3257 4126 3418 4181; x_wconf 87' lang='lat' dir='ltr'>solus</span> <span class='ocrx_word' id='word_1_821' title='bbox 3440 4126 3703 4181; x_wconf 90' lang='lat' dir='ltr'>omnimo</span> <span class='ocrx_word' id='word_1_822' title='bbox 3725 4126 3893 4180; x_wconf 82' lang='lat' dir='ltr'>sulti-</span> 
     </span>
    </p>
   </div>
   <div class='ocr_carea' id='block_1_103' title="bbox 2241 4214 3898 4285">
    <p class='ocr_par' dir='ltr' id='par_1_103' title="bbox 2241 4214 3898 4285">
     <span class='ocr_line' id='line_1_103' title="bbox 2241 4214 3898 4285; baseline -0.002 -14"><span class='ocrx_word' id='word_1_823' title='bbox 2241 4217 2357 4271; x_wconf 90' lang='lat' dir='ltr'>ciat</span> <span class='ocrx_word' id='word_1_824' title='bbox 2379 4232 2392 4270; x_wconf 95' lang='lat'>:</span> <span class='ocrx_word' id='word_1_825' title='bbox 2418 4215 2554 4271; x_wconf 82' lang='lat' dir='ltr'>Cum</span> <span class='ocrx_word' id='word_1_826' title='bbox 2592 4216 2807 4269; x_wconf 76' lang='lat' dir='ltr'>venerit</span> <span class='ocrx_word' id='word_1_827' title='bbox 2838 4215 2934 4269; x_wconf 87' lang='lat' dir='ltr'>ille</span> <span class='ocrx_word' id='word_1_828' title='bbox 2973 4214 3215 4285; x_wconf 79' lang='lat' dir='ltr'>Spiritus</span> <span class='ocrx_word' id='word_1_829' title='bbox 3233 4215 3505 4279; x_wconf 79' lang='lat' dir='ltr'>veritatis,</span> <span class='ocrx_word' id='word_1_830' title='bbox 3556 4214 3773 4270; x_wconf 85' lang='lat' dir='ltr'>docebit</span> <span class='ocrx_word' id='word_1_831' title='bbox 3806 4231 3898 4269; x_wconf 82' lang='lat' dir='ltr'>vos</span> 
     </span>
    </p>
   </div>
   <div class='ocr_carea' id='block_1_104' title="bbox 2243 4303 3895 4375">
    <p class='ocr_par' dir='ltr' id='par_1_104' title="bbox 2243 4303 3895 4375">
     <span class='ocr_line' id='line_1_104' title="bbox 2243 4303 3895 4375; baseline -0.001 -16"><span class='ocrx_word' id='word_1_832' title='bbox 2243 4321 2460 4360; x_wconf 82' lang='lat' dir='ltr'>omnem</span> <span class='ocrx_word' id='word_1_833' title='bbox 2488 4304 2775 4359; x_wconf 85' lang='lat' dir='ltr'>veritatem</span> <span class='ocrx_word' id='word_1_834' title='bbox 2803 4304 2985 4374; x_wconf 89' lang='lat' dir='ltr'>(Joan.</span> <span class='ocrx_word' id='word_1_835' title='bbox 3009 4320 3093 4374; x_wconf 76' lang='lat' dir='ltr'>v1,</span> <span class='ocrx_word' id='word_1_836' title='bbox 3132 4304 3240 4371; x_wconf 90' lang='grc'>13).</span> <span class='ocrx_word' id='word_1_837' title='bbox 3277 4303 3577 4375; x_wconf 91' lang='lat' dir='ltr'>Numquid</span> <span class='ocrx_word' id='word_1_838' title='bbox 3634 4319 3773 4375; x_wconf 86' lang='lat' dir='ltr'>ergo</span> <span class='ocrx_word' id='word_1_839' title='bbox 3806 4319 3895 4358; x_wconf 88' lang='lat' dir='ltr'>se-</span> 
     </span>
    </p>
   </div>
   <div class='ocr_carea' id='block_1_105' title="bbox 2246 4391 3893 4466">
    <p class='ocr_par' dir='ltr' id='par_1_105' title="bbox 2246 4391 3893 4466">
     <span class='ocr_line' id='line_1_105' title="bbox 2246 4391 3893 4466; baseline -0.002 -18"><span class='ocrx_word' id='word_1_840' title='bbox 2246 4397 2485 4466; x_wconf 86' lang='lat' dir='ltr'>paratur</span> <span class='ocrx_word' id='word_1_841' title='bbox 2502 4392 2637 4447; x_wconf 88' lang='lat' dir='ltr'>hinc</span> <span class='ocrx_word' id='word_1_842' title='bbox 2652 4392 3139 4462; x_wconf 86' lang='lat' dir='ltr'>Filius,tanquam</span> <span class='ocrx_word' id='word_1_843' title='bbox 3155 4391 3408 4462; x_wconf 87' lang='lat' dir='ltr'>ipsenon</span> <span class='ocrx_word' id='word_1_844' title='bbox 3432 4392 3638 4447; x_wconf 85' lang='lat' dir='ltr'>doceat</span> <span class='ocrx_word' id='word_1_845' title='bbox 3657 4408 3893 4448; x_wconf 90' lang='lat' dir='ltr'>omnem</span> 
     </span>
    </p>
   </div>
   <div class='ocr_carea' id='block_1_106' title="bbox 2245 4480 3902 4553">
    <p class='ocr_par' dir='ltr' id='par_1_106' title="bbox 2245 4480 3902 4553">
     <span class='ocr_line' id='line_1_106' title="bbox 2245 4480 3902 4553; baseline 0 -17"><span class='ocrx_word' id='word_1_846' title='bbox 2245 4482 2567 4549; x_wconf 87' lang='lat' dir='ltr'>veritatem,</span> <span class='ocrx_word' id='word_1_847' title='bbox 2608 4484 2710 4535; x_wconf 88' lang='lat' dir='ltr'>aut</span> <span class='ocrx_word' id='word_1_848' title='bbox 2739 4480 2906 4553; x_wconf 89' lang='lat' dir='ltr'>quasi</span> <span class='ocrx_word' id='word_1_849' title='bbox 2943 4481 3049 4535; x_wconf 87' lang='lat' dir='ltr'>hoc</span> <span class='ocrx_word' id='word_1_850' title='bbox 3078 4480 3321 4550; x_wconf 89' lang='lat' dir='ltr'>impleat</span> <span class='ocrx_word' id='word_1_851' title='bbox 3363 4482 3620 4552; x_wconf 89' lang='lat' dir='ltr'>Spiritus</span> <span class='ocrx_word' id='word_1_852' title='bbox 3652 4488 3902 4536; x_wconf 89' lang='lat' dir='ltr'>sanctus</span> 
     </span>
    </p>
   </div>
   <div class='ocr_carea' id='block_1_107' title="bbox 2247 4568 3903 4642">
    <p class='ocr_par' dir='ltr' id='par_1_107' title="bbox 2247 4568 3903 4642">
     <span class='ocr_line' id='line_1_107' title="bbox 2247 4568 3903 4642; baseline -0.001 -17"><span class='ocrx_word' id='word_1_853' title='bbox 2247 4570 2401 4641; x_wconf 89' lang='lat' dir='ltr'>quod</span> <span class='ocrx_word' id='word_1_854' title='bbox 2436 4570 2633 4625; x_wconf 89' lang='lat' dir='ltr'>minus</span> <span class='ocrx_word' id='word_1_855' title='bbox 2664 4569 2853 4640; x_wconf 90' lang='lat' dir='ltr'>potuit</span> <span class='ocrx_word' id='word_1_856' title='bbox 2882 4569 3086 4624; x_wconf 90' lang='lat' dir='ltr'>docere</span> <span class='ocrx_word' id='word_1_857' title='bbox 3123 4568 3328 4625; x_wconf 82' lang='lat' dir='ltr'>Filius?</span> <span class='ocrx_word' id='word_1_858' title='bbox 3373 4570 3577 4625; x_wconf 89' lang='lat' dir='ltr'>Dicant</span> <span class='ocrx_word' id='word_1_859' title='bbox 3632 4586 3795 4642; x_wconf 86' lang='lat' dir='ltr'>ergo,</span> <span class='ocrx_word' id='word_1_860' title='bbox 3853 4571 3903 4625; x_wconf 90' lang='lat' dir='ltr'>si</span> 
     </span>
    </p>
   </div>
   <div class='ocr_carea' id='block_1_108' title="bbox 2250 4658 3900 4732">
    <p class='ocr_par' dir='ltr' id='par_1_108' title="bbox 2250 4658 3900 4732">
     <span class='ocr_line' id='line_1_108' title="bbox 2250 4658 3900 4732; baseline -0.001 -18"><span class='ocrx_word' id='word_1_861' title='bbox 2250 4660 2458 4732; x_wconf 85' lang='lat' dir='ltr'>placet,</span> <span class='ocrx_word' id='word_1_862' title='bbox 2481 4660 2763 4729; x_wconf 87' lang='lat' dir='ltr'>majorem</span> <span class='ocrx_word' id='word_1_863' title='bbox 2787 4674 2915 4713; x_wconf 90' lang='lat' dir='ltr'>esse</span> <span class='ocrx_word' id='word_1_864' title='bbox 2936 4658 3079 4713; x_wconf 90' lang='lat' dir='ltr'>Filio</span> <span class='ocrx_word' id='word_1_865' title='bbox 3103 4658 3384 4729; x_wconf 89' lang='lat' dir='ltr'>Spiritum</span> <span class='ocrx_word' id='word_1_866' title='bbox 3414 4664 3900 4730; x_wconf 87' lang='lat' dir='ltr'>sanctum,quem</span> 
     </span>
    </p>
   </div>
   <div class='ocr_carea' id='block_1_109' title="bbox 2249 4745 3901 4815">
    <p class='ocr_par' dir='ltr' id='par_1_109' title="bbox 2249 4745 3901 4815">
     <span class='ocr_line' id='line_1_109' title="bbox 2249 4745 3901 4815; baseline -0.001 -12"><span class='ocrx_word' id='word_1_867' title='bbox 2249 4748 2535 4803; x_wconf 88' lang='lat' dir='ltr'>minorem</span> <span class='ocrx_word' id='word_1_868' title='bbox 2567 4746 2664 4803; x_wconf 93' lang='lat' dir='ltr'>illo</span> <span class='ocrx_word' id='word_1_869' title='bbox 2692 4745 2882 4802; x_wconf 89' lang='lat' dir='ltr'>solent</span> <span class='ocrx_word' id='word_1_870' title='bbox 2901 4746 3112 4803; x_wconf 90' lang='lat' dir='ltr'>dicere.</span> <span class='ocrx_word' id='word_1_871' title='bbox 3139 4750 3221 4802; x_wconf 91' lang='lat' dir='ltr'>An</span> <span class='ocrx_word' id='word_1_872' title='bbox 3257 4748 3396 4815; x_wconf 89' lang='lat' dir='ltr'>quia</span> <span class='ocrx_word' id='word_1_873' title='bbox 3412 4765 3524 4803; x_wconf 92' lang='lat' dir='ltr'>non</span> <span class='ocrx_word' id='word_1_874' title='bbox 3540 4748 3765 4803; x_wconf 89' lang='lat' dir='ltr'>dictum</span> <span class='ocrx_word' id='word_1_875' title='bbox 3789 4755 3901 4811; x_wconf 86' lang='lat' dir='ltr'>est,</span> 
     </span>
    </p>
   </div>
   <div class='ocr_carea' id='block_1_110' title="bbox 2247 4835 3896 4909">
    <p class='ocr_par' dir='ltr' id='par_1_110' title="bbox 2247 4835 3896 4909">
     <span class='ocr_line' id='line_1_110' title="bbox 2247 4835 3896 4909; baseline -0.001 -17"><span class='ocrx_word' id='word_1_876' title='bbox 2247 4837 2579 4909; x_wconf 89' lang='lat' dir='ltr'>ipsesolus;</span> <span class='ocrx_word' id='word_1_877' title='bbox 2604 4841 2728 4902; x_wconf 89' lang='lat' dir='ltr'>aut,</span> <span class='ocrx_word' id='word_1_878' title='bbox 2750 4835 2951 4903; x_wconf 89' lang='lat' dir='ltr'>Nemo,</span> <span class='ocrx_word' id='word_1_879' title='bbox 2977 4836 3090 4891; x_wconf 92' lang='lat' dir='ltr'>nisi</span> <span class='ocrx_word' id='word_1_880' title='bbox 3118 4835 3380 4907; x_wconf 85' lang='lat' dir='ltr'>ipse,vos</span> <span class='ocrx_word' id='word_1_881' title='bbox 3400 4838 3631 4891; x_wconf 88' lang='lat' dir='ltr'>docebit</span> <span class='ocrx_word' id='word_1_882' title='bbox 3661 4853 3896 4892; x_wconf 88' lang='lat' dir='ltr'>omnem</span> 
     </span>
    </p>
   </div>
   <div class='ocr_carea' id='block_1_111' title="bbox 2246 4924 3900 4996">
    <p class='ocr_par' dir='ltr' id='par_1_111' title="bbox 2246 4924 3900 4996">
     <span class='ocr_line' id='line_1_111' title="bbox 2246 4924 3900 4996; baseline -0.002 -13"><span class='ocrx_word' id='word_1_883' title='bbox 2246 4927 2572 4993; x_wconf 86' lang='lat' dir='ltr'>veritatem;</span> <span class='ocrx_word' id='word_1_884' title='bbox 2599 4925 2728 4980; x_wconf 91' lang='lat' dir='ltr'>ideo</span> <span class='ocrx_word' id='word_1_885' title='bbox 2751 4924 3101 4996; x_wconf 89' lang='lat' dir='ltr'>permittunt</span> <span class='ocrx_word' id='word_1_886' title='bbox 3146 4930 3211 4979; x_wconf 89' lang='lat' dir='ltr'>ut</span> <span class='ocrx_word' id='word_1_887' title='bbox 3241 4941 3378 4980; x_wconf 90' lang='lat' dir='ltr'>cum</span> <span class='ocrx_word' id='word_1_888' title='bbox 3410 4924 3511 4980; x_wconf 92' lang='lat' dir='ltr'>illo</span> <span class='ocrx_word' id='word_1_889' title='bbox 3541 4927 3746 4980; x_wconf 88' lang='lat' dir='ltr'>docere</span> <span class='ocrx_word' id='word_1_890' title='bbox 3777 4942 3900 4981; x_wconf 82' lang='lat' dir='ltr'>cre-</span> 
     </span>
    </p>
   </div>
   <div class='ocr_carea' id='block_1_112' title="bbox 2249 5012 3900 5085">
    <p class='ocr_par' dir='ltr' id='par_1_112' title="bbox 2249 5012 3900 5085">
     <span class='ocr_line' id='line_1_112' title="bbox 2249 5012 3900 5085; baseline -0.002 -15"><span class='ocrx_word' id='word_1_891' title='bbox 2249 5016 2423 5071; x_wconf 90' lang='lat' dir='ltr'>datur</span> <span class='ocrx_word' id='word_1_892' title='bbox 2442 5018 2499 5070; x_wconf 87' lang='lat' dir='ltr'>et</span> <span class='ocrx_word' id='word_1_893' title='bbox 2526 5012 3072 5084; x_wconf 86' lang='lat' dir='ltr'>Filius?Apostolus</span> <span class='ocrx_word' id='word_1_894' title='bbox 3097 5030 3233 5085; x_wconf 89' lang='lat' dir='ltr'>ergo</span> <span class='ocrx_word' id='word_1_895' title='bbox 3255 5013 3465 5069; x_wconf 87' lang='lat' dir='ltr'>Filium</span> <span class='ocrx_word' id='word_1_896' title='bbox 3507 5014 3801 5085; x_wconf 88' lang='lat' dir='ltr'>separavit</span> <span class='ocrx_word' id='word_1_897' title='bbox 3832 5016 3900 5067; x_wconf 78' lang='lat' dir='ltr'>ab</span> 
     </span>
    </p>
   </div>
   <div class='ocr_carea' id='block_1_113' title="bbox 2249 5101 3905 5173">
    <p class='ocr_par' dir='ltr' id='par_1_113' title="bbox 2249 5101 3905 5173">
     <span class='ocr_line' id='line_1_113' title="bbox 2249 5101 3905 5173; baseline -0.004 -12"><span class='ocrx_word' id='word_1_898' title='bbox 2249 5104 2503 5161; x_wconf 88' lang='lat' dir='ltr'>sciendis</span> <span class='ocrx_word' id='word_1_899' title='bbox 2524 5102 2595 5157; x_wconf 93' lang='lat' dir='ltr'>iis</span> <span class='ocrx_word' id='word_1_900' title='bbox 2617 5118 2747 5173; x_wconf 68' lang='lat' dir='ltr'>quas</span> <span class='ocrx_word' id='word_1_901' title='bbox 2785 5102 2885 5156; x_wconf 89' lang='lat' dir='ltr'>Dei</span> <span class='ocrx_word' id='word_1_902' title='bbox 2935 5106 3092 5169; x_wconf 89' lang='lat' dir='ltr'>sunt,</span> <span class='ocrx_word' id='word_1_903' title='bbox 3137 5101 3234 5157; x_wconf 89' lang='lat' dir='ltr'>ubi</span> <span class='ocrx_word' id='word_1_904' title='bbox 3287 5102 3387 5167; x_wconf 86' lang='lat' dir='ltr'>ait,</span> <span class='ocrx_word' id='word_1_905' title='bbox 3435 5101 3533 5157; x_wconf 83' lang='lat' dir='ltr'>Sic</span> <span class='ocrx_word' id='word_1_906' title='bbox 3560 5112 3612 5158; x_wconf 91' lang='lat' dir='ltr'>et</span> <span class='ocrx_word' id='word_1_907' title='bbox 3641 5118 3769 5173; x_wconf 68' lang='lat' dir='ltr'>quae</span> <span class='ocrx_word' id='word_1_908' title='bbox 3810 5105 3905 5159; x_wconf 83' lang='lat' dir='ltr'>Dei</span> 
     </span>
    </p>
   </div>
   <div class='ocr_carea' id='block_1_114' title="bbox 2248 5190 3905 5264">
    <p class='ocr_par' dir='ltr' id='par_1_114' title="bbox 2248 5190 3905 5264">
     <span class='ocr_line' id='line_1_114' title="bbox 2248 5190 3905 5264; baseline -0.002 -14"><span class='ocrx_word' id='word_1_909' title='bbox 2248 5197 2392 5262; x_wconf 88' lang='lat' dir='ltr'>sunt,</span> <span class='ocrx_word' id='word_1_910' title='bbox 2425 5207 2583 5247; x_wconf 88' lang='lat' dir='ltr'>nemo</span> <span class='ocrx_word' id='word_1_911' title='bbox 2611 5193 2732 5260; x_wconf 87' lang='lat' dir='ltr'>scit,</span> <span class='ocrx_word' id='word_1_912' title='bbox 2762 5191 2878 5247; x_wconf 88' lang='lat' dir='ltr'>nisi</span> <span class='ocrx_word' id='word_1_913' title='bbox 2916 5190 3155 5263; x_wconf 78' lang='lat' dir='ltr'>Spiritus</span> <span class='ocrx_word' id='word_1_914' title='bbox 3186 5192 3285 5247; x_wconf 84' lang='lat' dir='ltr'>Dei</span> <span class='ocrx_word' id='word_1_915' title='bbox 3316 5191 3361 5264; x_wconf 92' lang='grc' dir='ltr'>(Ι</span> <span class='ocrx_word' id='word_1_916' title='bbox 3413 5191 3531 5248; x_wconf 85' lang='lat' dir='ltr'>Cor.</span> <span class='ocrx_word' id='word_1_917' title='bbox 3567 5208 3628 5259; x_wconf 76' lang='grc' dir='ltr'>ιι,</span> <span class='ocrx_word' id='word_1_918' title='bbox 3666 5192 3754 5263; x_wconf 87' lang='grc'>11)</span> <span class='ocrx_word' id='word_1_919' title='bbox 3788 5211 3806 5246; x_wconf 91' lang='lat'>:</span> <span class='ocrx_word' id='word_1_920' title='bbox 3844 5198 3905 5246; x_wconf 85' lang='lat' dir='ltr'>ut</span> 
     </span>
    </p>
   </div>
   <div class='ocr_carea' id='block_1_115' title="bbox 2243 5280 3905 5354">
    <p class='ocr_par' dir='ltr' id='par_1_115' title="bbox 2243 5280 3905 5354">
     <span class='ocr_line' id='line_1_115' title="bbox 2243 5280 3905 5354; baseline -0.003 -15"><span class='ocrx_word' id='word_1_921' title='bbox 2243 5280 2369 5351; x_wconf 87' lang='lat' dir='ltr'>jam</span> <span class='ocrx_word' id='word_1_922' title='bbox 2399 5282 2498 5337; x_wconf 91' lang='lat' dir='ltr'>isti</span> <span class='ocrx_word' id='word_1_923' title='bbox 2534 5280 2787 5354; x_wconf 88' lang='lat' dir='ltr'>perversi</span> <span class='ocrx_word' id='word_1_924' title='bbox 2820 5282 3049 5352; x_wconf 89' lang='lat' dir='ltr'>possint</span> <span class='ocrx_word' id='word_1_925' title='bbox 3078 5297 3144 5337; x_wconf 85' lang='lat' dir='ltr'>ex</span> <span class='ocrx_word' id='word_1_926' title='bbox 3168 5280 3276 5336; x_wconf 92' lang='lat' dir='ltr'>hoc</span> <span class='ocrx_word' id='word_1_927' title='bbox 3307 5282 3518 5347; x_wconf 87' lang='lat' dir='ltr'>dicere,</span> <span class='ocrx_word' id='word_1_928' title='bbox 3552 5280 3707 5352; x_wconf 89' lang='lat' dir='ltr'>quod</span> <span class='ocrx_word' id='word_1_929' title='bbox 3732 5285 3791 5335; x_wconf 88' lang='lat' dir='ltr'>et</span> <span class='ocrx_word' id='word_1_930' title='bbox 3823 5282 3905 5335; x_wconf 79' lang='lat' dir='ltr'>Fi-</span> 
     </span>
    </p>
   </div>
   <div class='ocr_carea' id='block_1_116' title="bbox 2251 5368 3902 5441">
    <p class='ocr_par' dir='ltr' id='par_1_116' title="bbox 2251 5368 3902 5441">
     <span class='ocr_line' id='line_1_116' title="bbox 2251 5368 3902 5441; baseline -0.002 -14"><span class='ocrx_word' id='word_1_931' title='bbox 2251 5371 2394 5427; x_wconf 89' lang='lat' dir='ltr'>lium</span> <span class='ocrx_word' id='word_1_932' title='bbox 2423 5388 2533 5425; x_wconf 82' lang='lat' dir='ltr'>non</span> <span class='ocrx_word' id='word_1_933' title='bbox 2561 5371 2764 5425; x_wconf 86' lang='lat' dir='ltr'>doceat</span> <span class='ocrx_word' id='word_1_934' title='bbox 2792 5386 2919 5441; x_wconf 71' lang='lat' dir='ltr'>qua:</span> <span class='ocrx_word' id='word_1_935' title='bbox 2943 5369 3044 5425; x_wconf 90' lang='lat' dir='ltr'>Dei</span> <span class='ocrx_word' id='word_1_936' title='bbox 3068 5374 3208 5426; x_wconf 89' lang='lat' dir='ltr'>sunt</span> <span class='ocrx_word' id='word_1_937' title='bbox 3229 5368 3340 5425; x_wconf 91' lang='lat' dir='ltr'>nisi</span> <span class='ocrx_word' id='word_1_938' title='bbox 3364 5368 3617 5440; x_wconf 88' lang='lat' dir='ltr'>Spiritus</span> <span class='ocrx_word' id='word_1_939' title='bbox 3641 5374 3902 5435; x_wconf 85' lang='lat' dir='ltr'>sanctus,</span> 
     </span>
    </p>
   </div>
   <div class='ocr_carea' id='block_1_117' title="bbox 2250 5456 3905 5530">
    <p class='ocr_par' dir='ltr' id='par_1_117' title="bbox 2250 5456 3905 5530">
     <span class='ocr_line' id='line_1_117' title="bbox 2250 5456 3905 5530; baseline -0.002 -13"><span class='ocrx_word' id='word_1_940' title='bbox 2250 5465 2529 5530; x_wconf 86' lang='lat' dir='ltr'>tanquam</span> <span class='ocrx_word' id='word_1_941' title='bbox 2545 5458 2733 5529; x_wconf 87' lang='lat' dir='ltr'>major</span> <span class='ocrx_word' id='word_1_942' title='bbox 2756 5457 3062 5527; x_wconf 86' lang='lat' dir='ltr'>minorem;</span> <span class='ocrx_word' id='word_1_943' title='bbox 3085 5458 3180 5513; x_wconf 88' lang='lat' dir='ltr'>cui</span> <span class='ocrx_word' id='word_1_944' title='bbox 3203 5456 3525 5530; x_wconf 88' lang='lat' dir='ltr'>Filiusipse</span> <span class='ocrx_word' id='word_1_945' title='bbox 3545 5460 3780 5513; x_wconf 86' lang='lat' dir='ltr'>tantum</span> <span class='ocrx_word' id='word_1_946' title='bbox 3802 5460 3905 5514; x_wconf 84' lang='lat' dir='ltr'>tri-</span> 
     </span>
    </p>
   </div>
   <div class='ocr_carea' id='block_1_118' title="bbox 2253 5545 3906 5617">
    <p class='ocr_par' dir='ltr' id='par_1_118' title="bbox 2253 5545 3906 5617">
     <span class='ocr_line' id='line_1_118' title="bbox 2253 5545 3906 5617; baseline -0.002 -11"><span class='ocrx_word' id='word_1_947' title='bbox 2253 5550 2399 5615; x_wconf 91' lang='lat' dir='ltr'>buit,</span> <span class='ocrx_word' id='word_1_948' title='bbox 2422 5552 2485 5604; x_wconf 89' lang='lat' dir='ltr'>ut</span> <span class='ocrx_word' id='word_1_949' title='bbox 2517 5548 2755 5614; x_wconf 90' lang='lat' dir='ltr'>diceret,</span> <span class='ocrx_word' id='word_1_950' title='bbox 2778 5547 2925 5614; x_wconf 86' lang='lat' dir='ltr'>Quia</span> <span class='ocrx_word' id='word_1_951' title='bbox 2952 5548 3067 5603; x_wconf 55' lang='lat' dir='ltr'>hac</span> <span class='ocrx_word' id='word_1_952' title='bbox 3090 5548 3301 5604; x_wconf 83' lang='lat' dir='ltr'>locutus</span> <span class='ocrx_word' id='word_1_953' title='bbox 3329 5562 3451 5601; x_wconf 85' lang='lat' dir='ltr'>sum</span> <span class='ocrx_word' id='word_1_954' title='bbox 3470 5545 3639 5617; x_wconf 86' lang='lat' dir='ltr'>vobis,</span> <span class='ocrx_word' id='word_1_955' title='bbox 3675 5547 3906 5603; x_wconf 83' lang='lat' dir='ltr'>tristitia</span> 
     </span>
    </p>
   </div>
   <div class='ocr_carea' id='block_1_119' title="bbox 2252 5634 3907 5711">
    <p class='ocr_par' dir='ltr' id='par_1_119' title="bbox 2252 5634 3907 5711">
     <span class='ocr_line' id='line_1_119' title="bbox 2252 5634 3907 5711; baseline -0.001 -18"><span class='ocrx_word' id='word_1_956' title='bbox 2252 5639 2501 5711; x_wconf 78' lang='lat' dir='ltr'>implevit</span> <span class='ocrx_word' id='word_1_957' title='bbox 2522 5652 2614 5693; x_wconf 91' lang='lat' dir='ltr'>cor</span> <span class='ocrx_word' id='word_1_958' title='bbox 2643 5643 2900 5693; x_wconf 76' lang='lat' dir='ltr'>uestrum.</span> <span class='ocrx_word' id='word_1_959' title='bbox 2930 5636 3033 5693; x_wconf 85' lang='lat' dir='ltr'>Sed</span> <span class='ocrx_word' id='word_1_960' title='bbox 3062 5652 3159 5707; x_wconf 84' lang='lat' dir='ltr'>ego</span> <span class='ocrx_word' id='word_1_961' title='bbox 3186 5637 3475 5693; x_wconf 84' lang='lat' dir='ltr'>veritatem</span> <span class='ocrx_word' id='word_1_962' title='bbox 3495 5634 3614 5691; x_wconf 77' lang='lat' dir='ltr'>dico</span> <span class='ocrx_word' id='word_1_963' title='bbox 3635 5652 3656 5691; x_wconf 89' lang='lat'>:</span> <span class='ocrx_word' id='word_1_964' title='bbox 3687 5636 3907 5710; x_wconf 61' lang='lat' dir='ltr'>ewpedit</span> 
     </span>
    </p>
   </div>
   <div class='ocr_carea' id='block_1_120' title="bbox 2253 5724 3904 5799">
    <p class='ocr_par' dir='ltr' id='par_1_120' title="bbox 2253 5724 3904 5799">
     <span class='ocr_line' id='line_1_120' title="bbox 2253 5724 3904 5799; baseline -0.001 -14"><span class='ocrx_word' id='word_1_965' title='bbox 2253 5728 2400 5785; x_wconf 81' lang='lat' dir='ltr'>vobis</span> <span class='ocrx_word' id='word_1_966' title='bbox 2429 5735 2488 5783; x_wconf 89' lang='lat' dir='ltr'>ut</span> <span class='ocrx_word' id='word_1_967' title='bbox 2516 5741 2611 5796; x_wconf 88' lang='lat' dir='ltr'>ego</span> <span class='ocrx_word' id='word_1_968' title='bbox 2639 5740 2785 5788; x_wconf 83' lang='lat' dir='ltr'>eam;</span> <span class='ocrx_word' id='word_1_969' title='bbox 2812 5741 2945 5783; x_wconf 85' lang='lat' dir='ltr'>nam</span> <span class='ocrx_word' id='word_1_970' title='bbox 2969 5727 3019 5783; x_wconf 91' lang='lat' dir='ltr'>si</span> <span class='ocrx_word' id='word_1_971' title='bbox 3058 5742 3172 5784; x_wconf 84' lang='lat' dir='ltr'>non</span> <span class='ocrx_word' id='word_1_972' title='bbox 3219 5726 3427 5799; x_wconf 84' lang='lat' dir='ltr'>abiero,</span> <span class='ocrx_word' id='word_1_973' title='bbox 3471 5724 3771 5785; x_wconf 76' lang='lat' dir='ltr'>advocatus</span> <span class='ocrx_word' id='word_1_974' title='bbox 3797 5742 3904 5784; x_wconf 80' lang='lat' dir='ltr'>non</span> 
     </span>
    </p>
   </div>
   <div class='ocr_carea' id='block_1_121' title="bbox 2249 5814 3188 5892">
    <p class='ocr_par' dir='ltr' id='par_1_121' title="bbox 2249 5814 3188 5892">
     <span class='ocr_line' id='line_1_121' title="bbox 2249 5814 3188 5892; baseline 0.001 -16"><span class='ocrx_word' id='word_1_975' title='bbox 2249 5817 2432 5877; x_wconf 79' lang='lat' dir='ltr'>ueniet</span> <span class='ocrx_word' id='word_1_976' title='bbox 2456 5815 2528 5876; x_wconf 79' lang='lat' dir='ltr'>ad</span> <span class='ocrx_word' id='word_1_977' title='bbox 2553 5830 2645 5874; x_wconf 75' lang='lat' dir='ltr'>vos</span> <span class='ocrx_word' id='word_1_978' title='bbox 2672 5814 2849 5891; x_wconf 83' lang='lat' dir='ltr'>(Joan.</span> <span class='ocrx_word' id='word_1_979' title='bbox 2878 5831 2993 5892; x_wconf 74' lang='lat' dir='ltr'>xw,</span> <span class='ocrx_word' id='word_1_980' title='bbox 3022 5817 3081 5888; x_wconf 80' lang='grc'>6,</span> <span class='ocrx_word' id='word_1_981' title='bbox 3108 5816 3188 5891; x_wconf 90' lang='lat'>7).</span> 
     </span>
    </p>
   </div>
  </div>
