4040 6458
170 410 288 473 845

1516 404 1751 466 LIBER
1795 406 2231 471 SECUNDUS.

3460 422 3578 482 846

182 544 3580 571 .MWW

1305 637 1681 731 LIBER
1778 636 2459 735 SECUNDUS.

241 806 467 854 Rursum
499 800 741 850 defendit
774 800 1101 861 Augustinus
1131 812 1175 848 aa

1220 798 1484 872 ualitatem
1513 798 1805 857 Trinitatis,
1830 802 1891 874 Oet
1919 798 1983 874 de
2020 799 2134 873 Filii
2161 800 2415 873 missione
2447 815 2509 874 ac
2531 803 2759 874 Spiritus
2790 807 2959 874 sancti
2988 822 3166 874 agens,
3186 810 3467 874 (variisque
3490 811 3583 862 Dei

241 812 467 854 Rursum
499 812 741 850 defendit
774 812 1101 861 augustinus
1131 812 1484 909 aequalitatem
1513 812 1805 857 trinitatis,
1830 812 1891 870 et
1919 812 1983 847 ae
2020 812 2134 873 ιείιη
2161 813 2415 873 missione
2447 815 2509 851 ac
2531 812 2759 865 Spiritus
2790 812 2959 856 sancti
2988 822 3166 869 agens,
3200 812 3467 874 variisque
3490 812 3583 862 Dei

175 865 615 930 apparitionibus,
648 865 978 931 demonstrat
1010 875 1130 931 _nou
1164 876 1179 909 ι
1222 875 1286 931 eo
1319 874 1578 931 minorem
1625 875 1742 931 esse
1775 865 2016 931 mittente
2045 876 2136 931 qui
2180 877 2371 931 missus
2402 870 2497 931 est,
2523 867 2657 931 quia
2694 868 2781 917 ille
2814 870 2974 931 misit,
3012 872 3095 919 hic
3128 873 3316 921 missus
3338 880 3456 923 est:
3489 875 3585 924 sed

175 924 487 997 Trinitatem
518 941 613 991 per
640 926 821 997 omnia
854 924 1129 997 aequalem.
1157 924 1565 997 pariter‘inusua
1594 929 1783 997 natura
1819 924 2207 975 immutabilem
2236 931 2291 976 et
2320 924 2657 988 invisibil'em,
2691 935 2742 980 et
2775 924 2972 995 ubique
3001 939 3341 997 prasentem,
3371 937 3424 985 in
3456 937 3584 987 mis-

177 994 323 1043 sione
352 1006 447 1041 seu
476 987 810 1054 apparitione
840 987 1075 1049 qualibet
1103 987 1534 1050 inseparabiliter
1566 987 1796 1050 cperari.

1676 1110 2103 1124 —-———u————

250 1186 616 1241 PROOEMIUM.
641 1215 710 1226 —
733 1185 782 1239 1.
807 1184 950 1241 Cum
972 1182 1239 1240 homines
1259 1181 1441 1238 Deum
1470 1188 1757 1254 quarunt,
1777 1188 1834 1239 et
1942 1185 2041 1240 sed
2073 1184 2248 1241 etiam
2290 1203 2351 1243 se
2376 1186 2502 1259 ipso
2538 1188 2729 1245 minor
2768 1189 3041 1247 inventus
3081 1196 3189 1259 est,
3222 1209 3336 1249 non
3372 1211 3433 1250 se
3462 1194 3590 1267 ipso

179 1276 253 1332 ad
274 1273 719 1346 intelligentiam
736 1272 1040 1329 Trinitatis
1056 1289 1157 1345 pro
1170 1276 1343 1345 captu
1363 1272 1718 1328 inﬁrmitatis
1733 1273 1833 1328 hu-

183 1382 369 1420 manae
392 1365 653 1419 animum
676 1362 1016 1429 intendunt;
1042 1362 1259 1435 experti
1287 1361 1661 1417 difﬁcultates
1680 1361 1836 1417 laboo

182 1455 394 1519 riosas,
417 1454 537 1509 sive
554 1453 611 1508 in
634 1453 763 1524 ipsa
784 1452 902 1507 acie
928 1468 1055 1506 men
1067 1451 1141 1506 tis
1163 1451 1429 1506 conantis
1450 1452 1663 1506 intueri
1682 1451 1836 1507 inac-

183 1543 517 1600 cessibilem
551 1542 763 1612 lucem,
807 1542 925 1596 sive
956 1541 1013 1595 in
1048 1541 1175 1612 ipsa
1218 1539 1526 1612 multiplici
1557 1545 1611 1594 et
1645 1539 1840 1594 multi-

184 1634 359 1689 moda
392 1632 681 1687 locutione
705 1631 1054 1685 Litterarum
1082 1646 1399 1693 sacrarum,
1429 1630 1529 1684 ubi
1557 1628 1697 1683 mihi
1727 1646 1839 1685 non

181 1722 415 1777 videtur
436 1720 547 1775 nisi
566 1720 731 1775 atteri
759 1718 1013 1774 animam
1032 1722 1072 1782 ¹,
1097 1723 1160 1772 ut
1179 1717 1391 1775 Christi
1416 1717 1600 1789 gratia
1619 1716 1835 1789 gloriﬁ-

182 1809 818 1866 catadulcescat’wum
836 1809 905 1863 ad
924 1806 1144 1878 aliquid
1161 1812 1383 1862 certum
1400 1806 1667 1861 discussa
1679 1806 1838 1862 omni

183 1898 569 1971 ambiguitate
593 1896 978 1970 pervenerint,
1008 1894 1280 1951 facillime
1299 1896 1511 1950 debent
1544 1895 1841 1967 ignoscere

183 1988 519 2045 errantibus
550 1988 610 2041 in
641 1987 787 2041 tanti
813 1985 1299 2057 pervestigatione
1330 1984 1556 2040 secreti.
1592 1985 1699 2040 Sed
1728 1984 1841 2041 duo

185 2083 329 2133 sunt
357 2094 479 2147 quas
499 2077 557 2131 in
581 2093 772 2131 errore
794 2074 1103 2130 hominum
1128 2074 1470 2129 difﬁcillime
1496 2073 1838 2142 tolerantur;

187 2168 595 2241 praesumptio,
623 2164 961 2236 priusquam
986 2164 1196 2219 veritas
1220 2168 1440 2235 pateat;
1463 2168 1539 2228 et,
1564 2180 1696 2218 cum
1714 2164 1841 2233 jam

186 2256 463 2329 patuerit.
496 2259 866 2328 praesumptis
911 2252 1170 2308 defensio
1214 2251 1503 2308 falsitatis.
1552 2255 1589 2307 A
1626 2252 1841 2323 quibus

186 2348 422 2401 duobus
452 2344 611 2399 vitiis
642 2343 817 2398 nimis
844 2342 1099 2397 inimicis
1131 2340 1450 2397 inventioni
1481 2341 1760 2405 veritatis,
1786 2344 1843 2395 et

185 2434 518 2490 tractationi
551 2432 881 2488 divinorum
926 2435 1380 2501 sanctorumque
1430 2431 1759 2497 Librorum,
1790 2429 1841 2485 si

188 2541 303 2591 me,
330 2529 394 2579 ut
426 2540 629 2596 precor
659 2526 715 2577 et
746 2537 935 2593 spero,
972 2521 1124 2576 Deus
1159 2520 1481 2575 defenderit
1501 2524 1674 2590 atque
1708 2536 1841 2574 mu-

188 2614 363 2670 nierit
384 2618 548 2669 scuto
571 2613 731 2667 bonze
745 2610 1064 2666 voluntatis
1079 2628 1195 2665 suae
1215 2610 1382 2680 (Psal.
1404 2626 1456 2674 v,
1478 2610 1566 2681 13)
1583 2614 1639 2663 et
1656 2608 1844 2681 gratia

186 2702 601 2759 misericordia
642 2719 783 2767 suae,
817 2718 928 2755 non
969 2717 1065 2755 ero
1098 2698 1295 2771 segnis
1326 2699 1395 2753 ad
1430 2697 1839 2771 inquirendam

184 2792 581 2849 substantiam
619 2792 737 2861 Dei,
764 2792 883 2845 sive
915 2806 1017 2861 per
1036 2788 1393 2860 Scripturam
1421 2789 1570 2857 ejus,
1602 2788 1720 2843 sive
1743 2805 1845 2859 per

182 2888 533 2940 creaturam.
568 2882 703 2946 Quas
754 2885 1001 2951 utraque
1044 2880 1211 2935 nobis
1244 2880 1314 2934 ad
1348 2879 1456 2933 hoc
1500 2878 1845 2950 proponitur

185 2972 491 3037 intuenda,
527 2975 591 3026 ut
620 2970 746 3042 ipse
778 2975 1092 3041 qumratur,
1128 2969 1250 3039 ipse
1280 2967 1559 3039 diligatur
1585 2970 1626 3032 ³,
1660 2968 1756 3037 qui
1789 2971 1845 3022 et

184 3059 351 3115 illam
383 3059 710 3131 inspiravit;
742 3063 798 3114 et
833 3058 1007 3112 istam
1040 3057 1273 3113 creavit.
1311 3057 1424 3112 Nec
1455 3056 1717 3128 trepidus
1747 3073 1844 3111 ero

186 3150 259 3205 ad
294 3149 697 3221 proferendam
749 3147 1103 3202 sententiam
1138 3162 1349 3210 meam,
1402 3146 1458 3199 in
1494 3162 1610 3216 qua
1657 3145 1844 3217 magis

188 3239 401 3294 amabo
426 3238 633 3308 inspici
658 3257 690 3292 a
722 3238 917 3302 rectis,
941 3254 1116 3308 quam
1142 3237 1359 3291 timebo
1384 3236 1630 3291 morderi
1658 3253 1691 3291 a
1714 3252 1845 3307 per-

188 3330 395 3387 versis.
410 3334 717 3384 Gratanter
733 3328 887 3384 enim
903 3326 1390 3400 suscipitoculum
1406 3328 1427 3361 ⁴
1442 3326 1844 3382 columbinum

190 3419 586 3492 pulcherrima
607 3423 664 3473 et
698 3416 1127 3473 modestissime
1158 3416 1444 3483 Charitas;
1476 3418 1710 3471 dentem
1743 3434 1844 3470 au-

190 3515 309 3565 tem
334 3508 609 3565 caninum
635 3507 719 3561 vel
743 3508 919 3563 evitat
940 3506 1281 3562 cautissima
1304 3504 1626 3573 humilitas,
1646 3505 1733 3561 vel
1760 3522 1845 3561 re-

189 3599 394 3655 tundit
416 3597 779 3655 solidissima
806 3598 1049 3651 veritas:
1078 3595 1382 3667 magisque
1405 3596 1616 3667 optabo
1639 3612 1673 3650 a
1703 3612 1846 3666 quo-

189 3688 334 3743 libet
365 3685 734 3760 reprehendi,
758 3701 935 3757 quam
960 3684 1081 3739 sive
1104 3685 1175 3759 ab
1199 3691 1444 3753 errante,
1468 3685 1587 3739 sive
1609 3684 1680 3739 ab
1704 3684 1849 3739 adu-

188 3776 349 3833 lante
374 3775 622 3832 laudari.
642 3773 850 3829 Nullus
867 3773 1020 3829 enim
1044 3774 1425 3844 reprehensor
1444 3773 1847 3829 formidandus

188 3871 280 3922 est
301 3866 547 3922 amatori
566 3864 844 3919 veritatis.
872 3863 1098 3918 Etenim
1118 3867 1219 3917 aut
1239 3861 1513 3917 inimicus
1536 3862 1847 3933 reprehen-

186 3973 365 4011 surus
388 3960 497 4021 est,
524 3960 627 4009 aut
648 3953 892 4008 amicus.
920 3952 975 4007 Si
1002 3968 1136 4023 ergo
1169 3951 1446 4006 inimicus
1467 3950 1733 4021 insultat,
1766 3952 1846 4007 fe-

188 4045 329 4100 rend
342 4062 410 4099 us
427 4049 533 4099 est:
552 4044 777 4098 amicus
794 4046 987 4096 autem
1008 4040 1054 4096 si
1070 4044 1243 4107 errat,
1259 4039 1577 4105 docendus;
1592 4038 1640 4094 si
1659 4040 1845 4107 docet,

187 4132 543 4189 audiendus.
580 4130 872 4186 Laudator
897 4146 1028 4185 vero
1060 4134 1116 4184 et
1136 4146 1338 4184 errans
1360 4129 1671 4184 conﬁrmat
1692 4146 1848 4183 erro-

186 4239 332 4291 rem,
352 4226 411 4277 et
430 4219 676 4276 adulans
698 4219 865 4274 illicit
881 4218 939 4273 in
959 4234 1237 4273 errorem.
1260 4218 1587 4274 Emendabit
1610 4233 1744 4289 ergo
1766 4232 1851 4273 me

182 4310 363 4379 iustus
396 4311 455 4365 in
504 4307 904 4377 misericordia,
954 4308 1008 4362 et
1049 4309 1243 4377 arguet
1274 4322 1393 4373 me;
1438 4306 1615 4361 oleum
1665 4309 1852 4361 autem

182 4399 485 4473 peccatoris
508 4414 615 4454 non
639 4396 1014 4469 impinguabit
1033 4400 1204 4468 caput
1228 4412 1405 4451 meum
1428 4396 1601 4467 (Psal.
1626 4412 1749 4465 οη,
1772 4395 1848 4465 5).

259 4505 495 4562 CAPUT
538 4503 840 4560 PRIMUM.
873 4534 941 4544 —
970 4503 1023 4558 2.
1067 4503 1277 4572 Regula
1305 4502 1512 4573 duplex
1540 4502 1609 4556 ad
1640 4502 1851 4557 intelli-

184 4597 393 4669 gendas
410 4596 820 4666 Scripturarum
839 4594 1139 4648 locutiones
1154 4591 1218 4647 de
1233 4592 1372 4646 Filio
1394 4593 1515 4646 Dei.
1542 4592 1792 4646 Locution
1800 4607 1855 4647 es

184 4686 426 4756 triplici:
450 4685 691 4755 generis.
713 4682 1124 4747 Quamobrem,
1150 4697 1482 4752 quanquam
1514 4679 1854 4735 ﬁrmissime

187 4780 498 4830 teneamus
539 4772 609 4827 de
658 4771 905 4827 Domino
939 4774 1137 4825 nostro
1179 4772 1319 4824 Jesu
1369 4768 1622 4836 Christo,
1655 4773 1714 4823 et
1756 4785 1857 4839 per

191 4863 527 4935 Scripturas
540 4860 983 4916 disseminatam
999 4864 1056 4913 et
1070 4876 1103 4913 a
1115 4858 1300 4913 doctis
1313 4857 1615 4913 catholicis
1630 4874 1856 4913 earum-

194 4955 329 5008 dem
354 4952 788 5021 Scripturarum
814 4948 1221 5003 tractatoribus
1244 4947 1703 5002 demonstratam
1726 4952 1855 5001 tan-

196 5058 376 5113 quam
400 5040 739 5095 canonicam
760 5038 1043 5111 regulam,
1060 5038 1351 5110 quomodo
1374 5036 1736 5107 intelligatur
1753 5037 1853 5092 Dei

196 5132 379 5188 Filius
399 5136 457 5186 et
477 5130 719 5201 aequalis
743 5130 895 5184 Patri
923 5131 1245 5184 secundum
1270 5128 1370 5183 Dei
1396 5129 1639 5182 formam
1662 5130 1717 5182 in
1739 5145 1857 5199 qua

196 5226 305 5286 est,
335 5224 394 5275 et
428 5218 617 5273 minor
649 5217 815 5272 Patre
854 5216 1175 5272 secundum
1215 5214 1362 5270 servi
1396 5214 1641 5269 formam
1675 5231 1853 5281 quam

194 5308 423 5381 accepit
451 5308 724 5379 (Philipp.
762 5324 823 5375 II,
856 5308 908 5371 6,
940 5307 1018 5377 7);
1052 5305 1110 5360 in
1144 5322 1259 5375 qua
1292 5304 1476 5358 forma
1514 5320 1626 5358 non
1661 5302 1852 5359 solum

196 5402 390 5469 Patre,
414 5400 515 5456 sed
540 5400 715 5455 etiam
739 5398 957 5471 Spiritu
992 5403 1216 5462 sancto,
1250 5412 1437 5467 neque
1459 5395 1567 5450 hoc
1599 5400 1854 5465 tantum,

266 5582 279 5616 ι
309 5578 524 5642 Aliquot
556 5578 699 5642 Mem,
730 5577 884 5642 atteri
914 5577 1098 5624 Adam.

259 5644 282 5679 ¹
311 5640 495 5692 Plures
525 5640 757 5700 codices,
791 5640 1082 5700 dilucescat.

257 5707 279 5743 ⁸
306 5703 661 5757 Michaelinus
690 5702 876 5759 codex.
893 5699 1248 5765 _intelligatur.

258 5770 281 5809 δ
308 5767 556 5836 Plerique
587 5767 735 5827 Msa,
764 5762 1009 5818 osculum.

1943 1276 2042 1347 qui
2067 1276 2198 1343 fuit,
2227 1278 2328 1333 sed
2351 1294 2411 1333 se
2442 1279 2568 1351 ipso
2591 1280 2829 1351 quiest;
2866 1281 3006 1353 quia
3035 1284 3222 1338 forma
3250 1285 3400 1339 servi
3424 1302 3593 1342 acce-

1945 1369 2063 1436 pta,
2086 1366 2332 1422 formam
2348 1366 2447 1421 Dei
2466 1386 2577 1422 non
2599 1369 2816 1435 amisit,
2832 1371 2986 1425 sicut
3000 1372 3593 1447 Scripturarum,qum

1946 1452 2003 1506 in
2026 1454 2320 1524 superiore
2337 1454 2484 1511 libro
2503 1460 3112 1529 commemoravimus,
3138 1462 3475 1519 testimonia
3491 1464 3594 1519 do-

1952 1548 2224 1597 cuerunt:
2248 1550 2386 1598 sunt
2421 1549 2607 1611 tamen
2632 1548 2971 1617 quaedamin
2995 1549 3204 1604 divinis
3236 1550 3483 1622 eloquiis
3514 1553 3597 1609 ita

1952 1628 2158 1699 posita,
2182 1637 2243 1683 ut
2259 1630 2600 1702 ambiguum
2625 1633 2699 1687 sit
2720 1636 2788 1688 ad
2811 1652 2987 1706 quam
3009 1637 3199 1707 potius
3221 1638 3481 1709 regulam
3506 1656 3597 1695 re-

1952 1717 2241 1786 ferantur;
2268 1725 2461 1775 utrum
2497 1723 2567 1775 ad
2599 1739 2725 1777 eam
2759 1740 2873 1795 qua
2898 1724 3283 1796 intelligimus
3309 1726 3597 1782 minorem

1952 1806 2160 1861 Filium
2186 1807 2241 1861 in
2258 1826 2455 1863 assum
2468 1816 2565 1881 pta
2580 1818 2863 1877 creatura,
2877 1830 2949 1866 an
2964 1814 3035 1867 ad
3049 1830 3176 1868 eam
3192 1831 3309 1885 qua
3325 1813 3597 1886 intelligi-

1950 1912 2103 1960 mus,
2123 1914 2233 1951 non
2250 1897 2483 1967 quidem
2506 1900 2787 1955 minorem
2806 1916 2934 1955 esse
2953 1902 3183 1968 Filium,
3201 1902 3299 1957 sed
3315 1902 3599 1975 aequalem

1950 1982 2129 2048 Patri,
2156 1989 2349 2038 tamen
2382 1986 2455 2039 ab
2482 1984 2579 2041 illo
2604 1986 2758 2041 hunc
2786 2004 2914 2043 esse
2938 1994 3117 2044 Deum
3142 1990 3212 2044 de
3237 1994 3368 2057 Deo,
3404 1989 3600 2046 lumen

1952 2072 2020 2126 de
2051 2071 2294 2127 lumine.
2328 2073 2537 2129 Filium
2578 2078 2794 2147 quippe
2833 2077 3083 2132 dicimus
3114 2078 3297 2133 Deum
3343 2081 3413 2133 de
3446 2079 3599 2135 Deo:

1953 2161 2177 2217 Patrem
2212 2168 2430 2230 autem,
2462 2162 2645 2219 Deum
2679 2171 2937 2231 tantum;
2974 2184 3109 2233 non,
3163 2168 3234 2223 de
3274 2172 3407 2223 Deo.
3444 2168 3605 2224 Unde

1954 2254 2330 2309 manifestum
2352 2260 2442 2310 est
2465 2256 2617 2326 quod
2644 2255 2822 2312 Filius
2844 2257 3055 2312 habeat
3071 2257 3251 2313 alium
3278 2260 3347 2314 de
3366 2277 3480 2332 quo
3503 2262 3601 2329 sit,

1949 2346 2006 2397 et
2035 2342 2128 2396 cui
2151 2342 2331 2397 Filius
2354 2344 2459 2409 sit;
2493 2344 2661 2399 Pater
2682 2351 2875 2400 autem
2909 2363 3021 2400 non
3048 2346 3255 2402 Filium
3281 2349 3351 2402 de
3375 2364 3489 2419 quo
3519 2349 3599 2404 sit

1952 2432 2181 2496 habeat,
2206 2433 2305 2486 sed
2336 2438 2563 2487 tantum
2592 2433 2685 2488 cui
2707 2434 2874 2489 Pater
2895 2434 2989 2488 sit.
3017 2435 3221 2491 Omnis
3252 2436 3406 2492 enim
3440 2438 3598 2492 ﬁlius

1953 2521 2021 2575 de
2044 2525 2206 2591 patre
2226 2526 2315 2576 est
2336 2522 2488 2592 quod
2512 2527 2617 2593 est,
2633 2527 2688 2576 et
2714 2522 2859 2594 patri
2882 2522 3039 2579 ﬁlius
3054 2530 3169 2579 est:
3190 2524 3387 2580 nullus
3404 2531 3600 2583 autem

1952 2616 2115 2683 pater
2143 2612 2215 2667 de
2246 2612 2365 2668 ﬁlio
2396 2618 2485 2668 est
2516 2613 2668 2684 quod
2700 2617 2807 2683 est,
2841 2615 2940 2669 sed
2975 2613 3092 2670 ﬁlio
3122 2621 3285 2685 pater
3312 2621 3419 2671 est.

2022 2722 2075 2776 3.
2114 2722 2385 2786 Quasdam
2417 2722 2615 2794 itaque
2645 2724 2726 2778 ita
2760 2729 3059 2794 ponuntur
3086 2725 3144 2779 in
3188 2725 3506 2797 Scripturis
3535 2726 3606 2782 de

1953 2814 2121 2865 Patre
2150 2817 2207 2865 et
2229 2812 2392 2877 Filio,
2424 2817 2487 2866 ut
2508 2812 2768 2867 indicent
2795 2813 3072 2869 unitatem
3098 2814 3607 2887 aequalitatemque

1953 2900 2318 2964 substantias,
2366 2900 2539 2955 sicuti
2586 2906 2697 2968 est,
2751 2902 2858 2973 Ego
2899 2911 2951 2957 et
2985 2904 3149 2959 Pater
3194 2920 3370 2958 unum
3414 2920 3607 2960 :umw

1952 2991 2127 3061 (Joan.
2165 3008 2216 3057 x,
2249 2992 2359 3061 30);
2407 2995 2481 3055 et,
2518 2991 2653 3046 Cum
2691 2993 2746 3045 in
2776 2994 2955 3062 forma
2987 2994 3084 3048 Dei
3120 2998 3273 3060 esset,
3315 3010 3424 3051 non
3454 2996 3607 3066 rapi-

1953 3097 2085 3135 nam
2114 3080 2415 3134 arbitratus
2437 3088 2647 3135 estesse
2674 3083 2907 3152 aequalis
2943 3087 3048 3138 Deo
3078 3083 3342 3155 (Philipp.
3367 3101 3428 3151 ιι,
3449 3085 3527 3156 6);
3551 3087 3609 3140 et

1954 3185 2149 3240 quaecu
2162 3185 2333 3240 mque
2353 3169 2660 3225 taliasunt.
2680 3170 2951 3234 Quasdam
2974 3188 3105 3227 vero
3121 3173 3222 3240 ita,
3239 3178 3303 3228 ut
3320 3173 3606 3231 minorem

1955 3258 2267 3313 ostendant
2288 3258 2497 3312 Filium
2524 3264 2758 3329 propter
2778 3259 3024 3316 formam
3051 3262 3219 3329 servi,
3244 3261 3301 3316 id
3327 3268 3434 3334 est,
3471 3279 3606 3334 pro-

1956 3351 2085 3418 pter
2114 3352 2477 3416 assumptam
2510 3354 2839 3403 creaturam
2886 3351 3187 3406 mutabilis
3216 3351 3607 3422 humanasque

1957 3435 2317 3505 substantias,
2342 3434 2515 3490 sicuti
2542 3442 2629 3490 est
2651 3438 2801 3506 quod
2830 3437 2929 3505 ait,
2956 3438 3221 3505 Quoniam
3244 3443 3409 3495 Pater
3428 3440 3609 3511 major

1953 3540 2040 3579 me
2068 3530 2147 3580 est
2181 3525 2355 3595 (Joan.
2389 3540 2504 3593 xiv,
2534 3524 2662 3594 28);
2694 3530 2772 3593 et,
2822 3532 2990 3581 Pater
3018 3543 3127 3582 non
3174 3529 3388 3595 iudicat
3420 3544 3607 3600 quem-

1954 3630 2136 3685 quam,
2159 3614 2259 3667 sed
2279 3628 2437 3667 omne
2447 3613 2731 3682 judicium
2752 3614 2899 3669 dedit
2923 3618 3082 3672 Filio.
3104 3617 3248 3671 Nam
3273 3618 3447 3689 paulo
3479 3621 3613 3690 post

1956 3706 2379 3772 consequenter
2394 3705 2498 3768 ait,
2516 3703 2579 3756 Et
2597 3706 2918 3773 potestatem
2933 3704 3078 3760 dedit
3091 3707 3144 3761 ei
3164 3710 3216 3760 et
3222 3706 3509 3777 judicium
3524 3707 3612 3780 fa-

1954 3808 2092 3857 cere,
2125 3793 2385 3862 quoniam
2410 3792 2585 3847 Filius
2614 3791 2852 3847 hominis
2882 3797 2976 3849 est.
3010 3793 3281 3857 Quasdam
3306 3812 3476 3867 porro
3510 3796 3608 3863 ita,

1959 3886 2023 3936 ut
2036 3896 2140 3935 nec
2154 3880 2229 3934 mi
2242 3897 2344 3934 nor
2356 3896 2459 3935 nec
2472 3880 2714 3951 aequalis
2730 3887 2870 3937 tunc
2883 3883 3246 3950 ostendatur,
3263 3884 3363 3939 sed
3377 3888 3610 3939 tantum

1958 3970 2112 4041 quod
2137 3970 2207 4024 de
2231 3969 2395 4023 Patre
2419 3970 2496 4023 sit
2520 3969 2843 4037 intimetur,
2869 3975 2933 4025 ut
2962 3976 3049 4026 est
3069 3970 3234 4039 illud,
3267 3971 3417 4027 Sicut
3448 3971 3612 4028 habet

1958 4060 2123 4113 Pater
2150 4059 2318 4113 vitam
2350 4059 2411 4112 in
2440 4061 2748 4130 semetipso,
2779 4061 2858 4114 sic
2876 4058 3020 4115 dedit
3048 4061 3189 4116 Filio
3212 4063 3387 4116 vitam
3408 4062 3612 4117 habere

1960 4150 2017 4203 in
2048 4149 2361 4218 semetipso;
2383 4153 2441 4202 et
2473 4146 2638 4216 illud,
2679 4148 2859 4220 Neque
2887 4150 3036 4203 enim
3066 4153 3238 4220 potest
3267 4149 3462 4205 Filius
3492 4167 3525 4205 a
3552 4164 3612 4205 se

1958 4241 2138 4309 facere
2165 4236 2483 4308 quidquam,
2514 4238 2627 4291 nisi
2657 4238 2794 4307 quod
2833 4238 3031 4292 viderit
3060 4238 3277 4293 Patrem
3314 4241 3610 4309 facientem

1961 4327 2059 4398 (Id.
2092 4343 2146 4391 ν,
2189 4326 2279 4388 22,
2311 4326 2401 4391 27,
2451 4326 2542 4392 26,
2578 4326 2687 4395 19).
2722 4326 2883 4391 Quod
2936 4325 2986 4381 si
3038 4331 3341 4398 propterea
3388 4326 3610 4381 dictum

1961 4414 2376 4487 acceperimus,
2402 4415 2540 4484 quia
2571 4414 2629 4468 in
2654 4415 2840 4469 forma
2861 4422 3099 4486 accepta
3128 4432 3196 4471 ex
3216 4421 3481 4471 creatura
3504 4415 3613 4471 mi-

1961 4522 2070 4560 nor
2092 4509 2179 4559 est
2208 4503 2410 4571 Filius,
2433 4519 2798 4575 consequens
2829 4504 2933 4559 erit
2968 4510 3032 4559 ut
3062 4505 3218 4577 prior
3247 4505 3414 4561 Pater
3442 4522 3620 4578 super

1962 4610 2147 4665 aquas
2163 4592 2572 4657 ambulaverit,
2592 4598 2695 4647 aut
2715 4592 2967 4665 alicujus
2986 4593 3229 4651 alterius
3250 4594 3383 4651 caeci
3406 4597 3524 4651 nati
3549 4596 3622 4651 de

1963 4688 2136 4753 sputo
2158 4687 2215 4737 et
2246 4682 2367 4735 luto
2397 4679 2594 4736 oculos
2626 4682 2943 4753 aperuerit,
2966 4688 3025 4738 et
3054 4689 3261 4739 caetera
3283 4701 3408 4755 quas
3441 4684 3622 4740 Filius

1962 4772 2022 4826 in
2056 4786 2227 4826 carne
2245 4786 2534 4841 apparens
2554 4770 2705 4824 inter
2721 4770 2987 4827 homines
3015 4773 3147 4827 fecit
3164 4772 3367 4844 (Matth.
3392 4789 3506 4841 xxv,
3526 4773 3621 4842 26,

1963 4870 2013 4917 et
2039 4862 2199 4915 Joan.
2234 4876 2311 4922 Ix,
2342 4860 2397 4927 6,
2429 4860 2506 4930 7),
2542 4864 2606 4913 ut
2646 4866 2843 4930 posset
2872 4877 2939 4915 ea
2981 4862 3166 4917 facere
3198 4861 3297 4933 qui
3329 4861 3474 4915 dixit
3504 4877 3620 4917 non

1966 4965 2134 5021 posse
2158 4948 2363 5003 Filium
2385 4965 2417 5003 a
2438 4964 2500 5003 se
2523 4950 2707 5003 facere
2725 4948 3071 5020 quidquam,
3101 4949 3211 5005 nisi
3237 4950 3389 5021 quod
3416 4940 3624 5004 viderit

1968 5043 2189 5094 Patrem
2223 5037 2558 5092 facientem:
2604 5038 2739 5109 quis
2770 5045 2963 5093 autem
2995 5038 3095 5108 ,vel
3128 5038 3344 5094 delirus
3377 5038 3457 5093 ita
3488 5054 3621 5093 sen-

1964 5126 2113 5181 tiat?
2137 5127 2339 5181 Restat
2359 5142 2493 5197 ergo
2520 5130 2583 5179 ut
2604 5125 2725 5180 haec
2747 5125 2873 5181 ideo
2897 5126 3050 5181 dicta
3071 5126 3208 5193 sint,
3238 5127 3376 5198 quia
3398 5127 3621 5181 incom-

1966 5216 2267 5270 mutabilis
2290 5220 2377 5269 est
2398 5216 2515 5268 vita
2536 5214 2659 5268 F'ilii
2690 5215 2840 5269 sicut
2869 5216 3074 5281 Patris,
3098 5222 3154 5270 et
3178 5221 3374 5270 tamen
3408 5216 3478 5270 de
3512 5220 3623 5271 Pa-

1966 5310 2053 5360 tre
2076 5310 2165 5359 est
2193 5330 2206 5369 ;
2237 5310 2294 5358 et
2318 5302 2726 5374 inseparabilis
2759 5310 2847 5358 est
2877 5305 3134 5375 operatio
3172 5305 3354 5360 Patris
3386 5310 3440 5360 et
3471 5303 3624 5372 Filii,

1966 5394 2067 5449 sed
2093 5401 2286 5448 tamen
2339 5393 2421 5446 ita
2451 5393 2673 5464 operari
2708 5392 2847 5446 Filio
2878 5393 2948 5447 de
2978 5392 3077 5448 illo
3108 5400 3216 5462 est,
3250 5394 3320 5448 de
3354 5409 3472 5464 quo
3502 5394 3627 5465 ipse

1966 5489 2075 5548 est,
2110 5484 2164 5536 id
2199 5488 2288 5537 est
2320 5482 2389 5535 de
2421 5481 2613 5548 Patre;
2648 5486 2704 5534 et
2738 5482 2817 5535 ita
2847 5484 3001 5537 vi‘let
3046 5482 3224 5538 Filius
3270 5482 3528 5550 Patrem,
3560 5485 3629 5538 ut

1966 5588 2083 5644 quo
2115 5588 2248 5626 eum
2277 5570 2433 5624 videt
2463 5568 2572 5624 hoc
2600 5570 2728 5641 ipso
2759 5571 2836 5625 sit
2868 5570 3065 5627 Filius.
3098 5570 3221 5627 Non
3273 5571 3430 5628 enim
3462 5570 3626 5627 aliud

1965 5661 2050 5716 illi
2078 5664 2169 5717 est
2190 5675 2318 5716 esse
2339 5659 2409 5714 de
2432 5661 2619 5725 Patre,
2645 5658 2702 5713 id
2733 5663 2822 5715 est
2843 5661 3003 5716 nasci
3023 5661 3093 5718 de
3116 5661 3304 5730 Patre,
3329 5677 3505 5734 quam
3537 5659 3626 5717 vi.

1969 5751 2102 5809 dere
2121 5748 2371 5821 Patrem;
2390 5750 2492 5806 aut
2506 5746 2667 5806 aliud
2683 5746 2876 5809 videre
2891 5754 3251 5832 operantem,
3272 5765 3449 5828 quam
3466 5748 3623 5826 pari-
