4040 6460
435 347 552 407 81⁸7
1549 348 1651 408 DE
1694 345 2146 419 TRINITATE,
2195 346 2258 404 S.
2307 343 2741 406 AUGUSTINI
3740 347 3853 409 848

436 484 527 534 ter
556 479 781 551 operari
806 495 819 535 :
851 480 953 535 sed
984 478 1114 535 ideo
1138 496 1249 535 non
1283 497 1315 535 a
1343 495 1424 547 se,
1454 480 1592 551 quia
1613 496 1727 535 non
1749 483 1838 534 est
1860 454 1893 533 a
1913 494 1995 533 se.
2020 478 2084 532 Et
2200 479 2389 530 Patre.
2424 477 2503 531 De
2536 493 2597 530 se
2626 476 2844 549 quippe
2887 477 3129 547 dixerat,
3177 481 3297 535 Mea
3329 477 3590 535 doctrina
3636 496 3747 536 non
3777 491 3852 536 est

436 568 566 622 ideo
588 584 713 639 qua:
734 567 935 623 viderit
957 570 1179 624 Patrem
1196 571 1512 640 facientem,
1537 569 1650 624 hac
1669 569 1856 624 eadem
1878 569 2013 639 facit
2033 571 2087 621 et
2189 581 2332 635 mea,
2359 566 2449 620 sed
2477 566 2592 637 ejus
2621 568 2721 637 qui
2738 583 2823 622 me
2849 569 3031 621 misit:
3054 568 3124 621 de
3146 567 3367 639 Spiritu
3394 572 3590 624 autem
3626 576 3845 635 sancto,

436 658 622 712 Filius
653 657 928 724 similiter,
964 658 1102 730 quia
1130 659 1201 713 de
1229 658 1396 713 Patre
1425 663 1533 715 est.
1556 659 1755 730 Neque
1784 658 1938 713 enim
1972 655 2087 712 alia
2189 653 2312 709 Non
2342 655 2489 709 enim
2522 654 2822 725 loquetura
2849 659 3149 727 semetipso,
3173 657 3265 711 sed
3285 672 3643 729 quaecumque
3664 659 3849 714 audiet

437 745 889 813 similiter,sicut
902 746 1086 817 pictor
1098 746 1242 801 alias
1260 747 1490 803 tabulas
1505 747 1887 820 pingit,quem
1897 748 1960 800 ad
1971 762 2086 801 mo-

438 833 580 888 dum
594 833 739 890 alias
754 835 825 890 ab
840 833 952 889 alio
969 835 1152 906 pictas
1170 836 1346 905 videt;
1363 853 1467 892 nec
1480 836 1678 891 eadem
1700 834 2086 899 dissimiliter,

439 923 592 977 sicut
623 938 834 995 corpus
856 923 1092 979 easdem
1124 923 1351 978 litteras
1374 924 1663 997 exprimit,
1685 941 1831 995 quas
1854 924 2088 978 animus

437 1010 746 1082 cogitavit:
779 1013 879 1067 sed
923 1027 1302 1086 quaecumque,
1334 1013 1545 1085 inquit,
1585 1015 1753 1068 Pater
1788 1016 1945 1084 facit,
1977 1014 2092 1067 ha’c

435 1099 623 1174 eadem
650 1104 702 1155 et
729 1102 864 1170 facit
900 1100 1089 1157 Filius
1116 1103 1380 1157 similiter
1415 1103 1594 1173 (Joan.
1626 1120 1679 1156 v.
1718 1102 1822 1174 19).
1860 1104 1946 1171 Et,
1980 1103 2093 1157 hac

434 1191 637 1246 eadem
658 1191 832 1261 dixit;
853 1196 928 1258 et,
951 1193 1218 1248 similiter
1233 1211 1252 1249 :
1275 1210 1341 1248 ac
1363 1210 1464 1265 per
1484 1193 1592 1248 hoc
1611 1192 2017 1265 inseparabilis
2037 1197 2094 1247 et

436 1293 541 1349 par
561 1282 650 1333 est
680 1278 934 1350 Operatio
960 1279 1112 1334 Patri
1137 1284 1191 1334 et
1225 1279 1389 1349 Filio,
1423 1281 1522 1335 sed
1554 1299 1586 1336 a
1617 1280 1781 1335 Patre
1811 1284 1899 1335 est
1926 1278 2089 1335 Filio.

433 1369 568 1425 Ideo
600 1386 715 1425 non
761 1374 952 1441 potest
994 1369 1171 1426 Filius
1204 1389 1236 1425 a
1281 1388 1343 1425 se
1375 1372 1560 1427 facere
1590 1371 1932 1443 quidquam,
1978 1372 2091 1426 nisi

435 1459 588 1530 quod
622 1459 832 1514 viderit
850 1463 1078 1514 Patrem
1106 1460 1430 1516 facientem.
1461 1461 1544 1516 Ex
1574 1462 1682 1516 bac
1704 1478 1839 1534 ergo
1870 1460 2089 1533 regula,

434 1562 550 1619 qua
569 1548 648 1603 ita
668 1547 992 1619 loquuntur
1008 1548 1340 1621 Scripturze,
1360 1555 1425 1605 ut
1443 1568 1557 1606 non
1578 1550 1757 1606 alium
1779 1552 1888 1606 alio
1906 1552 2088 1605 mino-

433 1651 579 1701 rem,
613 1636 713 1691 sed
759 1640 987 1692 tantum
1020 1636 1200 1692 velint
1231 1640 1537 1695 ostendere
1580 1639 1712 1711 quis
1746 1640 1816 1694 de
1849 1655 1961 1710 quo
1992 1638 2088 1715 sit,

436 1724 701 1779 nonnulli
732 1742 865 1780 eum
890 1743 1128 1781 sensum
1154 1733 1562 1799 conceperunt,
1590 1733 1869 1799 tanquam
1900 1729 2093 1783 minor

437 1813 619 1868 Filius
640 1813 946 1869 diceretur.
966 1816 1212 1879 Quidam
1239 1822 1432 1871 autem
1454 1818 1635 1872 nostri
1659 1817 2093 1883 indoctiores,et

436 1902 495 1956 in
531 1902 620 1957 his
659 1903 900 1958 minime
922 1904 1157 1970 eruditi,
1182 1904 1320 1960 dum
1348 1906 1464 1960 haec
1494 1907 1816 1961 secundum
1842 1906 2089 1961 formam

436 1989 587 2045 servi
608 1995 892 2046 conantur
912 1993 1192 2063 accipere,
1208 1997 1263 2048 et
1285 2010 1382 2049 eos
1405 1998 1601 2049 rectus
1624 1994 1954 2049 intellectus
1975 2011 2089 2050 non

438 2078 720 2150 sequitur,
743 2080 1176 2150 perturbantur.
1198 2082 1358 2148 Quod
1379 2098 1448 2137 ne
1467 2083 1710 2153 accidat,
1730 2084 1983 2138 tenenda
2004 2087 2092 2138 est

437 2166 558 2222 haec
590 2168 809 2238 regula,
841 2186 953 2239 qua
988 2186 1099 2224 non
1136 2172 1326 2225 minor
1355 2176 1443 2226 est
1471 2171 1670 2243 Filius,
1696 2172 1793 2227 sed
1831 2173 1985 2243 quod
2021 2172 2090 2227 de

436 2259 605 2312 Patre
637 2258 715 2312 sit
735 2256 1065 2314 intimatur:
1101 2260 1315 2329 quibus
1338 2261 1529 2316 verbis
1554 2278 1665 2316 non
1692 2261 2088 2333 inaequalitas,

434 2346 535 2401 sed
569 2346 841 2402 nativitas
870 2348 998 2417 ejus
1030 2349 1375 2403 ostenditur.

504 2452 732 2508 CAPUT
762 2453 830 2507 Il.
856 2483 923 2493 --
953 2455 1003 2508 4.
1037 2454 1120 2508 Ea:
1140 2455 1395 2509 utralibet
1425 2456 1615 2525 regula
1646 2458 1895 2526 intelligi
1921 2474 2086 2528 quas-

436 2540 563 2595 dam
580 2542 872 2597 tocutiones
898 2542 963 2598 de
979 2544 1141 2598 Filio.
1167 2544 1315 2598 Sunt
1339 2560 1473 2615 ergo
1498 2548 1761 2615 quaedam
1788 2547 1844 2599 in
1870 2546 2089 2602 sanctis

443 2630 653 2695 Libris,
674 2636 737 2685 ut
757 2631 948 2686 dicere
969 2648 1273 2703 cceperam,
1312 2633 1391 2686 ita
1413 2634 1624 2704 posita,
1650 2643 1711 2688 ut
1743 2635 2088 2705 ambiguum

443 2718 520 2774 sit
540 2736 794 2790 quonam
817 2721 1119 2775 referenda
1140 2722 1285 2777 sint:
1311 2727 1508 2776 utrum
1529 2722 1598 2776 ad
1620 2720 1761 2777 illud
1787 2724 1937 2793 quod
1960 2741 2088 2795 pro-

445 2812 572 2879 pter
601 2814 965 2881 assumptum
989 2814 1315 2864 creaturam
1350 2808 1539 2865 minor
1568 2816 1656 2865 est
1689 2811 1897 2878 Filius;
1922 2830 1993 2867 an
2019 2813 2089 2867 ad

444 2895 612 2962 illud,
631 2898 780 2966 quod
806 2897 1069 2969 quamvis
1090 2897 1351 2969 aqualis,
1375 2902 1569 2953 tamen
1594 2898 1730 2970 quia
1748 2900 1816 2955 de
1835 2900 1998 2955 Patre
2016 2901 2093 2956 sit

443 2984 755 3040 indicatur.
777 2986 845 3041 Et
866 2986 1006 3041 mihi
1040 2986 1274 3058 quidem
1304 2987 1554 3054 videtur,
1587 2989 1633 3043 si
1668 3005 1734 3043 eo
1764 2990 1935 3044 modo
1966 3007 2090 3045 am-

451 3074 694 3147 biguum
724 3080 832 3139 est,
866 3079 929 3129 ut
957 3075 1231 3146 explicari
1253 3075 1621 3147 discernique
1652 3095 1763 3132 non
1789 3080 1991 3149 possit,
2025 3096 2093 3134 ex

450 3164 724 3219 utralibet
756 3163 955 3236 regula
983 3164 1111 3219 sine
1140 3164 1396 3235 periculo
1442 3182 1610 3237 posse
1642 3166 1908 3239 intelligi,
1942 3168 2095 3224 sicut

448 3258 536 3307 est
559 3254 711 3324 quod
731 3254 831 3319 ait,
854 3255 965 3308 Mea
985 3254 1240 3308 doctrina
1260 3268 1369 3307 non
1390 3263 1465 3309 est
1487 3272 1627 3325 mea,
1649 3256 1741 3310 sed
1760 3259 1875 3329 ejus
1896 3259 1991 3327 qui
2009 3273 2095 3315 me

443 3342 715 3414 misit(ld.
749 3360 850 3407 vn,
874 3343 982 3410 16).
1016 3342 1162 3397 Nam
1193 3346 1250 3397 et
1287 3358 1354 3397 ex
1386 3343 1572 3398 forma
1598 3346 1745 3399 servi
1778 3352 1968 3417 potest
1996 3363 2091 3402 ac-

444 3432 581 3501 cipi,
606 3432 892 3502 sicutjam
914 3433 971 3486 in
990 3431 1135 3487 libro
1159 3432 1457 3502 superiore
1474 3436 1851 3490 tractavimus
1868 3436 2087 3507 (Supra,

443 3522 543 3577 lib.
574 3523 622 3589 1,
647 3538 770 3594 cap.
806 3523 913 3591 12);
946 3527 1002 3576 et
1032 3537 1100 3576 ex
1130 3524 1316 3575 forma
1349 3521 1467 3585 Dei,
1502 3522 1559 3576 in
1594 3540 1709 3594 qua
1740 3524 1822 3578 sic
1850 3525 2089 3596 aequalis

442 3617 531 3666 est
548 3612 725 3675 Patri,
747 3615 809 3665 ut
827 3617 1022 3665 tamen
1048 3611 1117 3665 de
1136 3611 1302 3666 Patre
1321 3610 1413 3665 sit.
1440 3613 1500 3665 In
1521 3612 1619 3666 Dei
1644 3613 1858 3684 quippe
1883 3617 2087 3686 forma,

442 3700 593 3754 sicut
627 3717 739 3755 non
772 3704 860 3753 est
889 3699 1046 3754 aliud
1082 3699 1277 3765 Filius,
1313 3699 1471 3754 aliud
1506 3702 1621 3755 vita
1654 3704 1803 3772 ejus,
1836 3704 1933 3758 sed
1962 3703 2088 3774 ipsa

440 3791 560 3844 vita
580 3788 759 3844 Filius
776 3796 883 3857 est;
904 3790 984 3843 ita
1003 3805 1116 3843 non
1140 3794 1229 3844 est
1245 3788 1401 3843 aliud
1430 3789 1628 3848 Filius.
1650 3791 1805 3846 aliud
1827 3794 2091 3848 doctrina

442 3880 592 3950 ejus,
616 3879 716 3933 sed
735 3880 862 3950 ipsa
883 3879 1147 3933 doctrina
1171 3878 1346 3933 Filius
1367 3883 1474 3932 est.
1498 3881 1575 3933 Ac
1598 3896 1699 3951 per
1718 3880 1826 3935 hoc
1850 3882 2000 3937 sicut
2029 3884 2085 3938 id

443 3968 594 4039 quod
628 3968 847 4022 dictum
870 3972 977 4035 est,
1000 3966 1149 4022 dedit
1177 3968 1315 4022 Filio
1335 3969 1523 4035 vitam,
1557 3985 1670 4021 non
1694 3969 1850 4024 aliud
1876 3971 2088 4027 intelli-

443 4056 811 4129 giturquam,
834 4056 1046 4112 Genuit
1065 4055 1275 4110 Filium
1290 4055 1387 4126 qui
1402 4060 1489 4110 est
1506 4055 1638 4123 vita;
1655 4058 1739 4112 sic
1759 4059 1933 4114 etiam
1952 4077 2086 4117 cum

441 4146 673 4215 dicitur,
696 4146 866 4202 Dedit
890 4145 1031 4199 Filio
1056 4144 1403 4209 doctrinam,
1428 4146 1571 4199 bene
1592 4145 1954 4219 intelligitur,
1981 4150 2087 4205 Ge-

440 4236 571 4291 nuit
600 4236 807 4291 Filium
846 4234 945 4305 qui
977 4239 1067 4289 est
1104 4234 1394 4288 doctrina:
1437 4239 1500 4288 ut
1529 4234 1683 4305 quod
1724 4236 1942 4292 dictum
1975 4244 2083 4306 est,

438 4326 548 4379 Mea
569 4325 817 4380 doctrina
835 4340 945 4378 non
965 4326 1040 4378 est
1062 4340 1203 4388 mea,
1225 4323 1317 4377 sed
1336 4325 1452 4392 eius
1475 4326 1569 4394 qui
1589 4341 1676 4380 me
1695 4328 1865 4394 misit,
1899 4328 1981 4383 sic
2004 4329 2087 4384 in-

436 4413 734 4485 telligatur
755 4430 821 4468 ac
838 4413 885 4468 si
914 4412 1133 4467 dictum
1159 4414 1255 4481 sit,
1285 4413 1396 4484 Ego
1430 4430 1542 4467 non
1578 4431 1709 4469 sum
1743 4431 1776 4469 a
1808 4433 1899 4471 me
1930 4417 2081 4489 ipso,

437 4504 537 4558 sed
571 4503 642 4557 ab
673 4501 770 4558 illo
799 4501 899 4574 qui
932 4518 1023 4555 me
1056 4501 1235 4557 misit.

504 4612 728 4669 CAPUT
756 4614 847 4669 III.
880 4644 950 4653 —
969 4613 1022 4667 5.
1053 4618 1129 4668 De
1159 4612 1375 4684 Spiritu
1405 4618 1596 4691 sancto
1618 4614 1869 4684 quaedam
1890 4632 1957 4671 ea:
1986 4616 2082 4672 al-

433 4711 549 4759 tera
580 4706 797 4759 tantum
826 4702 1018 4771 regula
1046 4703 1462 4774 intelliguntur.
1492 4702 1637 4756 Nam
1669 4709 1725 4758 et
1756 4704 1824 4758 de
1862 4705 2081 4776 Spiritu

432 4800 650 4863 sancto,
666 4793 736 4848 de
760 4809 872 4864 quo
889 4808 1001 4846 non
1018 4790 1234 4845 dictum
1251 4796 1360 4857 est,
1377 4793 1731 4860 Semetipsum
1747 4795 2081 4862 exinanivit,

429 4887 668 4953 formam
682 4884 826 4937 servi
845 4882 1136 4952 accipiens;
1158 4880 1239 4935 ait
1254 4884 1448 4934 tamen
1470 4880 1591 4950 ipse
1609 4881 1922 4938 Dominus:
1948 4884 2081 4939 Cum

430 4977 609 5028 autem
642 4973 849 5027 venerit
872 4970 966 5025 ille
983 4971 1224 5041 Spiritus
1245 4969 1509 5033 veritatis,
1534 4967 1737 5023 docebit
1762 4987 1848 5024 vos
1870 4988 2079 5028 omnem

428 5064 731 5118 veritatem.
746 5062 862 5117 Non
881 5062 1029 5115 enim
1049 5060 1300 5130 loquetur
1317 5077 1349 5113 a
1368 5060 1671 5128 semetipso,
1694 5063 1786 5113 sed
1804 5077 2079 5128 quazcum-

429 5168 532 5224 que
554 5151 739 5205 audiet
751 5152 1021 5220 loquetur,
1040 5154 1226 5219 etquae
1244 5150 1469 5202 ventura
1484 5151 1611 5201 sunt
1627 5150 1975 5203 annuntiabz‘t
1994 5167 2081 5207 vo-

431 5241 530 5297 bis.
561 5242 659 5296 Ille
688 5257 775 5295 me
813 5239 1170 5307 clariﬁcabit;
1202 5240 1331 5308 quia
1360 5236 1424 5291 de
1452 5251 1569 5290 meo
1615 5239 1861 5306 accipiet,
1893 5249 1943 5292 et
1971 5257 2078 5294 an-

426 5330 709 5384 nuntiabit
726 5328 887 5383 vobis.
912 5332 1045 5382 Post
1062 5327 1183 5381 haec
1198 5326 1391 5393 verba,
1411 5323 1521 5379 nisi
1546 5330 1817 5380 continuo
1840 5334 2077 5384 secutus

428 5418 690 5485 dixisset,
725 5418 921 5472 Omnia
969 5431 1313 5486 quacumque
1348 5414 1505 5469 habet
1552 5416 1734 5479 Pater,
1768 5431 1889 5469 mea
1918 5426 2075 5473 sunt:

425 5514 711 5578 propterea
730 5505 871 5575 dixi,
894 5504 1032 5572 Quia
1050 5506 1116 5560 de
1138 5521 1251 5559 meo
1273 5506 1518 5575 accipiet.
1537 5511 1589 5557 et
1611 5506 1968 5560 annuntiabit
1990 5523 2077 5562 vo-

428 5595 709 5662 bis(Joan.
733 5610 846 5665 xv1,
884 5594 1092 5665 13-15);
1126 5594 1458 5649 crederetur
1498 5594 1742 5648 fortasse
1778 5592 1857 5649 ita
1901 5600 2074 5653 natus

2193 743 2466 815 loquetur;
2489 749 2565 813 et,
2590 744 2735 809 Quia
2753 744 3205 816 demeoaccipiet,
3230 749 3654 803 etannuntiabit
3675 749 3847 805 vobis.

2192 832 2301 887 Sed
2336 832 2473 904 quia
2504 833 2756 887 reddidit
2785 850 3023 889 causam
3065 852 3171 890 cur
3201 836 3432 905 dixerit,
3473 836 3538 892 de
3581 854 3683 909 quo
3711 840 3851 893 acci-

2189 922 2335 992 piet;
2365 922 2445 976 ait
2476 922 2648 985 enim,
2691 921 2886 977 Omnia.
2925 939 3274 995 quaecumque
3313 924 3474 980 habet
3515 926 3701 992 Pater,
3733 943 3852 983 mea

2192 1019 2353 1074 sunt;
2380 1018 2667 1081 pr0pterea
2695 1011 2838 1079 dixi,
2873 1012 3013 1078 Quia
3042 1012 3107 1067 de
3134 1028 3253 1067 meo
3283 1015 3552 1083 accipiet:
3576 1019 3761 1071 restat
3792 1020 3853 1071 ut

2196 1098 2558 1170 intelligatur
2587 1100 2759 1155 etiam
2801 1101 3051 1172 Spiritus
3094 1106 3335 1157 sanctus
3375 1102 3445 1157 dc
3476 1102 3707 1159 Patris‘
3751 1103 3853 1159 ha-

2197 1188 2350 1258 bere,
2383 1188 2535 1243 sicut
2564 1193 2620 1243 et
2667 1189 2867 1245 Filius.
2916 1190 3238 1255 Quomodo,
3288 1191 3401 1246 nisi
3436 1194 3759 1250 secundum
3794 1192 3851 1249 id

2198 1277 2350 1347 quod
2385 1294 2564 1347 supra
2585 1278 2841 1333 diximus
2866 1294 2877 1333 :
2914 1281 3056 1334 Cum
3086 1288 3268 1335 autem
3294 1283 3505 1335 venerit
3530 1283 3855 1339 Paracletus

2196 1382 2353 1437 quem
2384 1382 2476 1437 ego
2507 1368 2718 1421 mittam
2750 1369 2895 1421 vobis
2924 1384 2955 1422 a
2980 1373 3163 1434 Patre,
3197 1368 3466 1440 Spiritum
3489 1372 3741 1426 veritatis
3759 1374 3858 1444 qui

2194 1473 2230 1510 a
2263 1461 2433 1510 Patre
2460 1456 2723 1527 procedit,
2773 1456 2876 1511 ille
2904 1458 3279 1512 testimonium
3312 1458 3626 1527 perhibebit
3668 1460 3733 1515 de
3769 1476 3858 1517 me

2196 1545 2374 1616 (Joan.
2399 1562 2492 1609 xv,
2513 1546 3016 1615 26)?Procedendo
3038 1546 3234 1618 itaque
3254 1547 3484 1614 aPatre,
3501 1549 3717 1605 dicitur
3738 1566 3857 1606 non

2194 1633 2353 1705 loqui
2386 1652 2419 1689 a
2441 1636 2786 1706 semetipso:
2812 1640 2869 1690 et
2899 1635 3053 1690 sicut
3078 1652 3189 1691 non
3216 1653 3281 1691 ex
3303 1653 3368 1692 eo
3392 1637 3457 1692 lit
3479 1643 3544 1693 ut
3565 1639 3760 1694 minor
3780 1640 3859 1695 sit

2196 1723 2378 1779 Filius
2407 1724 2546 1793 quia
2576 1723 2741 1792 dixit,
2775 1724 2894 1779 Non
2927 1728 3098 1794 potest
3133 1727 3317 1781 Filius
3345 1742 3379 1780 a
3408 1742 3465 1781 se
3491 1728 3673 1798 facere
3703 1728 3860 1800 quid-

2194 1816 2495 1884 quam,nisi
2510 1813 2860 1883 quodviderit
2869 1815 3096 1868 Patrem
3107 1815 3439 1886 facientem(
3446 1832 3559 1871 non
3576 1816 3730 1872 enim
3748 1816 3858 1874 hoc

2193 1919 2260 1956 ex
2276 1902 2456 1956 forma
2474 1902 2622 1956 servi
2642 1902 2804 1972 dixit,
2820 1903 2919 1958 sed
2939 1919 3004 1957 ex
3022 1903 3203 1957 forma
3224 1904 3340 1972 Dei,
3358 1906 3637 1975 sicutjam
3655 1912 3856 1962 osten-

2193 1992 2409 2045 dimus:
2430 1994 2547 2045 haec
2561 1996 2753 2046 autem
2775 1991 2945 2046 verba
2961 2008 3073 2047 non
3090 1991 3352 2047 indicant
3370 1994 3523 2064 quod
3544 1994 3737 2049 minor
3755 1995 3854 2061 sit,

2192 2082 2289 2135 sed
2309 2081 2462 2151 quod
2478 2080 2716 2135 dePatre
2730 2080 2938 2152 sit);ita
2955 2098 3068 2136 non
3084 2080 3220 2135 hinc
3233 2081 3485 2139 efﬁcitur
3500 2082 3767 2138 utminor
3779 2084 3858 2140 sit

2193 2169 2449 2241 Spiritus
2482 2175 2736 2237 sanctus,
2761 2169 2897 2241 quia
2930 2170 3147 2224 dictum
3182 2176 3272 2226 est
3301 2172 3372 2225 de
3402 2171 3521 2243 illo,
3557 2174 3672 2228 Non
3703 2175 3856 2229 enim

2193 2258 2441 2329 loquetur
2461 2276 2494 2312 α
2515 2261 2822 2329 semetipso,
2843 2259 2937 2313 sed
2958 2273 3317 2330 quaecumque
3336 2260 3543 2325 audiet,
3568 2262 3853 2333 loquetur:

2191 2348 2512 2402 secundum
2538 2347 2646 2402 hoc
2668 2348 2823 2401 enim
2848 2346 3067 2401 dictum
3093 2352 3180 2403 est
3201 2349 3352 2418 quod
3379 2349 3448 2403 de
3463 2348 3632 2404 Patre
3653 2366 3854 2422 proca-

2191 2437 2295 2490 dit.
2321 2436 2462 2491 Cum
2489 2452 2617 2490 vero
2650 2441 2706 2490 et
2736 2436 2917 2491 Filius
2941 2437 3014 2490 de
3034 2436 3200 2490 Patre
3232 2438 3330 2501 sit,
3354 2444 3409 2490 at
3436 2438 3692 2508 Spiritus
3715 2456 3854 2496 san-

2193 2530 2319 2579 ctus
2342 2542 2375 2579 a
2407 2525 2569 2579 Patre
2593 2525 2885 2597 procedat,
2918 2540 3023 2579 cur
3046 2541 3156 2579 non
3196 2526 3368 2580 ambo
3389 2526 3514 2581 Filii
3550 2527 3855 2600 dicantur,

2195 2630 2297 2668 nec
2320 2614 2490 2668 ambo
2514 2614 2711 2685 geniti,
2738 2614 2835 2668 sed
2860 2611 2956 2668 ille
2988 2630 3140 2668 unus
3165 2614 3345 2669 Filius
3370 2615 3732 2688 unigenitus,
3758 2616 3854 2673 hic

2193 2709 2387 2758 autem
2410 2703 2658 2773 Spiritus
2682 2710 2917 2757 sanctus
2937 2719 3041 2757 nec
3062 2701 3219 2757 filius
3239 2720 3342 2758 nec
3364 2704 3617 2775 genitus,
3639 2708 3779 2775 quia
3802 2706 3854 2762 si

2193 2792 2425 2864 genitus
2444 2791 2645 2862 utique
2668 2791 2865 2860 Filius,
2890 2790 3003 2845 alio
3027 2790 3172 2857 loco,
3197 2792 3243 2847 si
3270 2791 3420 2847 Deus
3443 2794 3767 2860 donaverit,
3794 2799 3853 2849 et

2194 2886 2477 2951 quantum
2494 2880 3845 2955 donaverit,disseremus(lnfra,lib.15,cap.25).

2264 2987 2494 3043 CAPUT
2521 2986 2608 3041 ιν.
2644 2988 2779 3041 —-—6.
2805 2986 3139 3058 Gloriﬁcatio
3168 2988 3306 3042 Filii
3322 3004 3355 3042 a
3387 2992 3570 3059 Patre,
3602 3005 3710 3045 non
3745 3004 3848 3045 ar-

2193 3079 2312 3146 guit
2329 3080 2474 3147 ian
2484 3078 2787 3131 ualitatem.
2809 3076 3223 3131 Verumtamen
3240 3076 3335 3132 hic
3348 3077 3640 3150 evigilent,
3659 3078 3707 3134 si
3724 3096 3855 3151 pos-

2196 3172 2354 3235 sunt,
2378 3167 2477 3237 qui
2500 3166 2606 3220 hoc
2623 3165 2795 3221 etiam
2819 3165 2926 3220 sibi
2948 3164 3253 3237 suffragari
3278 3171 3653 3238 putaverunt,
3679 3167 3851 3239 quasi

2195 3257 2265 3311 ad
2285 3255 2804 3311 demonstrandum
2824 3258 3049 3309 Patrem
3067 3254 3208 3309 Filio
3230 3256 3531 3325 majorem,
3551 3256 3853 3328 quiadixit

2196 3346 2396 3413 Filius,
2434 3347 2613 3413 Pater,
2645 3344 2890 3414 clariﬁca
2916 3360 3018 3398 me.
3065 3344 3207 3399 Ecce
3234 3348 3289 3398 et
3318 3344 3573 3415 Spiritus
3605 3351 3852 3402 sanctus

2194 3435 2473 3490 clariiicat
2493 3451 2657 3488 eum:
2693 3432 3121 3503 numquidnam
3156 3438 3211 3487 et
3243 3433 3367 3504 ipse
3390 3434 3578 3504 major
3599 3440 3689 3489 est
3712 3434 3851 3490 illo?

2197 3529 2370 3579 Porro
2404 3529 2595 3578 autem
2622 3524 2669 3577 si
2696 3528 2997 3594 propterea
3018 3521 3270 3593 Spiritus
3300 3528 3539 3578 sanctus
3562 3522 3850 3579 clariﬁcat

2194 3615 2398 3669 Filium
2427 3615 2563 3685 quia
2585 3614 2654 3667 de
2681 3612 2798 3665 Filii
2833 3610 3096 3682 accipiet,
3122 3616 3177 3665 et
3198 3612 3326 3665 ideo
3348 3614 3418 3666 de
3440 3614 3568 3683 ejus
3600 3612 3851 3683 accipiet

2194 3705 2331 3777 quia
2353 3703 2548 3759 omnia
2561 3720 2687 3773 quae
2702 3702 2876 3755 habet
2890 3701 3058 3755 Pater
3074 3700 3441 3771 ipsiussunt;
3463 3701 3846 3757 manifestum

2192 3802 2279 3850 est
2301 3794 2437 3865 quia
2455 3810 2585 3847 cum
2603 3792 2857 3863 Spiritus
2881 3796 3118 3845 sanctus
3141 3789 3426 3861 gloriﬁcat
3440 3790 3849 3857 Filium,Pater

2193 3883 2478 3957 glorilicat
2500 3882 2730 3937 Filium.
2748 3880 2910 3936 Unde
2932 3880 3304 3951 cognoscitur
3324 3880 3477 3950 quod
3498 3881 3698 3935 omnia
3720 3897 3848 3952 qua

2192 3974 2367 4029 habet
2384 3976 2549 4027 Pater
2563 3988 2673 4025 non
2687 3974 2911 4024 tantum
2931 3968 3181 4037 Filii,sed
3199 3968 3370 4022 etiam
3389 3968 3641 4037 Spiritus
3654 3970 3851 4025 sancti

2191 4068 2350 4129 sunt,
2369 4061 2503 4133 quia
2522 4067 2724 4132 potens
2746 4064 2835 4113 est
2856 4057 3108 4128 Spiritus
3130 4062 3369 4112 sanctus
3390 4057 3716 4128 gloriﬁcare
3751 4058 3848 4114 Fi-

2192 4153 2357 4222 lium,
2373 4168 2542 4222 quem
2557 4148 2846 4222 gloriﬁcat
2859 4148 3042 4202 Pater.
3060 4146 3221 4210 Quod
3235 4146 3283 4201 si
3300 4145 3394 4201 ille
3414 4145 3511 4217 qui
3529 4146 3851 4218 gloriﬁcat,

2190 4259 2255 4298 eo
2278 4258 2447 4313 quem
2473 4238 2760 4311 gloriﬁcat
2781 4238 2967 4305 major
2986 4240 3074 4289 est
3099 4253 3111 4302 ;
3136 4235 3333 4289 sinant
3360 4240 3423 4289 ut
3444 4234 3700 4307 aequales
3723 4236 3847 4292 sint

2189 4332 2288 4404 qui
2312 4348 2373 4386 se
2395 4330 2636 4383 invicem
2667 4325 3011 4398 gloriﬁcant.
3036 4324 3332 4396 Scriptum
3355 4328 3443 4378 est
3464 4330 3659 4380 autem
3686 4326 3847 4397 quod

2188 4427 2243 4476 et
2273 4419 2450 4474 Filius
2471 4416 2755 4489 gloriﬁcet
2788 4414 3041 4469 Patrem:
3068 4415 3172 4484 Ego
3192 4415 3260 4481 te,
3286 4413 3498 4485 inquit,
3519 4414 3845 4485 gloriﬁcavi

2186 4526 2348 4581 super
2376 4518 2581 4563 terram
2610 4506 2787 4573 (Joan.
2813 4520 2947 4569 xvn,
2980 4506 3025 4569 l,
3052 4502 3119 4569 4).
3149 4502 3299 4558 Sane
3322 4507 3562 4557 caveant
3585 4520 3657 4558 ne
3680 4510 3848 4575 pute-

2186 4606 2281 4656 tur
2311 4597 2562 4671 Spiritus
2590 4598 2832 4649 sanctus
2854 4594 3041 4663 major
3062 4592 3368 4658 ambobus,
3393 4590 3528 4663 quia
3550 4592 3845 4665 glorificat

2187 4689 2394 4745 Filium
2448 4702 2623 4758 quem
2674 4682 2957 4755 gloriﬁcat
2988 4681 3174 4749 Pater,
3208 4681 3403 4752 ipsum
3437 4686 3632 4735 autem
3668 4696 3777 4736 nec
3810 4698 3845 4737 a

2186 4782 2352 4832 Patre
2384 4791 2487 4830 nec
2518 4791 2551 4829 a
2583 4772 2724 4828 Filio
2757 4771 3039 4842 scriptum
3073 4774 3161 4825 est
3192 4769 3527 4841 glorificari.

2253 4882 2481 4941 CAPUT
2523 4880 2589 4934 V.
2640 4910 2706 4918 -—
2753 4880 2807 4932 7.
2858 4878 3031 4932 Filius
3078 4885 3128 4932 et
3176 4877 3410 4947 Spiritus
3457 4885 3681 4933 sanctus
3730 4896 3841 4934 non

2182 4976 2299 5030 ideo
2330 4973 2512 5027 minor
2537 4972 2668 5041 quia
2688 4970 2905 5022 missus.
2929 4968 3106 5022 Filius
3128 4968 3292 5021 etiam
3322 4984 3353 5020 a
3383 4982 3438 5021 se
3468 4968 3583 5037 ipso
3613 4969 3839 5023 missus.

2184 5066 2254 5118 De
2298 5064 2563 5117 missione
2610 5058 2853 5128 Spiritus
2899 5057 3098 5110 sancti.
3151 5055 3259 5110 Sed
3310 5054 3367 5108 in
3417 5054 3508 5109 bis
3558 5056 3840 5122 convicti,

2182 5154 2254 5208 ad
2288 5150 2429 5205 illud
2481 5166 2541 5203 se
2592 5151 2935 5201 convertunt
2984 5150 3048 5198 ut
3097 5143 3312 5209 dicant,
3363 5145 3544 5213 Major
3589 5150 3681 5198 est
3733 5145 3838 5216 qui

2183 5242 2382 5307 mittit,
2416 5253 2590 5308 quam
2617 5235 2715 5305 qui
2746 5235 3032 5287 mittitur:
3068 5233 3309 5304 proinde
3334 5234 3518 5302 major
3546 5237 3637 5287 est
3669 5232 3843 5291 Pater

2181 5335 2342 5397 Filio,
2376 5330 2513 5401 quia
2543 5327 2724 5383 Filius
2756 5343 2788 5381 a
2819 5326 2983 5380 Patre
3025 5341 3085 5379 se
3121 5324 3365 5379 missum
3400 5325 3637 5379 assidue
3668 5342 3835 5380 com-

2181 5424 2501 5486 memorat;
2536 5417 2722 5488 major
2750 5420 2837 5470 est
2866 5420 2922 5469 et
2951 5413 3172 5485 Spiritu
3205 5418 3428 5481 sancto,
3453 5412 3591 5484 quia
3624 5413 3695 5468 de
3732 5413 3834 5470 illo

2242 5571 2257 5604 1
2293 5567 2449 5621 Editi,
2488 5564 2552 5612 de
2581 5563 2746 5611 Patre.
2777 5561 2844 5610 At
2888 5562 3031 5616 Mss.,
3061 5560 3122 5609 de
3161 5561 3347 5609 Patris.
3397 5560 3481 5609 Sic
3528 5560 3833 5622 exprimere

2178 5632 2311 5682 solet
2348 5624 2771 5690 AugustinuSLid
2811 5628 2906 5681 est,
2948 5623 3017 5690 de
3040 5624 3225 5690 Paris,
3266 5628 3376 5687 aut,
3406 5624 3471 5674 dc
3510 5624 3701 5689 ipsius,-
3735 5622 3828 5675 ιιω

426 5684 501 5742 de
530 5681 757 5741 Christo
787 5682 1039 5763 Spiritus
1068 5688 1329 5755 sanctus,
1357 5681 1855 5758 quemadmodum
1887 5683 1982 5741 ille
2003 5686 2074 5743 de
2176 5681 2303 5746 citat
2329 5681 2463 5744 illud
2490 5689 2640 5741 Filii:
2670 5688 2746 5737 De
2774 5700 2883 5737 meo
2914 5686 3139 5754 accipiet.
