4040 6448
436 371 551 436 851

1544 375 1648 437 DE
1689 375 2142 449 TRlNITATE,
2190 374 2257 438 S.
2304 376 2735 441 AUGUSTINI

3729 377 3855 441 852

440 505 554 573 nis,
580 505 708 562 Filii
741 524 989 580 persona
1019 513 1129 575 est,
1151 525 1265 564 non
1298 509 1472 565 etiam
1505 509 2086 581 Patris.0uapropter
2186 508 2386 580 junxit
2416 510 2474 564 in
2508 516 2788 566 internum
2810 528 2822 565 :
2847 516 2949 566 aut
2978 528 3108 567 vero
3142 512 3441 569 mutabilis
3480 516 3537 568 et
3566 512 3855 568 converti-

442 599 613 651 Pater
640 595 951 653 invisibilis
1005 616 1123 653 una
1162 615 1295 654 cum
1346 598 1490 654 Filio
1535 616 1732 654 secum
1784 596 2083 666 invisibili,

444 686 716 741 eumdem
758 686 967 741 Filium
1011 686 1300 743 visibilem
1354 688 1618 743 faciendo
1670 688 1904 742 misisse
1953 703 2088 742 eum

444 773 636 829 dictus
659 779 745 829 est
776 792 789 829 :
821 775 925 847 qui
956 776 1003 831 si
1035 792 1101 831 eo
1144 777 1312 831 modo
1345 777 1592 831 visibilis
1640 776 1818 846 ﬁeret,
1864 779 1926 830 ut
1956 792 2089 831 cum

447 861 612 917 Patre
641 863 952 919 invisibilis
984 881 1113 920 esse
1144 866 1468 933 desisteret,
1501 866 1556 921 id
1591 874 1696 936 est,
1738 866 1783 920 si
1819 866 2092 920 substan-

445 951 529 1005 tia
566 951 874 1007 invisibilis
902 953 1074 1008 Verbi
1105 954 1162 1008 in
1195 958 1521 1009 creaturam
1556 953 1841 1008 visibilem
1872 958 2095 1008 mutata

446 1042 506 1095 et
538 1040 829 1096 transiens
859 1046 1205 1113 verteretur,
1237 1043 1319 1098 ita
1349 1042 1568 1098 missus
1599 1060 1631 1097 a
1680 1046 1847 1097 Patre
1876 1040 2093 1096 intelli-

448 1133 686 1200 geretur
712 1129 918 1198 Filius,
955 1136 1019 1185 ut
1046 1135 1275 1186 tantum
1326 1131 1569 1199 missus,
1604 1148 1715 1185 non
1750 1131 1927 1186 etiam
1959 1146 2093 1185 cum

450 1219 619 1274 Patre
653 1220 893 1275 mittens
924 1220 1452 1275 inveniretur.Cum
1482 1237 1616 1275 vero
1639 1221 1723 1275 sic
1754 1224 1989 1290 accepta
2010 1222 2098 1273 est

453 1308 640 1363 forma
672 1309 912 1379 servi,ut
944 1314 1204 1364 maneret
1234 1308 1734 1364 incommutabilis
1758 1309 1944 1364 forma
1978 1309 2094 1372 Dei,

454 1396 833 1451 manifestum
866 1402 955 1452 est
983 1399 1135 1470 quod
1168 1416 1201 1452 a
1227 1399 1393 1453 Patre
1422 1403 1480 1454 et
1500 1398 1642 1454 Filio
1672 1415 1784 1453 non
1819 1413 2098 1469 apparen-

455 1485 615 1541 tibus
646 1487 861 1541 factum
894 1486 971 1541 sit
1000 1488 1154 1557 quod
1189 1492 1495 1559 appareret
1519 1487 1576 1542 in
1613 1486 1774 1556 Filio,
1808 1487 1865 1541 id
1903 1491 2011 1555 est,
2034 1490 2100 1540 ut

457 1577 529 1634 ab
564 1574 839 1630 invisibili
873 1579 1038 1631 Patre
1069 1593 1201 1631 cum
1256 1575 1532 1631 invisibili
1586 1576 1748 1645 Filio,
1790 1576 1943 1630 idem
1975 1575 2100 1646 ipse

455 1665 636 1722 Filius
664 1663 913 1720 visibilis
959 1665 1307 1721 mitteretur.
1360 1670 1473 1721 Cur
1518 1682 1654 1738 ergo
1703 1665 1803 1730 ait,
1836 1667 1898 1720 Et
1945 1682 1979 1719 a
2017 1680 2102 1719 me

459 1756 576 1826 ipso
605 1769 714 1808 non
748 1755 1071 1811 veni?Jam
1121 1755 1230 1810 hoc
1280 1755 1604 1810 secundum
1660 1755 1902 1809 formum
1953 1754 2100 1809 servi

462 1843 683 1899 dictum
715 1849 824 1911 est,
856 1844 1179 1898 secundum
1213 1861 1387 1915 quam
1434 1845 1659 1899 dictum
1705 1847 1811 1910 est,
1855 1844 1965 1914 Ego
1994 1859 2100 1897 non

463 1931 643 2003 iudico
694 1949 1020 2004 quemquam
1045 1934 1226 2003 (Joan.
1254 1950 1377 1998 VIII,
1412 1933 1498 2003 42,
1534 1932 1641 2005 15).

539 2022 624 2077 18.
658 2020 717 2077 Si
746 2038 883 2093 ergo
915 2021 1131 2077 missus
1163 2021 1377 2077 dicitur
1406 2022 1463 2075 in
1496 2025 1782 2092 quantum
1831 2019 2105 2092 apparuit

468 2112 609 2168 foris
640 2112 699 2166 in
730 2115 997 2167 creatura
1015 2109 1422 2183 corporali,qui
1455 2111 1613 2165 intus
1644 2109 1701 2164 in
1748 2113 1954 2164 natura
1983 2108 2103 2180 spi-

466 2201 662 2260 rituali
694 2200 880 2257 oculis
912 2199 1247 2256 mortalium
1280 2216 1509 2271 semper
1558 2198 1818 2253 occultus
1849 2203 1955 2266 est,
1976 2198 2102 2269 jam

463 2294 525 2350 in
556 2297 827 2365 promptu
858 2294 943 2345 est
993 2288 1311 2360 intelligere
1341 2288 1508 2343 etiam
1554 2288 1623 2343 de
1652 2286 1868 2359 Spiritu
1902 2290 2103 2341 sancto

461 2399 566 2439 cur
596 2381 814 2437 missus
844 2383 901 2435 et
932 2379 1056 2450 ipse
1081 2378 1328 2433 dicatur.
1357 2381 1525 2433 Facta
1548 2381 1636 2432 est
1655 2376 1812 2431 enim
1832 2376 2100 2447 quaedam

458 2476 733 2530 creaturas
764 2468 987 2542 species
1019 2484 1085 2523 ex
1116 2473 1378 2539 tempore
1410 2467 1467 2522 in
1508 2483 1626 2537 qua
1654 2465 1960 2521 visibiliter
2007 2481 2100 2520 os-

455 2562 791 2619 tenderetur
820 2557 1076 2631 Spiritus
1098 2556 1491 2622 sanctus,sive
1522 2572 1654 2611 cum
1687 2554 1743 2609 in
1773 2554 1968 2626 ipsum
1995 2556 2099 2610 Do-

457 2651 685 2708 minum
718 2646 1006 2720 corporali
1060 2647 1251 2719 specie
1287 2645 1445 2701 velut
1490 2644 1761 2700 columba
1801 2644 2102 2699 descendit

454 2740 665 2813 (Matth.
700 2755 783 2807 ιιι,
819 2736 1052 2807 l6),sive
1083 2752 1213 2790 cum
1240 2735 1435 2790 decem
1460 2734 1665 2789 diebus
1697 2734 1947 2806 peractis
1969 2737 2101 2804 post

455 2831 584 2900 ejus
615 2827 1041 2894 ascensionem,
1067 2824 1158 2879 die
1186 2828 1546 2896 pentecostes
1573 2824 1758 2877 factus
1785 2826 1874 2877 est
1905 2821 2097 2876 subito

452 2920 524 2975 de
553 2916 694 2973 caelo
727 2932 907 2971 sonus
947 2914 1113 2986 quasi
1168 2915 1412 2968 ferretur
1460 2912 1633 2967 ﬂatus
1676 2911 2009 2976 vehemens,
2041 2915 2100 2965 et

453 3006 587 3061 visae
619 3007 757 3059 sunt
788 3002 902 3057 illis
939 3001 1154 3073 linguae
1184 3000 1377 3056 divisa:
1402 3005 1679 3071 tanquam
1713 2999 1886 3070 ignis,
1911 2999 2010 3070 qui
2044 3003 2099 3052 et

453 3093 668 3149 insedit
698 3108 873 3164 super
904 3106 1384 3161 unumquemque
1426 3105 1625 3144 eorum
1676 3089 1809 3160 (Act.
1858 3106 1920 3142 ιι.
1953 3088 2094 3161 2-4).

455 3183 582 3237 Haec
628 3181 886 3253 operatio
929 3178 1233 3234 visibiliter
1267 3195 1557 3249 expressa.
1594 3182 1651 3233 et
1680 3176 1863 3232 oculis
1903 3178 2100 3234 oblata

452 3269 823 3334 mortalibus,
857 3267 1059 3323 missio
1108 3267 1360 3339 Spiritus
1408 3267 1592 3322 sancti
1637 3267 1792 3321 dicta
1819 3270 1945 3334 est;
1981 3284 2095 3322 non

451 3364 513 3415 ut
557 3360 861 3430 appareret
889 3357 1017 3428 ejus
1066 3357 1191 3428 ipsa
1223 3357 1576 3422 substantia,
1610 3372 1726 3427 qua
1766 3361 1823 3411 et
1853 3356 1977 3427 ipse
2007 3357 2095 3410 in-

448 3446 699 3502 visibilis
730 3451 786 3501 et
815 3444 1317 3501 incommutabilis
1347 3449 1455 3508 est,
1492 3445 1645 3500 sicut
1691 3449 1856 3499 Pater
1900 3450 1956 3500 et
2006 3444 2094 3499 Fi-

446 3535 595 3604 lius;
629 3536 729 3591 sed
764 3540 828 3590 ut
849 3535 1231 3590 exterioribus
1252 3534 1392 3589 visis
1414 3533 1716 3589 hominum
1741 3534 1914 3589 corda
1936 3549 2094 3588 com-

450 3632 629 3693 mota,
664 3641 699 3679 a
728 3622 1034 3695 temporali
1071 3622 1541 3678 manifestatione
1577 3622 1862 3678 venientis
1892 3623 1962 3677 ad
1996 3639 2096 3677 oc-

450 3713 669 3771 cultam
699 3714 1079 3768 aaternitatem
1111 3729 1343 3783 semper
1370 3712 1671 3783 prmsentis
1697 3716 2095 3768 converteren-

451 3807 570 3859 turo

527 3890 761 3947 CAPUT
790 3890 885 3946 VI.
918 3921 987 3932 --
1020 3890 1103 3945 11.
1155 3889 1272 3944 Non
1319 3890 1401 3944 sic
1448 3891 1731 3960 assumpta
1776 3894 2032 3944 creatura
2062 3907 2098 3945 a

455 3981 671 4054 Spiritu
700 3983 973 4051 sancto,ut
1002 3995 1131 4034 caro
1150 3995 1184 4034 a
1211 3980 1389 4034 verba.
1425 3978 1557 4033 Ideo
1589 3983 1781 4035 autem
1806 3995 2096 4051 nusquam

455 4054 737 4141 scriptum
758 4069 1021 4137 est,quod
1050 4067 1203 4122 Deus
1227 4067 1394 4121 Pater
1414 4068 1601 4136 major
1623 4067 1698 4122 sit
1714 4066 1931 4138 Spiritu
1959 4085 2097 4122 san-

452 4164 565 4229 cto,
588 4158 674 4215 vel
707 4157 959 4230 Spiritus
989 4162 1228 4211 sanctus
1258 4154 1453 4210 minor
1477 4154 1592 4211 Deo
1624 4154 1953 4227 Patre,quia
1984 4174 2096 4212 non

453 4249 536 4306 sic
567 4253 655 4303 est
684 4250 987 4317 assumpta
1009 4244 1358 4306 creatura.in
1383 4261 1500 4316 qua
1525 4250 1828 4316 appareret
1849 4245 2100 4317 Spiritus

452 4342 712 4406 sanctus,
744 4336 897 4391 sicut
926 4339 1265 4405 assumptus
1297 4340 1381 4389 est
1414 4334 1569 4389 ﬁlius
1601 4334 1951 4402 hominis,in
1983 4353 2101 4407 qua

450 4425 840 4497 formaipsius
862 4423 1036 4478 Verbi
1060 4423 1151 4478 Dei
1196 4440 1443 4494 persona
1482 4430 2097 4496 praesentareturznon

450 4520 519 4572 ut
547 4515 787 4570 haberet
815 4514 1072 4568 Verbum
1104 4513 1226 4578 Dei,
1251 4514 1401 4569 sicut
1432 4512 1531 4569 alii
1572 4514 1759 4569 sancti
1785 4515 2096 4583 sapientes,

454 4604 553 4661 sed
589 4622 702 4676 prae
735 4601 1119 4674 participibus
1150 4602 1276 4658 suis
1306 4602 1494 4673 (Hebr.
1530 4620 1565 4671 ι,
1604 4604 1698 4676 9);
1749 4620 1864 4659 non
1898 4604 2100 4675 utique

457 4694 610 4766 quod
636 4692 889 4764 amplius
911 4691 1518 4760 babebatVerbum,ut
1537 4698 1691 4747 esset
1712 4710 1885 4764 quam
1912 4693 2099 4748 caeteri

458 4781 708 4839 excellen
721 4781 1285 4851 lioresapicntia,sed
1302 4782 1453 4852 quod
1473 4782 1664 4853 ipsum
1680 4781 1933 4836 Verbum
1958 4786 2098 4839 crat.

459 4871 627 4929 Aliud
650 4877 738 4927 est
758 4870 913 4925 enim
939 4869 1183 4925 Verbum
1209 4870 1265 4923 in
1290 4870 1647 4932 carne,aliud
1668 4869 1920 4925 Verbum
1945 4887 2099 4937 caro;

460 4962 519 5019 id
550 4965 659 5026 est,
692 4960 847 5015 aliud
882 4964 968 5015 est
997 4958 1248 5013 Verbum
1283 4958 1341 5013 in
1375 4958 1631 5025 homine,
1657 4957 1812 5014 aliud
1850 4958 2101 5015 Verbum

466 5051 657 5107 homo.
683 5050 826 5105 Caro
844 5048 999 5103 enim
1032 5064 1135 5119 pro
1167 5046 1403 5102 homine
1434 5047 1623 5118 posita
1652 5050 1741 5102 est
1771 5047 1827 5101 in
1860 5064 1925 5103 eo
1947 5049 2102 5120 quod

466 5141 567 5208 ait,
606 5139 829 5196 Verbum
859 5154 985 5192 caro
1005 5138 1210 5207 factum
1240 5140 1318 5191 est
1349 5136 1524 5208 (Joan.
1559 5153 1597 5201 ι,
1633 5136 1747 5206 Ut):
1769 5135 1919 5192 sicut
1947 5143 2003 5193 et
2032 5137 2102 5191 il-

462 5230 586 5301 lud,
602 5230 663 5285 Et
682 5228 886 5285 videbit
906 5228 1083 5284 omnis
1103 5242 1232 5280 caro
1251 5226 1461 5296 pariter
1477 5226 1717 5280 salutare
1741 5228 1844 5282 Dei
1863 5226 2103 5297 (Lucum,

460 5322 536 5393 6).
560 5320 681 5375 Non
709 5318 862 5374 enim
888 5317 1012 5372 sine
1035 5315 1229 5370 anima
1253 5313 1338 5368 vel
1362 5314 1487 5369 sine
1519 5320 1730 5370 mente:
1758 5316 1858 5371 sed
1885 5316 1965 5370 ita
1985 5331 2103 5370 om—

461 5410 552 5464 nis
579 5422 726 5473 earn,
754 5422 821 5461 ac
851 5405 901 5461 si
932 5405 1241 5469 diceretur,
1274 5403 1476 5459 Omnis
1507 5402 1840 5460 homo.Non
1864 5421 2000 5476 ergo
2022 5404 2105 5460 sic

463 5500 554 5553 est
570 5498 877 5565 assumpta
893 5491 1241 5550 creatura.in
1261 5508 1376 5563 qua
1397 5497 1697 5564 appareret
1710 5493 1960 5565 Spiritus
1974 5510 2104 5548 san-

466 5585 775 5639 ctussicut
796 5587 1101 5652 assumpta
1124 5586 1213 5635 est
1235 5597 1365 5636 caro
1389 5580 1487 5635 illa
1516 5586 1574 5637 et
1596 5581 1854 5636 humana
1876 5581 1975 5636 illa
1995 5583 2106 5637 for-

468 5691 565 5730 ma
595 5690 662 5728 ex
694 5674 915 5742 virgine
936 5669 1333 5741 Maria.Ncque
1355 5672 1509 5725 enim
1530 5673 1857 5725 columbam
1886 5672 2106 5725 beatiﬁ-

468 5762 617 5820 cavit
636 5760 1001 5833 Spiritus,vel
1023 5758 1188 5816 illum
1214 5759 1531 5829 flatum,ch
1552 5759 1721 5815 illum
1743 5759 2108 5832 ignem,sibi-

470 5868 583 5925 que
633 5854 690 5907 et
717 5865 974 5922 personae
1006 5866 1124 5908 sua:
1156 5849 1215 5906 in
1247 5849 1532 5907 unitatem
1562 5848 1949 5921 habitumque
1973 5865 2108 5905 con-

2198 598 2333 653 bilis
2362 605 2450 654 est
2482 606 2690 655 natura
2720 601 2973 673 Spiritus
2996 602 3277 665 sancti,ut
3312 620 3424 657 non
3448 602 3569 657 haec
3596 618 3666 657 ex
3698 618 3855 657 crea-

2192 692 2326 743 tura
2355 689 2576 753 fierent.
2596 690 2695 745 sed
2728 690 2853 761 ipse
2875 690 2931 744 in
2956 690 3100 745 illud
3124 690 3461 762 atqueillud
3488 691 3857 745 mutabiliter

2194 782 2531 845 verteretur,
2560 778 2712 833 sicut
2742 796 2892 848 aqua
2915 778 2970 833 in
2998 779 3269 850 glaciem.
3300 781 3411 835 Sed
3447 784 3855 851 apparuerunt

2195 866 2329 930 ista,
2353 867 2505 922 sicut
2535 875 2858 938 opportune
2891 886 3171 940 apparere
3208 870 3556 936 debuerunt,
3583 875 3857 924 creatura

2197 956 2481 1011 serviente
2506 958 2841 1027 Creatori,et
2871 958 2939 1011 ad
2970 963 3172 1012 nutum
3198 959 3326 1027 ejus
3348 957 3855 1013 incommutabili-

2194 1047 2282 1098 ter
2312 1043 2370 1097 in
2407 1061 2467 1099 se
2498 1044 2624 1116 ipso
2657 1046 3073 1118 permanentia,
3108 1047 3176 1102 ad
3211 1063 3346 1101 eum
3394 1046 3855 1118 significandum

2198 1136 2256 1185 et
2284 1132 2831 1197 demonstrandum,
2865 1133 3017 1187 sicut
3046 1132 3366 1205 signiﬁcari
3394 1138 3450 1188 et
3479 1133 3858 1188 demonstra-

2200 1220 2245 1274 ri
2282 1220 2629 1276 mortalibus
2681 1223 3002 1293 oportebat,
3054 1229 3283 1276 mutata
3331 1228 3505 1293 atque
3552 1237 3855 1276 conversa.

2201 1309 2466 1379 Proinde,
2502 1327 2840 1381 quanquam
2870 1310 2968 1365 illa
3001 1309 3272 1365 columba
3304 1310 3555 1381 Spiritus
3588 1310 3746 1364 dicta
3777 1309 3859 1364 sit

2200 1398 2409 1470 (Matth.
2441 1412 2523 1467 tu,
2554 1401 2659 1471 16),
2694 1404 2749 1456 et
2789 1400 2859 1455 de
2890 1398 2988 1454 illo
3021 1400 3154 1471 igne
3187 1416 3318 1455 cum
3348 1399 3658 1466 diceretur,
3710 1399 3861 1455 νίςςω

2199 1491 2327 1541 sunt
2356 1488 2490 1555 illis,
2536 1489 2747 1561 inquit,
2782 1489 2995 1560 lingua?
3025 1489 3221 1546 divisa?
3267 1487 3424 1545 velut
3456 1489 3624 1557 ignis,
3678 1490 3777 1559 qui
3805 1490 3860 1542 et

2201 1576 2402 1631 insedit
2429 1593 2592 1647 super
2621 1594 3058 1651 unumquemque
3083 1594 3292 1647 eorum,
3339 1585 3393 1632 et
3418 1580 3696 1649 cwperunt
3743 1578 3855 1631 lin-

2203 1666 2327 1734 guis
2357 1666 2526 1737 loqui,
2559 1666 3013 1738 quemadmodum
3042 1667 3283 1739 Spiritus
3309 1667 3471 1722 dabat
3501 1668 3582 1721 eis
3607 1682 3861 1739 pronun-

2206 1755 2498 1827 tiare(Act.
2535 1774 2596 1820 ιι,
2628 1757 2682 1826 3,
2715 1757 2788 1828 4),
2824 1759 2888 1811 ut
2919 1757 3251 1811 ostenderet
3300 1774 3400 1828 per
3447 1755 3612 1810 illum
3660 1756 3857 1829 ignem

2206 1844 2487 1914 Spiritum
2521 1846 3010 1911 demonstratum,
3034 1845 3186 1901 sicut
3208 1863 3306 1918 per
3335 1846 3671 1901 columbam
3703 1862 3716 1899 :
3743 1861 3859 1901 non

2205 1938 2397 1988 tamen
2431 1933 2512 1987 ita
2544 1951 2860 2006 possumus
2902 1935 3093 1989 dicere
3144 1935 3421 2006 Spiritum
3468 1939 3741 1989 sanctum
3800 1937 3863 1987 et

2210 2026 2387 2076 Deum
2438 2029 2495 2077 et
2548 2023 2879 2078 columbam
2911 2024 2950 2090 ¹,
2983 2028 3081 2078 aut
3114 2029 3171 2079 et
3209 2024 3393 2079 Deum
3424 2028 3480 2079 et
3511 2024 3730 2096 ignem,
3779 2021 3859 2077 si-

2208 2117 2308 2166 cut
2344 2110 2591 2166 dicimus
2628 2111 2838 2167 Filium
2867 2118 2922 2167 et
2951 2112 3134 2167 Deum
3167 2118 3225 2168 et
3254 2112 3551 2167 hominem
3586 2128 3600 2167 ε
3638 2128 3745 2167 nec
3776 2110 3859 2165 si-

2207 2206 2305 2256 cut
2333 2201 2584 2256 dicimus
2630 2201 2839 2257 Filium
2871 2219 3086 2273 agnum
3116 2201 3240 2269 Dei,
3262 2219 3375 2258 non
3410 2202 3602 2257 solum
3634 2202 3859 2257 Jeanne

2207 2290 2470 2362 Baptista
2488 2292 2874 2356 dicente,Ecr:e
2890 2293 3074 2361 Agnus
3103 2293 3199 2347 Dei
3214 2291 3662 2363 (Joan.i,29);sed
3684 2291 3862 2345 etiam

2205 2379 2427 2435 Joanne
2449 2380 2808 2451 evangelista
2829 2380 3063 2435 vidente
3085 2382 3315 2451 Agnum
3344 2379 3605 2434 occisum
3624 2380 3681 2434 in
3704 2382 3862 2450 Apoa

2206 2468 2503 2541 pocalypsi
2519 2467 2956 2539 (Apoc.v,6).llla
2975 2469 3191 2541 quippe
3211 2468 3355 2524 visio
3378 2467 3718 2541 prophetica
3740 2484 3860 2522 non

2204 2562 2290 2613 est
2321 2557 2579 2613 exhibita
2608 2557 2793 2612 oculis
2825 2558 3118 2628 corporeis
3151 2574 3253 2630 per
3276 2558 3492 2613 formas
3523 2573 3859 2628 corporeae,

2204 2647 2303 2702 sed
2338 2647 2393 2701 in
2427 2646 2634 2719 spiritu
2680 2663 2780 2718 per
2829 2645 3164 2718 spirituales
3204 2645 3489 2717 imagines
3520 2662 3859 2718 corporum.

2202 2735 2543 2793 Columbam
2569 2752 2700 2791 vero
2723 2735 2883 2790 illam
2909 2741 2965 2790 et
2993 2735 3187 2806 ignem
3220 2735 3406 2791 oculis
3428 2735 3855 2805 viderunt,qui-

2201 2842 2454 2898 cumque
2475 2825 3119 2895 viderunt.Quanquam
3153 2826 3223 2879 de
3252 2825 3387 2895 igne
3417 2824 3732 2896 disceptari
3755 2842 3860 2897 po-

2200 2919 2333 2982 test,
2368 2919 2562 2969 utrum
2590 2913 2883 2978 oculis,an
2918 2912 3123 2983 spiritu
3157 2914 3317 2969 visus
3349 2914 3695 2985 sit,propter
3725 2931 3860 2968 ver-

2205 3003 2280 3058 ba
2311 3002 2395 3058 sic
2427 3002 2633 3074 posita.
2668 3002 2789 3057 Non
2822 3002 2978 3057 enim
3012 3002 3111 3068 ait,
3142 3001 3426 3057 Viderunt
3450 3001 3681 3074 linguas
3713 3002 3861 3057 divi-

2199 3110 2295 3149 sas
2322 3091 2479 3146 velut
2510 3092 2701 3163 ignem
2729 3108 2742 3158 ;
2776 3092 3041 3157 scd,Vis:e
3070 3097 3196 3145 sunt
3220 3091 3316 3146 eis.
3356 3090 3480 3145 Non
3516 3096 3713 3145 autem
3748 3094 3859 3147 sub

2200 3183 2397 3239 eadem
2432 3179 2858 3251 significatione
2889 3180 3146 3235 solemus
3178 3178 3592 3249 dicere,Visum
3626 3185 3718 3235 est
3742 3180 3853 3235 mi-

2198 3270 2281 3336 hi,
2314 3287 2429 3342 qua
2461 3270 2735 3333 dicimus,
2758 3268 2911 3323 Vidi.
2937 3269 3008 3323 Et
3034 3269 3089 3322 in
3118 3268 3235 3323 illis
3266 3269 3500 3339 quidem
3534 3268 3856 3340 spirituali-

2200 3360 2311 3414 bus
2342 3358 2479 3413 visis
2513 3358 2833 3428 imaginum
2867 3357 3256 3429 corporalium
3289 3357 3439 3413 solet
3469 3358 3607 3423 dici,
3642 3362 3721 3424 et,
3765 3358 3859 3413 Vio

2201 3465 2331 3503 sum
2366 3452 2455 3503 est
2486 3447 2669 3513 mihi;
2702 3452 2779 3516 et,
2819 3446 2950 3501 Vidi
2994 3463 3007 3502 :
3042 3446 3100 3501 in
3129 3446 3260 3501 istis
3288 3463 3423 3502 vero
3456 3464 3584 3519 quae
3616 3463 3721 3518 per
3759 3463 3858 3502 ex-

2200 3553 2461 3609 pressam
2481 3535 2837 3608 corporalem
2862 3539 3114 3607 speciem
3138 3535 3325 3590 oculis
3342 3536 3850 3604 demonstrantur,

2201 3643 2315 3681 non
2347 3626 2495 3681 solet
2524 3625 2658 3692 dici,
2692 3624 2898 3679 Visum
2929 3630 3017 3680 est
3048 3625 3191 3679 mihi
3223 3641 3238 3682 :
3267 3625 3389 3692 sed,
3442 3623 3595 3680 Vidi.
3645 3625 3729 3681 De
3758 3624 3858 3682 illo

2198 3731 2335 3787 ergo
2366 3716 2499 3787 igne
2532 3718 2720 3786 potest
2749 3730 2877 3769 esse
2906 3712 3168 3785 quaestio,
3214 3714 3508 3785 quomodo
3539 3712 3705 3770 visus
3737 3715 3849 3783 sit;

2200 3807 2397 3856 utrum
2429 3801 2588 3856 intus
2621 3801 2678 3855 in
2713 3800 2921 3872 spiritu
2956 3806 3230 3873 tanquam
3266 3802 3427 3865 foris,
3447 3818 3519 3856 an
3554 3819 3687 3858 vere
3711 3802 3854 3859 foris

2200 3906 2395 3946 coram
2428 3889 2609 3945 oculis
2638 3889 2937 3946 carnis.De
2960 3890 3058 3945 illa
3087 3906 3219 3945 vero
3251 3889 3523 3946 columba
3545 3908 3676 3963 quae
3698 3892 3857 3947 dicta

2201 3984 2290 4035 est
2352 3978 2635 4053 corporali
2669 3979 2859 4050 specie
2918 3980 3308 4047 descendisse,
3352 3978 3553 4035 nullus
3586 3997 3854 4052 unquam

2200 4068 2504 4122 dubitavit
2524 4068 2675 4138 quod
2693 4066 3013 4123 oculisvisa
3043 4068 3260 4123 sit.Nec
3301 4068 3453 4123 sicut
3481 4069 3735 4124 dicimus
3766 4070 3857 4126 Fi-

2200 4156 2344 4211 lium
2380 4161 2598 4228 petram
2632 4155 2941 4227 (scriptum
2981 4163 3067 4212 est
3098 4158 3276 4223 enim,
3313 4164 3475 4213 Petra
3523 4161 3711 4213 autem
3742 4166 3863 4214 erat

2202 4246 2449 4302 Christus
2477 4246 2520 4317 [Ι
2555 4245 2675 4301 Cor.
2704 4264 2758 4310 ι,
2782 4246 2882 4317 4]),
2904 4245 2980 4300 ita
3009 4263 3325 4317 possumus
3348 4247 3540 4302 dicere
3570 4247 3855 4319 Spiritum

2202 4336 2531 4391 columbam
2566 4333 2652 4390 vel
2684 4334 2902 4406 ignem.
2939 4334 3037 4389 Illa
3069 4335 3225 4390 enim
3259 4340 3421 4407 petra
3461 4336 3590 4406 jam
3643 4342 3771 4391 erat
3797 4337 3854 4391 in

2204 4429 2489 4491 creatura,
2523 4429 2578 4479 et
2604 4439 2706 4495 per
2736 4423 2983 4479 actionis
3006 4425 3245 4479 modum
3271 4430 3609 4497 nuncupata
3641 4430 3733 4481 est
3762 4442 3859 4481 no-

2203 4513 2361 4569 mine
2379 4512 2589 4569 Christi
2610 4529 2781 4584 quem
2807 4512 3203 4584 signiﬁcabat:
3222 4512 3534 4584 sicutlapis
3558 4513 3859 4585 ille,quem

2202 4603 2376 4657 Jacob
2410 4602 2665 4673 positum
2691 4601 2761 4655 ad
2795 4604 2969 4673 caput
2998 4602 3174 4656 etiam
3209 4601 3517 4657 unctione2
3539 4603 3611 4657 ad
3639 4602 3863 4674 signiti-

2204 4692 2457 4746 candum
2493 4690 2804 4745 Dominum
2838 4689 3333 4761 assumpsit(Gen.
3357 4692 3684 4762 xxvui,18):
3710 4692 3864 4746 sicut

2207 4782 2367 4836 Isaac
2399 4780 2665 4834 Christus
2696 4786 2837 4846 erat,
2871 4795 3002 4833 cum
3036 4781 3103 4833 ad
3142 4796 3201 4833 se
3232 4779 3664 4835 immolandum
3701 4780 3861 4853 ligna

2206 4870 2474 4941 portabat
2502 4869 2602 4941 (Id.
2644 4886 2786 4933 xxn,
2825 4870 2902 4937 6).
2948 4869 3207 4924 Accessit
3236 4869 3366 4925 istis
3407 4870 3556 4925 actio
3588 4871 3859 4941 quaedam

2207 4959 2727 5031 signiﬁcativajam
2753 4958 3174 5013 existentibus:
3204 4975 3317 5013 non
3340 4963 3558 5024 autem,
3584 4958 3739 5013 sicut
3762 4958 3864 5013 illa

2210 5047 2481 5103 columba
2510 5052 2567 5102 et
2597 5047 2769 5118 ignis,
2804 5047 2874 5101 ad
2909 5046 3029 5101 hinc
3086 5047 3495 5102 tantummodo
3526 5046 3867 5119 signiﬁcan-

2210 5138 2285 5193 da
2317 5142 2549 5207 repente
2592 5137 2958 5191 exstiterunt.
2986 5136 3171 5207 Magis
3203 5136 3315 5189 ista
3349 5134 3563 5190 similia
3603 5135 3753 5190 mihi
3782 5136 3867 5190 vi-

2209 5227 2422 5283 dentur
2442 5226 2688 5282 flammis
2708 5224 2786 5279 illi
2802 5241 2927 5296 quas
2942 5224 2998 5279 in
3017 5225 3161 5279 rubo
3178 5224 3448 5295 apparuit
3465 5223 3646 5295 Moysi
3662 5225 3863 5294 (Exod.

2212 5334 2293 5385 ιιι,
2315 5316 2392 5386 2),
2425 5321 2481 5369 et
2511 5314 2592 5369 illi
2621 5314 2904 5369 columnae
2954 5329 3131 5384 quam
3166 5312 3419 5384 populus
3448 5314 3506 5366 in
3539 5328 3738 5367 eremo
3771 5329 3866 5369 se-

2211 5404 2501 5476 quebatur
2528 5403 2627 5475 (Id.
2660 5403 2879 5470 xm,21,
2913 5402 3024 5473 22),
3048 5406 3105 5457 et
3137 5401 3468 5474 fulguribus
3499 5406 3557 5456 et
3586 5401 3871 5457 tonitruis

2276 5611 2290 5644 ¹
2331 5609 2508 5656 Plures
2536 5608 2680 5661 Mss..
2712 5620 2809 5654 non
2840 5608 3011 5653 tamen
3042 5608 3116 5653 ita
3133 5619 3400 5657 possumus
3428 5605 3597 5655 dicere
3621 5606 3868 5661 spiritum

2211 5677 2443 5781 εαὶισιιιίη
2473 5685 2629 5719 unam
2657 5683 2933 5733 personam
2965 5669 3214 5732 Spiritum
3261 5682 3495 5717 sanctum
3542 5671 3591 5717 et
3626 5669 3793 5719 Deum
3823 5670 3872 5718 et

2213 5749 2267 5781 co
2293 5748 2375 5781 um
2415 5748 2516 5781 am.

2213 5748 2543 5908 “gigas.
2575 5794 2657 5846 Er.
2692 5798 2745 5847 et
2771 5792 2898 5845 Mss.
2940 5793 3008 5846 At
3031 5794 3180 5857 Lov.,
3206 5793 3378 5857 posuit
3414 5792 3486 5844 ad
3508 5807 3679 5859 caput,
3710 5794 3867 5846 etiam

2213 5872 2282 5908 un
2334 5872 2418 5908 ιοη
2507 5890 2519 5907 .

2213 5870 2519 5909 uncuonem.
