4040 6462
258 400 373 467 85Ἰ

259 544 314 595 et
327 557 440 596 non
464 539 573 597 hoc
594 539 705 597 isto
723 557 989 597 sermone
1010 542 1400 612 suscepimus.
1416 540 1830 595 Verumtamen
1856 539 1905 594 si

258 628 396 685 solae
416 646 582 686 voces
604 636 661 686 et
678 631 907 685 sonitus
943 631 1174 693 ﬁebant,
1199 630 1413 701 quibus
1438 632 1703 701 quaedam
1728 628 1909 684 sensi-

255 718 391 773 bilis
416 720 719 790 praesentia
758 719 855 774 Dei
880 719 1079 788 primis
1105 719 1221 774 illis
1266 719 1604 774 hominibus
1629 719 1905 789 praebere-

255 812 372 872 tur,
402 824 506 861 cur
527 809 603 861 ibi
645 825 949 879 personam
976 810 1071 863 Dei
1098 810 1285 863 Patris
1311 826 1422 863 non
1448 808 1768 879 intelligam
1805 824 1907 861 ne-

257 895 405 951 scio:
428 896 900 967 quandoquidem
926 914 1169 968 persona
1190 898 1315 966 eius
1338 898 1667 952 ostenditur
1687 900 1743 950 et
1761 896 1816 948 in
1841 912 1909 949 ea

259 1000 419 1049 voce,
454 1001 586 1039 cum
610 989 784 1040 Jesus
816 986 871 1040 in
908 993 1105 1041 monte
1138 1003 1334 1041 coram
1380 986 1568 1040 tribus
1602 984 1909 1054 discipulis

258 1072 610 1144 praefulgens
670 1075 941 1145 apparuit
999 1076 1204 1146 (Matth.
1248 1092 1386 1139 xvu,
1427 1076 1523 1141 5);
1580 1080 1636 1129 et
1677 1073 1734 1128 in
1788 1073 1906 1136 illa,

258 1164 495 1234 quando
519 1180 693 1232 super
716 1165 1069 1234 baptizatum
1093 1166 1362 1220 columba
1384 1164 1685 1219 descendit
1703 1163 1803 1233 (Id.
1821 1179 1905 1231 ιιι,

258 1252 374 1322 17);
409 1256 465 1306 et
494 1252 552 1307 in
596 1251 693 1307 illa
734 1254 831 1308 ubi
878 1255 947 1309 ad
981 1255 1209 1310 Patrem
1246 1255 1314 1309 de
1363 1270 1470 1308 sua
1500 1252 1909 1307 clariticatione

251 1340 720 1412 clamavit,eique
752 1358 1098 1412 responsum
1132 1348 1238 1412 est,
1275 1344 1337 1397 Et
1359 1342 1685 1412 ctariﬁbavi,
1718 1346 1767 1394 et
1801 1342 1909 1394 ite-

253 1445 378 1485 rum
436 1428 749 1500 clariﬁcabo
780 1431 956 1501 (Joan.
990 1449 1094 1497 xu,
1141 1432 1252 1499 28).
1294 1431 1417 1486 Non
1468 1431 1607 1502 quia
1640 1430 1760 1484 fieri
1803 1446 1907 1499 po-

256 1517 372 1573 tuit
401 1534 510 1573 vox
530 1518 657 1574 sine
684 1536 853 1590 opere
890 1519 1015 1574 Filii
1041 1526 1096 1574 et
1128 1521 1380 1590 Spiritus
1411 1520 1597 1574 sancti
1630 1518 1908 1589 (Trinitas

255 1606 474 1680 quippe
506 1608 975 1680 inseparabiliter
1014 1611 1347 1680 operatur);
1387 1611 1483 1663 sed
1531 1608 1667 1679 quia
1706 1624 1773 1661 ea
1803 1623 1908 1660 vox

256 1696 411 1751 facta
440 1702 551 1765 est,
577 1713 704 1768 quas
736 1698 917 1753 solius
966 1715 1269 1767 personam
1310 1699 1495 1752 Patris
1527 1698 1858 1752 ostenderet
1890 1712 1902 1748 :

253 1784 742 1841 sicuthumanam
758 1786 915 1842 illam
938 1790 1180 1842 tormam
1198 1805 1263 1842 ex
1285 1787 1501 1857 virgine
1524 1786 1704 1841 Maria
1720 1784 1906 1838 Trini-

253 1882 344 1930 tas
365 1879 602 1946 operata
622 1881 729 1941 est,
756 1878 855 1931 sed
882 1876 1064 1932 solius
1092 1877 1212 1931 Filii
1233 1894 1478 1949 persona
1494 1883 1602 1942 est;
1621 1874 1905 1929 visibilem

253 1980 512 2035 namque
545 1963 673 2019 Filii
711 1966 895 2020 solius
920 1982 1254 2036 personam,
1298 1964 1610 2019 invisibilis
1651 1964 1906 2019 Trinitas

255 2059 492 2125 operata
511 2059 618 2109 est.
643 2054 756 2109 Nec
781 2072 885 2110 nos
908 2055 1129 2125 aliquid
1150 2054 1435 2125 prohibet,
1468 2054 1600 2109 illas
1630 2070 1796 2108 voces
1820 2053 1905 2107 fa-

256 2146 383 2197 ctas
406 2142 476 2197 ad
504 2144 709 2211 Adam,
745 2161 858 2199 non
890 2144 1075 2199 solum
1111 2162 1143 2198 a
1172 2144 1453 2198 'I‘rinitate
1488 2145 1666 2198 factas
1695 2141 1904 2197 intelli-

255 2246 412 2302 gere,
445 2233 547 2287 sed
590 2233 763 2287 etiam
799 2248 1102 2303 personam
1141 2233 1609 2287 demonstrantes
1640 2233 1905 2302 ejusdem

254 2320 561 2375 Trinitatis
583 2322 864 2392 accipere.
890 2322 970 2376 Ibi
993 2322 1145 2377 enim
1172 2323 1453 2393 cogimur,
1473 2321 1702 2375 nonnisi
1722 2320 1907 2376 Patris

253 2411 535 2480 accipere,
562 2410 659 2464 ubi
683 2411 905 2465 dictum
929 2423 1035 2477 est,
1055 2413 1151 2466 Hic
1166 2421 1241 2465 est
1267 2412 1447 2466 Filius
1486 2427 1637 2465 meus
1667 2411 1906 2465 dilectus

250 2497 477 2566 (Hatth.
502 2514 587 2562 III,
614 2498 927 2570 l7).Neque
947 2500 1102 2554 enim
1121 2500 1294 2555 Jesus
1315 2500 1483 2554 etiam
1506 2499 1755 2570 Spiritus
1779 2516 1907 2553 san-

251 2585 330 2643 cti
354 2586 531 2654 illius,
555 2592 656 2642 aut
679 2588 855 2643 etiam
877 2605 1023 2643 suus
1048 2589 1205 2643 illius
1234 2589 1388 2643 credi
1409 2596 1511 2643 aut
1536 2587 1778 2659 intelligi
1807 2605 1903 2659 po-

250 2678 389 2731 test.
410 2675 478 2730 Et
496 2676 595 2731 ubi
612 2677 825 2742 sonuit,
851 2678 1252 2747 Etclariﬁcavi,
1277 2682 1326 2733 et
1350 2682 1550 2732 iterum
1571 2678 1902 2747 clari/icabo,

251 2765 517 2820 nonnisti
544 2766 733 2823 Patris
756 2783 1061 2837 personam
1081 2767 1679 2837 latemur.Responsio
1693 2766 1904 2837 quippe

251 2863 340 2909 est
370 2854 441 2908 ad
465 2853 628 2909 illam
657 2855 877 2909 Domini
900 2872 1095 2910 vocem
1120 2856 1492 2927 quadixerat,
1520 2856 1712 2918 Pater,
1736 2855 1903 2909 clari-

251 2943 801 3014 ﬁcaFitiumtuum:
848 2946 997 3016 quod
1050 2961 1162 2998 non
1208 2946 1396 3014 potuit
1426 2944 1615 2998 dicere
1647 2943 1755 2997 nisi
1793 2948 1905 2998 Deo

251 3031 413 3086 Patri
438 3036 691 3101 tantum,
714 3049 825 3087 non
851 3038 907 3087 et
928 3032 1161 3103 spiritui
1187 3038 1407 3097 sancto,
1433 3034 1602 3101 cujus
1642 3049 1756 3086 non
1784 3036 1906 3087 erat

250 3118 434 3176 ﬁlius.
467 3120 572 3176 Hic
593 3126 790 3176 autem
814 3121 911 3177 ubi
943 3121 1225 3193 scriptum
1250 3128 1359 3189 est,
1386 3125 1456 3175 Iit
1477 3122 1617 3175 dixit
1639 3123 1904 3176 Dominus

248 3210 485 3266 Deusad
520 3209 711 3279 Adam,
741 3227 846 3266 cur
888 3228 1001 3266 non
1054 3211 1182 3283 ipsa
1222 3211 1476 3265 Trinitas
1524 3210 1901 3281 intelligatur,

254 3296 407 3354 nihil
426 3299 538 3353 dici
571 3304 783 3371 potest.

326 3420 413 3476 19.
437 3422 717 3478 Similiter
736 3423 911 3478 etiam
931 3424 1083 3495 quod
1110 3424 1392 3495 scriptum
1419 3428 1526 3487 est,
1552 3425 1611 3478 Et
1630 3423 1774 3479 dixit
1796 3426 1903 3479 Do-

248 3513 444 3567 minus
468 3512 540 3566 ad
581 3513 851 3567 Abraham
875 3514 1016 3567 ,Ἐπί
1036 3514 1099 3567 de
1123 3519 1273 3567 terra
1295 3522 1399 3567 tua.
1430 3513 1560 3567 etde
1588 3517 1905 3583 cognatione

249 3606 435 3665 tumet
452 3600 689 3657 dedomo
706 3604 883 3673 patris
904 3604 1130 3670 tui,non
1152 3608 1238 3657 est
1260 3608 1755 3673 apertum,utrum
1780 3604 1903 3659 sola

250 3705 362 3745 vox
395 3692 545 3745 facta
575 3690 651 3745 sit
693 3692 762 3744 ad
798 3708 967 3745 aures
992 3691 1255 3758 Abrahae,
1285 3708 1356 3745 an
1384 3697 1440 3745 et
1460 3691 1681 3761 aliquid
1716 3693 1902 3748 oculis

251 3779 384 3850 ejus
403 3780 758 3850 apparuerit.
817 3779 991 3833 Paulo
1018 3784 1148 3850 post
1177 3783 1369 3834 autem
1394 3778 1691 3851 aliquanto
1736 3798 1901 3853 aper-

251 3869 375 3924 tius
404 3868 626 3924 dictum
643 3873 749 3933 est,
781 3870 847 3923 Et
861 3870 1005 3923 visus
1035 3874 1111 3924 est
1142 3870 1401 3923 Dominus
1430 3869 1902 3933 4brahx,etdixit

251 3958 344 4013 illi
375 3974 387 4011 :
433 3957 645 4012 Semini
671 3962 764 4013 tuo
803 3958 947 4012 dabo
977 3962 1180 4012 terram
1214 3960 1354 4013 hanc
1401 3959 1553 4029 (Gen.
1604 3976 1702 4027 χιι,
1738 3961 1787 4025 1,
1820 3960 1897 4032 7).

251 4047 362 4102 Sed
394 4064 497 4101 nec
532 4048 606 4100 ibi
639 4062 975 4118 expressum
1026 4052 1134 4117 est,
1167 4046 1225 4100 in
1269 4065 1385 4118 qua
1415 4049 1604 4119 specie
1633 4050 1796 4103 visus
1826 4050 1902 4104 sit

249 4137 302 4191 ei
333 4136 644 4203 Dominus;
686 4141 789 4190 aut
838 4140 1032 4189 utrum
1081 4136 1270 4201 Pater,
1304 4153 1377 4190 an
1411 4136 1612 4203 Filius,
1664 4154 1734 4192 an
1770 4138 1900 4209 Spi-

250 4225 399 4281 ritus
430 4232 670 4280 sanctus
701 4226 748 4280 ei
782 4226 941 4279 visus
974 4226 1068 4280 sit.
1096 4225 1215 4280 Nisi
1250 4227 1392 4280 forte
1424 4226 1550 4280 ideo
1586 4232 1792 4297 putant
1815 4228 1901 4282 Fi-

247 4314 395 4371 lium
444 4315 635 4371 visum
675 4331 802 4370 esse
832 4314 1096 4385 Ahrahaa,
1123 4315 1260 4385 quia
1304 4332 1416 4369 non
1458 4316 1740 4385 scriptum
1788 4322 1897 4381 est,

244 4405 427 4460 Visus
458 4408 546 4459 est
575 4405 623 4459 ei
653 4405 827 4467 Deus;
862 4404 984 4468 sed,
1020 4404 1172 4458 Visus
1199 4408 1279 4458 est
1324 4406 1376 4458 ei
1419 4405 1702 4459 Dominus.
1745 4405 1898 4460 Tan-

248 4510 429 4566 quam
461 4493 616 4549 enim
642 4492 874 4565 proprie
904 4492 1135 4547 videtur
1158 4491 1337 4547 Filius
1369 4492 1652 4548 Dominus
1680 4494 1895 4562 vocari,

244 4583 477 4639 dicente
509 4580 947 4652 Apostolo,Nam
966 4589 1016 4635 et
1037 4582 1086 4635 si
1104 4588 1231 4635 sunt
1258 4582 1355 4651 qui
1373 4581 1639 4636 dicuntur
1668 4584 1752 4637 dii
1780 4585 1897 4638 sive

245 4675 309 4729 in
338 4674 470 4728 caelo
498 4673 614 4727 sive
645 4672 703 4725 in
736 4679 904 4739 terra,
935 4671 1099 4724 sicuti
1144 4674 1274 4724 sunt
1305 4670 1387 4723 dii
1416 4673 1578 4725 multi
1607 4673 1656 4726 et
1685 4672 1897 4726 domini

242 4764 411 4818 multi
438 4780 457 4816 :
486 4763 641 4817 nobis
687 4770 869 4815 tamen
901 4776 1041 4813 unus
1072 4760 1211 4814 Deus
1240 4762 1427 4829 Pater,
1461 4776 1531 4815 ex
1560 4776 1661 4831 quo
1709 4764 1895 4815 omnia

242 4857 295 4910 et
324 4869 422 4908 nos
450 4854 512 4907 in
542 4853 698 4924 ipso;
724 4852 775 4905 et
805 4865 946 4903 unus
977 4849 1241 4903 Dominus
1286 4852 1445 4904 Jesus
1494 4850 1759 4915 Christus,
1793 4867 1896 4918 per

241 4958 404 5017 quem
425 4943 635 5007 omnia,
671 4944 724 4995 et
752 4956 852 4993 nos
868 4955 972 5010 per
991 4940 1171 5008 ipsum
1198 4937 1243 5006 (Ι
1276 4937 1396 4992 Cor.
1429 4956 1553 5002 vm,
1585 4941 1639 5010 5,
1680 4942 1754 5007 6).
1782 4940 1892 4997 Sed

242 5049 379 5089 cum
406 5036 463 5087 et
483 5031 636 5085 Deus
655 5029 820 5084 Pater
844 5028 1045 5082 multis
1069 5026 1207 5081 locis
1233 5028 1562 5082 inveniatur
1577 5029 1767 5084 dictus
1792 5034 1893 5084 Do-

242 5121 464 5188 minus,
492 5118 660 5173 sicuti
687 5122 774 5171 est
813 5116 1252 5180 illud,Dominus
1276 5116 1427 5170 dixit
1462 5116 1531 5170 ad
1570 5133 1690 5171 me:
1714 5118 1892 5172 Filius

238 5228 394 5269 meus
415 5228 471 5266 es
501 5213 581 5273 tu,
613 5224 709 5277 ego
731 5207 889 5263 hodie
922 5209 1093 5276 genui
1121 5212 1175 5261 te
1197 5206 1369 5276 (Psat.
1396 5224 1456 5277 ιι,
1480 5209 1535 5278 7)
1563 5224 1575 5273 ;
1627 5212 1683 5262 et
1722 5208 1889 5274 illud,

239 5305 395 5361 Dixit
418 5302 686 5357 Dominus
710 5298 938 5353 Domino
962 5312 1079 5351 meo
1103 5314 1121 5350 :
1138 5296 1271 5351 Sede
1293 5297 1369 5351 ad
1388 5298 1670 5353 dexteram
1690 5316 1888 5363 meam,

239 5392 417 5467 (Psal.
444 5408 557 5455 cxx,
594 5390 645 5461 1)
669 5406 681 5443 :
708 5405 840 5443 cum
863 5388 1039 5443 etiam
1073 5387 1324 5458 Spiritus
1347 5394 1585 5443 sanctus
1608 5389 1891 5445 Dominus

240 5485 433 5540 dictus
466 5476 928 5543 inveniatur,ubi
951 5475 1263 5547 Apostolus
1289 5476 1390 5545 ait,
1419 5480 1686 5531 Dominus
1708 5486 1892 5533 autem

239 5574 478 5646 Spiritus
505 5576 603 5635 est;
627 5572 682 5622 et
706 5582 775 5621 ne
801 5565 1114 5637 quisquam
1153 5565 1534 5621 arbitraretur
1575 5568 1781 5622 Filium
1806 5568 1889 5622 si-

238 5662 609 5736 gnificatum,
625 5655 820 5711 etideo
843 5655 1064 5708 dictum
1080 5654 1354 5724 spiritum
1379 5656 1891 5728 propterincorpo-

238 5768 399 5811 ream
416 5746 1089 5812 substantiam,secutus
1109 5744 1421 5801 contexuit.
1438 5746 1538 5803 Ubi
1555 5750 1743 5802 autem
1760 5746 1890 5819 Spi-

1609 404 1842 465 LIBER
1884 400 2313 465 SECUNDUS.

3539 394 3658 456 858

2014 538 2156 593 ritus
2180 538 2419 603 Domini,
2454 536 2535 592 ibi
2555 536 2868 609 libertas(tI
2892 536 3229 606 Cor.m,t7);
3255 532 3531 606 Spiritum
3556 549 3655 585 au-

2012 632 2130 683 tem
2162 626 2391 681 Domini
2423 626 2707 697 Spiritum
2736 634 3000 681 sanctum
3017 643 3143 681 esse
3167 623 3653 679 nemodubitave—

2013 717 2088 771 rit
2112 734 2123 771 :
2146 733 2334 788 neque
2353 717 2445 771 hic
2475 733 2611 788 ergo
2632 716 2927 770 evidenter
2956 722 3212 785 apparet,
3238 721 3433 768 utrum
3460 712 3659 782 aliqua

2011 822 2079 860 ex
2107 806 2387 860 Trinitate
2411 821 2675 875 persona,
2702 822 2772 859 an
2814 805 2966 859 Deus
2987 804 3111 874 ipse
3152 802 3425 865 Trinitas,
3452 802 3519 855 de
3544 816 3658 869 quo

2013 911 2128 949 uno
2160 894 2273 948 Deo
2304 894 2525 948 dictum
2549 901 2656 957 est,
2684 896 2971 949 Dominum
3008 895 3174 947 Deum
3198 897 3355 946 tuum
3383 890 3657 953 adorabis,

2013 988 2065 1038 et
2088 981 2181 1037 itii
2202 984 2305 1038 soli
2324 986 2528 1037 svrvies
2550 984 2726 1052 (Deut.
2751 1000 2824 1045 v1,
2863 984 2969 1051 13),
2996 983 3153 1036 visus
3196 981 3369 1035 fuerit
3393 978 3653 1033 Abrahae.

2011 1074 2127 1126 Sub
2155 1073 2283 1127 ilice
2306 1078 2498 1127 autem
2535 1072 2791 1127 Mambre
2814 1079 2930 1126 tres
2956 1073 3104 1125 viros
3136 1070 3297 1133 vidit,
3344 1069 3557 1139 quibus
3602 1070 3659 1121 et

2013 1160 2273 1215 invitatis
2296 1161 2661 1231 hospitioque
2681 1161 2971 1231 susceptis
2985 1158 3423 1230 etepulantibus
3448 1156 3653 1211 minis-

2011 1249 2306 1304 travit.Sic
2330 1256 2522 1305 tamen
2542 1250 2844 1321 Scriptura
2867 1249 3023 1303 illam
3042 1265 3160 1302 rem
3185 1252 3403 1319 gestam
3423 1260 3659 1299 narrare

2013 1340 2204 1410 C(Bpit,
2240 1344 2301 1394 ut
2332 1356 2446 1394 non
2468 1339 2643 1404 dicat,
2675 1339 2796 1393 Visi
2819 1342 2957 1393 sunt
2978 1339 3028 1392 ei
3052 1344 3167 1391 tres
3193 1336 3318 1402 viri;
3351 1334 3476 1399 sed,
3513 1335 3661 1389 Visus

2011 1432 2085 1483 est
2111 1430 2163 1482 ei
2193 1430 2473 1483 Dominus.
2526 1433 2710 1499 Atque
2751 1428 2884 1481 inde
2916 1430 3339 1496 consequenter
3367 1439 3661 1494 exponens

2013 1517 2303 1588 quomodo
2343 1518 2392 1571 oi
2429 1517 2583 1572 visus
2606 1518 2682 1572 sit
2703 1516 3009 1582 Dominus,
3034 1514 3233 1568 attexit
3267 1512 3659 1567 narrationem

2013 1606 2083 1661 de
2114 1606 2301 1660 tribus
2319 1606 2480 1674 viris,
2509 1624 2655 1677 quos
2692 1606 2984 1660 Abraham
3021 1620 3120 1675 per
3146 1603 3424 1674 pluralem
3451 1618 3653 1654 nume-

2014 1712 2143 1748 rum
2164 1694 2388 1763 invitat,
2416 1700 2475 1748 ut
2498 1695 2748 1766 hospitio
2767 1693 3065 1764 suscipiat;
3092 1698 3148 1746 et
3173 1697 3368 1762 postea
3391 1689 3651 1759 singula-

2013 1783 2151 1837 riter
2172 1784 2325 1838 sicut
2347 1801 2527 1837 unum
2547 1783 2881 1851 alloquitur;
2904 1787 2960 1836 et
2990 1783 3141 1835 sicut
3174 1798 3325 1834 unus
3348 1779 3398 1834 ei
3423 1780 3491 1833 de
3513 1778 3657 1831 Sara

2014 1871 2200 1926 tilium
2236 1871 2563 1944 pollicetur,
2608 1889 2782 1944 quem
2808 1870 3119 1926 Dominum
3152 1869 3294 1923 dicit
3332 1869 3653 1939 Scriptura,

2011 1962 2230 2016 sicutin
2255 1962 2517 2030 ejusdem
2536 1960 2881 2016 narrationis
2897 1958 3149 2023 exordio,
3165 1960 3322 2011 Visus
3344 1956 3654 2027 est,inquit,

2010 2051 2272 2106 Dominus
2303 2051 2773 2107 Abrahaanvitat
2800 2067 2956 2124 ergo,
2986 2052 3043 2103 et
3072 2047 3245 2118 pedes
3274 2036 3455 2114 lavat,
3480 2054 3536 2103 et
3565 2047 3659 2100 de-

2011 2140 2171 2194 ducit
2205 2142 2484 2197 abeuntes
2505 2154 2782 2214 tanquam
2816 2142 3081 2198 homines
3114 2160 3126 2197 :
3162 2140 3424 2213 loquitur
3463 2142 3656 2193 autem

2011 2234 2292 2301 tanquam
2317 2247 2445 2286 cum
2481 2232 2722 2286 Domino
2757 2236 2887 2296 Deo,
2910 2232 3029 2287 sive
3060 2248 3192 2285 cum
3225 2231 3274 2286 ei
3306 2228 3661 2301 promittitur

2012 2318 2186 2385 ﬁlius,
2207 2320 2325 2373 sive
2348 2337 2481 2375 cum
2500 2322 2550 2375 ei
2575 2321 2844 2376 Sodomis
2868 2320 3181 2375 imminens
3205 2319 3474 2373 interitus
3506 2315 3655 2371 indi-

2013 2414 2178 2463 iatur
2200 2407 2349 2479 (Gen.
2376 2415 2556 2476 xvm).

2081 2515 2315 2570 CAPUT
2354 2515 2445 2571 XI.
2479 2518 2648 2571 —20.
2686 2518 2759 2571 De
2788 2516 2973 2571 eadem
2992 2517 3222 2571 visione.
3256 2516 3381 2571 Non
3415 2530 3654 2587 parvam

2010 2621 2199 2675 neque
2238 2605 2633 2660 transitoriam
2681 2605 3204 2660 considerationem
3254 2604 3511 2675 postulat
3549 2604 3658 2659 iste

2009 2694 2322 2764 Scriptura
2354 2692 2536 2749 locus.
2561 2694 2617 2747 Si
2648 2694 2801 2748 enim
2825 2696 2911 2747 vir
2942 2710 3096 2747 unus
3128 2694 3284 2748 visus
3301 2693 3655 2762 fuissetjam

2010 2781 2092 2836 illi
2132 2781 2229 2852 qui
2263 2783 2544 2837 dicuntet
2587 2784 2926 2855 priusquam
2952 2784 3022 2837 de
3062 2782 3281 2853 virgine
3323 2788 3659 2837 nasceretur

2010 2887 2111 2942 per
2140 2887 2309 2926 suam
2334 2872 2722 2926 substantiam
2747 2871 3034 2927 visibilem
3060 2872 3292 2941 Filium,
3322 2872 3459 2942 quid
3496 2870 3652 2925 aliud

2008 2976 2181 3030 quam
2206 2960 2399 3031 ipsum
2424 2977 2551 3015 esse
2582 2961 3228 3024 clamarent?Quoniam
3253 2960 3322 3014 de
3346 2960 3530 3027 Patre,
3564 2959 3653 3012 in-

2008 3050 2239 3120 quiunt,
2264 3051 2484 3104 dictum
2511 3055 2617 3115 est,
2645 3050 2920 3105 lnvisibiii
2954 3050 3059 3105 soli
3088 3050 3254 3120 Dco(l
3280 3051 3423 3104 Tim.
3457 3066 3497 3112 1,
3547 3050 3656 3118 l7).

2008 3139 2281 3193 Ettamen
2312 3156 2533 3209 possem
2558 3140 2748 3194 adhuc
2771 3141 3345 3210 qumrere.quomodo
3378 3142 3510 3193 ante
3524 3155 3652 3193 sus-

2009 3232 2234 3299 ceptam
2273 3245 2530 3293 carnem,
2555 3229 2746 3283 habitu
2766 3232 2845 3283 est
2876 3231 3131 3283 inventus
3154 3238 3210 3283 ut
3240 3230 3399 3284 homo
3426 3245 3437 3283 :
3465 3245 3651 3299 quan-

2008 3318 2323 3388 doquidem
2343 3319 2391 3372 ei
2409 3319 2584 3390 pedes
2606 3317 2704 3371 loti
2722 3318 3229 3384 sunt,ethumanis
3248 3317 3651 3388 epulisepula-

2008 3410 2106 3460 tus
2126 3405 2571 3470 est'lQuomodo
2607 3408 2762 3462 istud
2788 3409 2906 3462 ﬁeri
2938 3413 3178 3477 poterat,
3205 3424 3337 3461 cum
3381 3406 3569 3460 adhuc
3600 3409 3657 3457 in

2006 3498 2187 3565 [arma
2217 3496 2313 3550 Dei
2344 3499 2496 3559 esset,
2522 3513 2631 3551 non
2657 3498 2913 3566 rapinam
2947 3497 3246 3549 arbitratus
3272 3512 3383 3549 esse
3412 3496 3655 3565 (conatis

2006 3584 2452 3655 Deo2Numquid
2469 3586 2621 3639 enim
2641 3587 2767 3654 jam
2793 3586 3653 3655 semetipsumcxanz’nierat,for-

2005 3691 2155 3727 mam
2178 3676 2321 3729 servi
2344 3676 2633 3745 accipiens,
2660 3676 2715 3728 in
2750 3675 3117 3728 similitudine
3140 3676 3426 3727 hominum
3453 3676 3652 3743 factus,

2004 3768 2057 3819 et
2075 3763 2266 3818 habitu
2290 3765 2539 3818 inventus
2560 3774 2616 3817 ut
2638 3766 2793 3817 homo
2818 3764 3083 3833 (Philipp.
3114 3781 3172 3831 ιι,
3197 3764 3251 3829 6,
3274 3764 3359 3833 7)?
3378 3780 3511 3816 cum
3545 3764 3651 3816 hoc

2005 3852 2239 3922 quando
2262 3853 2455 3907 fecerit
2478 3868 2574 3923 per
2594 3858 2823 3922 partum
2851 3852 3102 3922 Virginis
3124 3852 3475 3906 noverimus.
3502 3854 3653 3916 Quo-

2008 3942 2179 3995 modo
2204 3942 2379 4013 igitur
2402 3948 2713 4012 antequam
2738 3941 2846 3996 hoc
2862 3941 3280 4004 fecisset,utvir
3303 3957 3455 3994 unus
3472 3958 3653 4011 appa-

2006 4030 2384 4085 ruitAbrahze
2404 4032 2432 4085 ?
2479 4032 2562 4085 An
2587 4031 2687 4085 illa
2709 4032 2895 4085 forma
2934 4048 3065 4085 vera
3084 4047 3197 4083 non
3226 4031 3387 4085 erat?
3418 4031 3652 4085 Possem

2005 4118 2117 4175 ista
2140 4136 2419 4189 quaerere,
2438 4120 2487 4175 si
2515 4120 2600 4174 vir
2622 4137 2775 4174 unus
2798 4120 3163 4189 apparuisset
3193 4119 3448 4185 Abrahae,
3475 4121 3653 4174 idem-

2005 4226 2117 4279 que
2154 4210 2253 4263 Dei
2295 4210 2473 4263 Filius
2514 4211 2862 4265 crederetur.
2894 4210 3034 4264 Cum
3081 4226 3211 4263 vero
3251 4216 3366 4264 tres
3411 4208 3515 4263 viri
3544 4209 3650 4263 visi

2005 4303 2163 4361 sunt,
2188 4316 2289 4353 nec
2314 4300 2623 4371 quisquam
2649 4299 2703 4353 id
2726 4299 2809 4353 eis
2834 4299 2916 4351 vel
2959 4299 3164 4365 forma,
3204 4300 3287 4353 vel
3328 4302 3517 4364 mtate,
3566 4297 3649 4351 vel

2005 4393 2289 4458 potestate
2318 4389 2504 4457 major
2534 4388 2758 4443 caeteris
2781 4388 2971 4441 dictus
2998 4394 3104 4453 est;
3122 4406 3224 4441 cur
3248 4404 3359 4442 non
3384 4387 3475 4441 hic
3500 4387 3646 4440 acci-

2004 4475 2236 4547 piamus
2258 4476 2559 4531 visibiliter
2596 4476 2952 4531 insinuatam
2982 4494 3081 4546 per
3100 4483 3425 4532 creaturam
3451 4476 3649 4530 visibi-

2002 4564 2115 4620 lem
2138 4566 2438 4620 Trinitatis
2457 4565 2870 4636 mqualitatem,
2901 4574 3072 4636 atque
3094 4566 3148 4620 in
3176 4568 3363 4621 tribus
3388 4566 3651 4637 personis

2005 4674 2183 4711 unam
2209 4659 2595 4729 eamdemque
2626 4658 3069 4712 substantiam?

2069 4765 2157 4817 21.
2177 4764 2319 4819 Nam
2347 4781 2415 4818 ne
2439 4763 2751 4835 quisquam
2771 4770 2997 4835 putaret
3015 4764 3443 4819 sicintimatum
3468 4780 3649 4817 unum

2000 4854 2058 4909 in
2084 4854 2270 4908 tribus
2308 4853 2488 4908 fuisse
2511 4855 2813 4925 majorem,
2837 4860 2893 4909 et
2923 4871 3054 4909 eum
3090 4854 3399 4909 Dominum
3438 4854 3530 4907 Dei
3566 4854 3651 4907 Fi-

1998 4941 2142 4997 lium
2176 4943 2639 5013 intelligendum,
2672 4943 2782 4997 dus
2813 4952 3004 4997 autem
3032 4943 3175 4997 alios
3195 4944 3432 5012 angelos
3462 4944 3643 5011 ejus',

1998 5032 2131 5105 quia
2154 5050 2285 5087 eum
2311 5038 2428 5086 tres
2455 5033 2561 5086 visi
2595 5032 2731 5098 sint,
2786 5034 2887 5087 uni
2932 5032 3176 5087 Domino
3228 5033 3344 5086 illic
3387 5030 3646 5101 loquitur

2000 5122 2309 5187 Abraham;
2334 5126 2534 5176 sancta
2559 5121 2857 5193 Scriptura
2880 5122 3092 5176 futuris
3110 5121 3325 5176 talibus
3348 5120 3643 5192 cogitatio-

2000 5212 2173 5267 nibus
2205 5218 2379 5282 atque
2407 5210 2780 5280 opinionibus
2809 5212 3256 5265 contradicendo
3281 5227 3392 5265 non
3424 5218 3651 5281 praetcr-

1999 5300 2160 5355 misit
2174 5300 2739 5369 occurrere,quando
2754 5298 2924 5369 paulo
2949 5304 3078 5369 post
3100 5299 3129 5351 d
3143 5317 3245 5353 uos
3259 5299 3497 5370 angelos
3512 5300 3650 5352 dicit

1997 5390 2225 5444 venisse
2248 5390 2315 5442 ad
2344 5388 2510 5456 Loth,
2537 5388 2594 5441 in
2643 5386 2855 5457 quibus
2882 5393 2938 5441 et
2971 5387 3066 5441 ille
3099 5387 3409 5459 virjustus
3439 5390 3539 5459 qui
3581 5392 3649 5440 de

1995 5480 2383 5533 Sodomorum
2420 5476 2687 5530 incendio
2720 5476 2934 5529 meruit
2968 5475 3222 5539 liberari,
3246 5477 3316 5530 ad
3336 5494 3516 5531 unum
3544 5477 3647 5531 Do-

1999 5569 2224 5623 minum
2246 5566 2523 5637 loquitur.
2541 5565 2635 5620 Sic
2655 5564 2807 5619 enim
2834 5564 3382 5637 sequiturScripura
3403 5569 3640 5623 dicens:

1996 5659 2145 5714 Abiit
2174 5664 2354 5710 autem
2395 5655 2656 5709 Dominus
2698 5663 2985 5725 postquam
3021 5664 3250 5711 cessuvit
3297 5658 3516 5727 loquens
3572 5658 3643 5711 ad

2060 5758 2078 5792 ί
2116 5755 2358 5816 Plerique
2388 5755 2528 5811 Mss,
2563 5750 2689 5801 duos
2716 5757 2887 5801 autem
2910 5752 3027 5802 illos
3055 5754 3264 5817 angelos
3290 5755 3420 5818 eius.
