4040 6484
339 402 457 464 859

340 537 634 599 Abraham,
669 538 717 589 et
770 534 1043 589 Abraham
1089 548 1334 588 reversus
1368 542 1447 589 est
1476 533 1546 587 ad
1584 541 1761 588 locum
1789 548 1975 587 suum.

396 626 480 681 CA
493 625 628 678 PU'l‘
647 624 983 678 Xll.——Visio
996 622 1125 678 Loth
1148 624 1993 678 excutitur.—-Venuruntautem

347 716 453 770 duo
485 714 672 781 angeli
692 716 747 766 in
770 713 1013 768 Sodomis
1036 729 1265 783 vespere.
1295 712 1397 766 Hic
1429 713 1705 766 attentius
1733 712 1993 765 conside-

343 805 591 859 randum
606 808 753 872 est,q
766 803 875 855 uod
890 801 1625 856 ostendereinstituit.Cum
1643 800 1830 854 tribus
1844 805 1996 853 certe

343 893 688 964 loquebatur
708 890 1017 954 Abraham,
1046 896 1250 945 etcum
1280 891 1585 945 Dominum
1619 887 1997 959 singulariter

350 982 680 1052 appellavit.
736 980 901 1034 Forte
952 978 1143 1049 inquit
1176 979 1415 1049 aliquis‘
1445 996 1456 1034 :
1486 978 1674 1034 Unum
1707 977 1995 1031 extribus

358 1070 709 1142 agnoscebat
741 1068 1092 1133 Dominum;
1126 1066 1270 1122 alios
1316 1073 1510 1121 autem
1550 1067 1718 1136 duos,
1760 1064 1997 1136 angelos

361 1161 510 1231 ejus.
544 1157 689 1221 Quid
714 1156 822 1211 sibi
861 1172 996 1228 ergo
1034 1156 1175 1222 vult,
1214 1157 1365 1227 quod
1400 1160 1820 1227 consequenter
1858 1154 2000 1210 dicit

363 1248 681 1319 Scriptura,
712 1247 1051 1301 Abiitautem
1075 1247 1335 1301 Dominus
1354 1251 1635 1315 postquam
1677 1245 1905 1298 cessavit
1926 1243 2000 1299 lo-

352 1353 523 1408 quens
560 1336 628 1390 ad
654 1335 947 1400 Abraham,
980 1340 1029 1389 et
1061 1336 1329 1389 Abraham
1350 1350 1593 1389 reversus
1625 1338 1701 1388 est
1721 1333 1791 1388 ad
1822 1335 2000 1388 locum

350 1441 544 1481 suum:
569 1429 836 1480 venerunt
865 1429 1052 1479 autem
1072 1423 1177 1478 duo
1202 1425 1386 1492 angeli
1406 1426 1466 1477 in
1490 1423 1739 1479 Sodomis
1753 1425 2002 1494 vespere?

356 1517 439 1570 An
466 1514 717 1569 forteille
735 1531 886 1568 unus
900 1515 1280 1578 abscesserat,
1306 1516 1402 1585 qui
1421 1515 1701 1569 Dominus
1732 1528 2004 1584 agnosce-

358 1605 529 1660 batur
558 1604 614 1657 in
646 1603 917 1666 tribus,et
937 1604 1083 1657 duos
1105 1603 1341 1674 angelos
1364 1604 1463 1674 qui
1482 1621 1612 1657 cum
1632 1603 1729 1658 illo
1747 1606 1911 1656 erant
1931 1600 2003 1655 ad

358 1692 756 1749 consumenda
774 1691 1014 1746 miserat
1035 1692 1319 1747 Sodoma?
1333 1693 1476 1764 Ergo
1494 1691 1800 1764 sequentia
1822 1690 2007 1744 videa-

361 1800 495 1838 mus
522 1784 805 1847 Vencrunt,
830 1780 1043 1851 inquit,
1066 1781 1171 1835 duo
1192 1782 1400 1852 angelis
1423 1784 1483 1837 in
1506 1781 1747 1836 Sodomis
1768 1795 2005 1850 vespere.

368 1871 500 1928 Loth
524 1876 706 1924 autem
727 1870 945 1925 sedebat
965 1870 1035 1925 ad
1050 1873 1275 1941 portam
1296 1870 1673 1926 Sodomorum.
1698 1872 1896 1925 Etcum
1929 1871 2006 1923 vi-

362 1962 530 2016 disset
553 1976 639 2015 eos
668 1958 820 2029 Loth,
848 1963 1088 2014 surrexit
1112 1962 1171 2014 in
1196 1961 1407 2014 obviam
1428 1960 1563 2025 illis,
1594 1969 1643 2014 et
1673 1959 1922 2014 adoravit
1953 1960 2012 2013 in

365 2051 742 2123 faciemsaper
768 2054 992 2111 terram,
1033 2054 1085 2104 et
1104 2049 1249 2104 dixit
1277 2067 1295 2104 :
1320 2050 1466 2121 Ecce,
1490 2049 1720 2117 domini,
1764 2049 2012 2103 divertile

370 2141 428 2194 in
451 2139 669 2193 domum
704 2139 865 2208 pueri
887 2139 1066 2192 vestri.
1097 2137 1199 2191 Hic
1232 2137 1603 2191 manifestum
1638 2141 1745 2199 est,
1786 2140 1841 2190 et
1865 2135 2012 2189 duos

366 2226 605 2298 angelos
630 2227 827 2291 fuisse,
859 2231 916 2280 et
947 2226 1002 2279 in
1037 2226 1356 2296 hospitium
1390 2225 1693 2296 pluraliter
1714 2225 2009 2301 invitatos,

364 2320 421 2370 et
451 2313 766 2368 honorifice
799 2312 1119 2385 appellatos
1165 2313 1444 2380 dominos,
1480 2328 1613 2367 cum
1645 2312 1889 2367 fortasse
1912 2312 2015 2368 ho-

365 2403 555 2459 mines
579 2407 946 2473 putarentur.

432 2493 519 2546 22.
547 2493 653 2546 Sed
679 2508 916 2545 rursum
943 2496 1146 2561 movet,
1178 2490 1315 2563 quia
1336 2490 1445 2546 nisi
1472 2492 1662 2564 angeli
1689 2490 1784 2547 Dei
1807 2507 2017 2563 cogno-

365 2586 685 2649 scerentur,
706 2597 819 2634 non
840 2580 1106 2634 adoraret
1124 2579 1262 2633 Loth
1282 2581 1335 2634 in
1359 2580 1562 2635 faciem
1587 2597 1763 2651 super
1776 2586 2013 2634 terram.

375 2674 491 2725 Cur
512 2686 649 2741 ergo
682 2676 963 2740 tanquam
987 2669 1085 2724 tali
1116 2669 1475 2724 humanitate
1509 2670 1929 2741 indigentibus,
1963 2674 2019 2724 et

375 2760 700 2831 hospitium
753 2759 1041 2829 praebetur
1072 2764 1128 2813 et
1154 2759 1369 2814 victus?
1383 2759 1490 2813 Sed
1514 2758 2018 2830 quodlibethicla-

370 2855 490 2905 teat
512 2848 651 2902 illud
674 2865 829 2902 nunc
858 2849 1008 2918 quod
1047 2850 1415 2919 suscepimus
1446 2866 1855 2920 exsequamur.
1893 2849 2017 2903 Duo

367 2941 666 3009 apparent,
700 2937 887 3008 angeli
912 2938 1083 2992 ambo
1105 2938 1425 3002 dicuntur“,
1449 2937 1752 3008 pluraliter
1769 2938 2017 3018 invitan-

373 3032 780 3096 tur,tanquam
806 3042 935 3079 cum
963 3026 1190 3080 duobus
1214 3025 1814 3097 pluraliterloquitur,
1836 3027 2019 3081 donec

369 3120 607 3170 exeatur
628 3131 660 3168 a
681 3115 971 3169 Sodomis.
996 3113 1209 3169 Deinde
1240 3115 1506 3186 sequitur
1526 3116 1825 3187 Scriptura
1854 3120 1912 3170 et
1940 3115 2024 3169 di-

373 3205 487 3259 cit:
518 3206 579 3258 Et
599 3206 806 3274 factum
823 3212 900 3258 est
920 3205 1211 3274 postquam
1258 3190 2021 3275 eduxerunteosforas,dzl‘ce-

376 3297 503 3348 runt
526 3310 537 3347 :
564 3291 790 3347 Salvans
811 3292 965 3346 salva
978 3295 1223 3347 animam
1246 3304 1427 3355 tuam;
1444 3310 1513 3349 ne
1542 3296 1845 3365 respexeris
1858 3303 2020 3361 retro,

377 3399 549 3453 neque
568 3386 673 3436 stes
715 3384 774 3436 in
799 3388 899 3435 hac
920 3384 1173 3437 unirersa
1204 3384 1470 3451 regione:
1491 3384 1547 3438 in
1592 3394 1831 3439 montem
1869 3384 2019 3452 vade,

378 3479 430 3529 et
461 3474 538 3529 ibi
557 3474 873 3537 salvaberis,
898 3489 966 3528 ne
984 3476 1124 3544 forte
1141 3476 1634 3546 comprehendaris.
1668 3477 1819 3531 Dixit
1839 3480 2025 3530 autem

379 3564 511 3619 Loth
548 3564 617 3617 ad
668 3579 755 3617 eos
774 3580 793 3623 ,·
836 3564 993 3633 Rogo,
1042 3566 1279 3631 domine,
1329 3567 1589 3636 quoniam
1638 3568 1845 3621 invenit
1890 3581 2027 3636 puer

387 3662 513 3707 tuus
551 3660 677 3707 ante
700 3662 749 3708 te
771 3652 1208 3707 misericordiam
1232 3655 1517 3726 (Gen.x1x,
1546 3656 1717 3727 1-19),
1750 3661 1856 3711 etc.
1882 3654 2029 3718 Quid

381 3746 469 3797 est
500 3741 607 3796 hoc
630 3744 783 3811 quod
807 3741 951 3797 dixit
982 3744 1052 3797 ad
1086 3760 1203 3812 eos,
1235 3748 1395 3813 Rogo,
1438 3745 1672 3811 domine,
1706 3745 1753 3799 si
1780 3747 1903 3815 jam
1930 3743 2026 3798 ille

382 3830 729 3885 discesserat
753 3832 850 3901 qui
875 3833 1151 3887 Dominus
1169 3839 1312 3899 erat,
1329 3839 1384 3888 et
1397 3834 1632 3905 angelos
1648 3833 1913 3888 miserat?
1927 3850 2031 3888 cur

384 3918 619 3989 dicitur,
653 3921 796 3988 Rogo
820 3923 1090 3983 Domine;
1121 3926 1177 3975 et
1216 3939 1351 3990 non,
1392 3922 1569 3993 Rogo,
1615 3922 1886 3977 domini?
1917 3924 2032 3977 Aut

387 4006 436 4062 si
472 4022 650 4061 unum
684 4025 751 4062 ex
773 4008 855 4063 eis
897 4010 1078 4065 voluit
1116 4010 1429 4080 appellare,
1471 4027 1575 4063 cur
1605 4011 1679 4064 ait
1711 4010 2030 4080 Scriptura,

392 4098 557 4151 Dixit
580 4101 761 4152 autem
784 4098 912 4152 Loth
936 4098 1005 4152 ad
1024 4114 1114 4152 eos
1134 4118 1152 4153 :
1175 4102 1338 4168 Rogo,
1363 4098 1580 4154 domine
1600 4101 1858 4170 quoniam
1880 4102 2032 4154 inve-

388 4187 471 4240 nit
488 4189 771 4257 puertnus
800 4195 923 4242 ante
953 4197 1001 4242 te
1028 4188 1498 4242 misericordiam?
1536 4196 1623 4242 An
1655 4196 1711 4243 et
1748 4189 1841 4244 hic
1862 4188 2026 4243 intelo

384 4273 625 4345 ligimus
648 4277 702 4329 in
720 4276 925 4347 plurali
943 4292 1185 4331 numero
1202 4277 1348 4331 duas
1362 4279 1670 4349 personas?
1690 4295 1820 4334 cum
1837 4283 2031 4334 autem

388 4364 565 4420 iidem
590 4367 703 4419 duo
733 4372 1010 4436 tanquam
1039 4384 1191 4420 unus
1222 4367 1666 4438 compellantur,
1692 4369 1869 4423 unius
1900 4368 2035 4423 sub-

389 4454 616 4508 stantia:
636 4471 821 4508 unum
841 4456 1147 4510 Dominum
1165 4456 1373 4511 Deum?
1389 4457 1494 4512 Sed
1523 4474 1667 4528 quas
1681 4458 1826 4511 duas
1843 4474 2037 4528 perso-

390 4560 497 4597 nas
512 4543 1044 4614 hicintelligimus?
1072 4544 1222 4599 Patri
1240 4551 1295 4600 et
1311 4546 1460 4609 Filii,
1485 4564 1558 4600 an
1572 4547 1758 4601 Patris
1777 4552 1833 4601 et
1851 4545 2032 4617 Spiri-

388 4637 485 4686 tus
503 4632 711 4700 sancti,
737 4649 808 4686 an
834 4633 957 4687 Filii
990 4641 1046 4688 et
1067 4634 1318 4703 Spiritus
1350 4635 1565 4690 sancti?
1598 4640 1713 4690 Hoc
1736 4636 1877 4689 forte
1900 4651 2033 4690 con-

394 4720 698 4794 gruentius
722 4723 873 4792 quod
911 4722 1180 4776 ultimum
1206 4723 1342 4777 dixi.
1378 4725 1588 4779 Missos
1615 4724 1768 4779 enim
1793 4742 1854 4779 se
1876 4725 2035 4778 dixe-

392 4812 709 4881 runt,quod
727 4812 795 4865 de
815 4811 956 4866 Filio
978 4813 1114 4866 etde
1130 4812 1347 4883 Spiritu
1372 4819 1571 4868 sancto
1595 4814 1866 4868 dicimus.
1891 4813 2034 4867 Nam

396 4900 620 4956 Patrem
639 4900 885 4956 missum
906 4919 1198 4973 nusquam
1216 4903 1640 4973 Scripturarum
1664 4904 1831 4959 nobis
1844 4919 2038 4959 occur-

396 4991 487 5045 rit.

462 5080 695 5136 CAPUT
743 5081 890 5137 XIII.
926 5112 995 5123 —-
1022 5083 1111 5137 23.
1154 5082 1303 5138 Visio
1324 5082 1383 5137 in
1410 5084 1566 5138 rubo.
1599 5086 1820 5155 Moyses
1844 5087 2033 5138 autem

390 5172 625 5241 quando
647 5172 717 5225 ad
755 5170 1036 5243 populum
1066 5171 1237 5227 Israel
1269 5189 1338 5227 ex
1385 5173 1628 5245 {Egypto
1671 5172 2034 5227 educendum

394 5261 610 5317 missus
632 5266 719 5314 est
750 5261 830 5315 sic
846 5260 895 5315 ei
918 5261 1228 5315 Dominum
1249 5261 1887 5332 apparuisscscriptum
1910 5268 2034 5317 est:

397 5351 671 5413 Pascebat,
692 5350 901 5421 inquit,
952 5366 1070 5405 oves
1093 5351 1275 5406 Jethro
1294 5350 1467 5405 soceri
1493 5352 1583 5403 sui
1609 5350 1897 5406 sacerdotis
1928 5352 2037 5405 Ma-

394 5440 545 5503 dian,
572 5448 623 5492 et
655 5442 767 5505 egit
790 5452 909 5494 oves
933 5457 992 5494 in
1016 5440 1302 5506 :lesertum,
1334 5446 1384 5493 et
1416 5442 1560 5493 venit
1587 5442 1647 5494 in
1676 5443 1912 5495 montem
1942 5443 2039 5496 Dei

398 5530 586 5583 Horeb.
613 5531 877 5599 Apparuit
907 5534 1089 5584 autem
1119 5531 1207 5584 illi
1235 5528 1459 5599 angelus
1480 5528 1701 5583 Domini
1731 5530 1789 5583 in
1813 5530 2039 5598 ﬂamma

468 5664 482 5697 ι
519 5660 597 5709 Er.
630 5662 794 5721 Lugd.
829 5662 972 5720 Luxu,
1009 5660 1408 5724 Forte:inquiet
1436 5659 1621 5724 aliquis
1724 5662 1787 5711 M.

463 5725 483 5757 ³
507 5725 651 5774 Unus
692 5738 718 5788 β
768 5724 1031 5774 Vaticanis
1061 5726 1205 5783 Mss,
1237 5723 1348 5773 Duo
1387 5723 1637 5788 apparent
1666 5723 1856 5788 angeli,
1888 5724 2038 5776 ambo

396 5787 637 5838 dicuntur
665 5786 879 5837 domini.

1450 402 1555 460 DE
1596 399 2051 469 TRINITATE,
2097 398 2162 460 S.
2209 399 2638 462 AUGUSTINI

3628 399 3753 461 sco
3776 358 3789 365 hi

2095 532 2241 601 ignis
2261 532 2325 587 de
2344 532 2499 588 rubo.
2529 541 2579 589 et
2608 532 2743 589 vidit
2764 534 2897 605 quia
2929 534 2987 588 in
3016 533 3146 588 rubo
3166 532 3388 589 arderet
3404 532 3755 604 ignis,rubus

2094 637 2220 676 vero
2242 638 2349 676 non
2387 623 2825 679 comburebatur.
2850 623 2913 677 Et
2940 626 3021 677 ait
3046 624 3246 695 Moyses
3272 640 3291 676 :
3322 624 3432 689 Ibo,
3474 627 3528 678 et
3562 624 3754 679 videbo

2094 712 2274 765 visum
2294 712 2609 782 istud,quod
2639 719 2755 767 tam
2771 729 3034 784 magnum
3058 712 3460 782 ridi,quoniam
3477 730 3590 767 non
3602 729 3752 767 com-

2099 798 2658 857 buriturrubus.Cum
2669 818 2795 869 ergo
2815 802 2950 857 vidit
2967 803 3230 857 Dominus
3242 804 3372 872 quia
3386 804 3529 857 venit
3543 802 3756 866 videre,

2098 889 2529 945 clamuniteum1
2559 892 2822 945 Dominus
2852 893 2923 947 de
2943 892 3078 946 rubo
3097 890 3282 946 dicens
3296 908 3314 944 :
3329 893 3436 962 Ego
3457 908 3583 946 sum
3614 893 3759 946 Deus

2098 982 2273 1050 patris
2296 982 2400 1045 tui,
2432 982 2569 1035 Deus
2598 981 2891 1045 Abraham,
2921 990 2971 1035 et
2993 981 3133 1035 Deus
3152 982 3322 1046 Isaac,
3350 988 3400 1037 et
3429 986 3569 1037 Deus
3592 982 3760 1037 Iacob

2102 1067 2296 1139 (Exod.
2322 1086 2407 1139 ιιι,
2434 1069 2571 1140 1-6).
2597 1070 2665 1124 Et
2695 1069 2788 1124 hic
2817 1069 3004 1142 primo
3026 1069 3270 1142 angelus
3301 1069 3531 1126 Domini
3559 1070 3761 1125 dictus

2103 1162 2211 1227 est,
2245 1157 2452 1213 deinde
2475 1159 2647 1213 Deus.
2677 1158 2975 1230 Numquid
3016 1174 3151 1231 ergo
3205 1158 3449 1232 angelus
3480 1163 3571 1214 est
3603 1162 3761 1213 Deus

2107 1247 2418 1313 Abraham,
2453 1253 2508 1303 et
2538 1248 2691 1303 Deus
2716 1249 2894 1313 Isaac,
2916 1253 2973 1302 et
3003 1247 3155 1303 Deus
3183 1246 3401 1304 Jacob?
3441 1249 3641 1303 Potest
3662 1264 3757 1303 er-

2110 1352 2181 1408 go
2216 1341 2367 1391 recte
2387 1336 2624 1405 intelligi
2653 1337 2776 1409 ipse
2797 1336 3080 1405 Salvator,
3100 1337 3171 1393 de
3201 1354 3315 1408 quo
3337 1338 3479 1393 dicit
3508 1339 3762 1410 Aposto-

2104 1423 2231 1481 lus:
2257 1426 2499 1493 Quorum
2522 1431 2723 1498 patres,
2746 1435 2797 1483 et
2820 1443 2888 1483 ea:
2936 1427 3131 1498 quibus
3180 1426 3424 1481 Christus
3452 1428 3761 1483 secundum

2106 1530 2348 1584 carnem,
2381 1517 2475 1586 qui
2496 1518 2576 1571 est
2594 1518 2952 1587 superomnia
2982 1517 3124 1571 Deus
3136 1518 3452 1572 benedictus
3466 1518 3525 1571 in
3553 1518 3768 1573 macula

2108 1604 2283 1675 (Rom.
2310 1621 2387 1670 1x,
2408 1606 2483 1673 5).
2510 1605 2617 1670 Qui
2648 1621 2784 1677 ergo
2814 1622 2990 1677 super
3019 1605 3219 1662 omnia
3260 1610 3350 1661 est
3394 1605 3546 1662 Deus
3577 1607 3764 1661 bene-

2110 1692 2379 1749 dictusin
2402 1694 2634 1763 saecula,
2667 1712 2783 1749 non
2805 1695 3057 1751 absurde
3078 1696 3257 1750 etiam
3291 1695 3384 1751 hic
3416 1695 3542 1765 ipse
3588 1694 3767 1750 intel-

2110 1781 2313 1854 ligitur
2365 1785 2514 1838 Deus
2544 1784 2856 1848 Abraham,
2888 1790 2944 1840 et
2974 1786 3123 1840 Deus
3170 1786 3351 1852 Isaac,
3391 1789 3448 1840 et
3476 1785 3631 1841 Deus
3659 1784 3763 1839 Ja-

2112 1872 2359 1929 cob.Sed
2382 1889 2487 1928 cur
2506 1872 2924 1946 priusangelus
2947 1872 3177 1929 Domini
3200 1875 3393 1930 dictus
3413 1878 3665 1944 est,cum
3690 1874 3765 1928 de

2115 1963 2258 2018 rubo
2289 1962 2347 2016 in
2382 1962 3097 2035 ﬂammaignisapparuit?
3136 1969 3329 2018 utrum
3355 1963 3495 2034 quia
3516 1979 3674 2019 unus
3697 1979 3769 2017 ex

2118 2050 2320 2106 multis
2340 2050 2575 2123 Angelis
2597 2056 2739 2120 erat,
2759 2052 2858 2107 sed
2882 2069 2983 2123 per
3022 2051 3519 2123 dispensationem
3563 2068 3767 2124 perso-

2116 2158 2251 2195 nam
2282 2140 2505 2195 Domini
2530 2141 2619 2196 sui
2644 2142 2897 2211 gerebat;
2919 2159 2988 2196 an
3013 2148 3385 2213 assumptum
3398 2147 3522 2196 erat
3539 2140 3765 2212 aliquid

2118 2234 2416 2294 creaturae,
2435 2225 2584 2300 quod
2620 2231 2690 2285 ad
2718 2247 2972 2302 praesens
3012 2232 3311 2302 negotium
3337 2229 3644 2285 visibiliter
3663 2246 3768 2300 ap-

2094 2314 2095 2321 “
2118 2324 2364 2391 pareret,
2383 2323 2440 2373 et
2462 2319 2615 2373 unde
2634 2336 2800 2375 voces
2822 2319 3180 2375 sensibiliter
3198 2320 3527 2388 ederentur,
3549 2317 3770 2389 quibus

2121 2406 2430 2480 prementia
2463 2407 2688 2463 Domini
2726 2424 2829 2479 per
2851 2408 3175 2477 subjectum
3211 2413 3537 2462 creaturam
3566 2421 3773 2477 corpo-

2120 2496 2234 2552 reis
2255 2496 2429 2551 etiam
2455 2497 2726 2551 sensibus
2748 2496 3025 2566 hominis,
3049 2498 3203 2552 sicut
3241 2496 3564 2568 oportebat,
3607 2492 3771 2549 exhi-

2120 2585 2401 2641 beretur?
2440 2586 2500 2640 Si
2530 2585 2683 2641 enim
2710 2603 2865 2641 unus
2894 2603 2961 2641 ex
2982 2585 3217 2658 Angelis
3241 2591 3385 2649 erat,
3428 2585 3563 2656 quis
3604 2582 3779 2638 facile

2122 2675 2414 2729 afﬁrmare
2442 2675 2626 2747 possit
2648 2681 2845 2730 utrum
2886 2676 2936 2731 ei
2981 2675 3108 2731 Filii
3159 2691 3409 2747 persona
3449 2673 3782 2728 nuntianda

2120 2763 2397 2833 imposita
2430 2764 2618 2827 fuerit,
2656 2781 2725 2819 an
2766 2764 3019 2835 Spiritus
3065 2763 3278 2830 sancti,
3310 2780 3384 2818 an
3423 2763 3517 2817 Dei
3559 2760 3776 2829 Patris,

2122 2869 2193 2906 an
2226 2852 2413 2923 ipsius
2444 2852 2682 2908 omnino
2712 2853 3039 2921 Trinitatis,
3065 2853 3164 2924 qui
3197 2858 3286 2907 est
3319 2869 3473 2907 unus
3504 2855 3564 2907 et
3614 2850 3780 2905 solus

2127 2943 2296 3009 Deus,
2331 2947 2396 2997 ut
2424 2942 2659 2997 diceret.
2705 2947 2812 3013 Ego
2853 2960 2976 2997 sum
3024 2949 3168 2998 Deus
3214 2942 3508 3007 Abraham,
3541 2943 3593 2996 et
3634 2940 3779 2995 Deus

2122 3033 2295 3097 Isaac,
2320 3041 2370 3087 et
2398 3032 2538 3087 Deus
2565 3033 2753 3089 Iacob?
2786 3033 2984 3103 Neque
3036 3031 3191 3087 enim
3233 3046 3551 3103 possumus
3586 3029 3782 3083 dicere

2125 3122 2305 3176 Deum
2338 3121 2654 3189 Abraham,
2687 3126 2743 3176 et
2792 3125 2970 3176 Deum
3004 3126 3187 3187 Isaac,
3238 3127 3295 3175 et
3343 3119 3529 3175 Deum
3573 3118 3781 3183 Jacob,

2124 3209 2332 3265 Filium
2372 3211 2465 3264 Dei
2497 3226 2646 3275 esse,
2680 3214 2737 3265 et
2767 3210 2993 3266 Patrem
3026 3227 3137 3265 non
3170 3226 3330 3277 esse;
3363 3213 3466 3263 aut
3493 3207 3781 3279 Spiritum

2124 3305 2413 3366 sanctum,
2449 3303 2549 3354 aut
2578 3299 2768 3371 ipsam
2799 3298 3165 3368 Trinitatem,
3193 3315 3370 3369 quam
3402 3297 3704 3353 credimus
3721 3300 3781 3351 et

2126 3386 2512 3461 intelligimus
2562 3406 2741 3443 unum
2792 3393 2994 3455 Deum,
3045 3388 3283 3443 audebit
3330 3385 3542 3457 aliquis
3564 3401 3781 3456 negare

2124 3477 2307 3533 Deum
2340 3477 2656 3547 Abraham,
2707 3482 2764 3532 et
2797 3479 2973 3532 Deum
3024 3477 3205 3541 Isaac,
3236 3479 3294 3531 et
3331 3475 3514 3532 Deum
3573 3473 3777 3530 Jacob.

2130 3567 2229 3622 llle
2250 3566 2405 3621 enim
2438 3583 2551 3621 non
2583 3571 2672 3621 est
2704 3566 2935 3622 illorum
2973 3570 3201 3637 patrum
3239 3563 3524 3635 Deus,qui
3552 3580 3667 3618 non
3692 3566 3783 3617 est

2122 3659 2486 3747 ‘DPUSJ’OPI‘O
2517 3656 2566 3711 si
2601 3673 2714 3711 non
2748 3656 2935 3711 solum
2969 3655 3141 3710 Pater
3166 3656 3316 3709 Deus
3347 3659 3455 3716 est,
3479 3654 3635 3707 sicut
3654 3669 3781 3707 om-

2132 3740 2235 3802 hes
2276 3745 2448 3801 etiam
2486 3744 2741 3799 haeretici
2794 3745 3159 3811 concedunt;
3204 3742 3303 3798 sed
3348 3741 3523 3797 etiam
3578 3740 3781 3810 Filius,

2135 3837 2309 3907 quod,
2333 3834 2512 3890 velint
2558 3833 2767 3899 nolint,
2792 3838 3084 3905 coguntur
3136 3831 3323 3898 fateri,
3374 3831 3601 3886 dicente
3630 3833 3785 3901 Apo-

2136 3925 2305 3989 stolo,
2331 3925 2437 3992 Qui
2463 3932 2541 3979 est
2568 3940 2734 3991 super
2764 3924 2955 3979 omnia
2971 3927 3111 3978 Deus
3133 3922 3446 3977 benedictus
3474 3922 3533 3975 in
3552 3920 3785 3980 saecula;

2135 4020 2192 4070 et
2220 4014 2472 4085 Spiritus
2505 4018 2764 4079 sanctus,
2798 4012 3027 4068 dicente
3058 4011 3183 4082 ipso
3218 4008 3515 4081 Apostolo,
3547 4008 3782 4077 Ctariﬁ-

2135 4112 2253 4159 cate
2272 4120 2401 4173 ergo
2434 4103 2603 4157 Deum
2633 4103 2693 4156 in
2722 4117 2942 4173 corpore
2958 4110 3169 4162 vestro;
3193 4115 3326 4153 cum
3342 4114 3522 4170 supra
3541 4097 3779 4152 diceret.

2137 4193 2365 4249 Nescitis
2395 4193 2527 4261 quia
2553 4207 2787 4262 corpora
2810 4194 2984 4245 vestra
3008 4188 3271 4257 templum
3293 4188 3356 4243 in
3387 4187 3531 4242 vobis
3548 4194 3628 4241 est
3659 4185 3783 4257 Spi-

2135 4284 2281 4336 ritus
2310 4283 2671 4352 saucti,quem
2697 4280 2906 4335 habetis
2925 4296 2960 4333 α
2992 4279 3099 4333 Deo
3122 4278 3165 4347 (Ι
3189 4276 3309 4332 Cor.
3336 4294 3412 4343 vx,
3434 4274 3637 4345 20,19?
3658 4276 3786 4331 ethi

2136 4375 2253 4425 tres
2278 4387 2430 4424 unus
2451 4370 2624 4438 Deus,
2650 4369 2801 4424 sicut
2822 4366 3106 4423 catholica
3140 4366 3363 4420 sanitas
3407 4364 3592 4420 credit
3616 4380 3629 4418 :
3666 4381 3785 4419 non

2137 4460 2279 4515 satis
2309 4459 2497 4514 elucet
2527 4475 2702 4530 quam
2735 4458 2794 4511 in
2827 4456 3112 4512 Trinitate
3136 4470 3471 4526 personam,
3492 4458 3551 4508 et
3583 4458 3785 4508 utrum

2136 4545 2704 4618 aliquam,anipsius
2736 4543 3038 4599 Trinitatis
3068 4547 3303 4614 gerebat
3324 4541 3704 4614 illeangelus,
3736 4540 3786 4597 si

2138 4652 2291 4690 unus
2321 4652 2389 4690 ex
2418 4634 2639 4689 caeteris
2655 4632 2887 4705 Angelis
2909 4636 3053 4687 erat.
3088 4629 3145 4684 Si
3179 4634 3376 4685 autem
3412 4631 3469 4683 in
3507 4646 3680 4684 usum
3706 4630 3786 4684 rei

2139 4724 2439 4797 praesentis
2470 4728 2774 4793 assumpta
2804 4726 3069 4776 creatura
3103 4724 3210 4784 est,
3254 4735 3381 4790 qua:
3410 4723 3466 4774 et
3507 4718 3788 4773 humanis

2138 4813 2323 4869 oculis
2345 4815 2606 4884 apparet,
2629 4816 2685 4867 et
2713 4811 2954 4866 auribus
2978 4810 3296 4876 insonaret,
3319 4813 3375 4862 et
3396 4806 3790 4878 appellaretur

2139 4901 2381 4974 angelus
2396 4901 2650 4967 Domini,
2671 4905 2728 4956 et
2748 4899 3045 4962 Dominus,
3068 4903 3124 4951 et
3139 4902 3310 4964 Deus;
3336 4913 3449 4951 non
3475 4902 3667 4969 potest
3694 4896 3787 4951 hic

2140 4989 2551 5063 Deusintelligi
2567 4990 2755 5054 Pater,
2779 4989 2880 5045 sed
2905 4993 3006 5043 aut
3027 4985 3231 5052 Filius,
3254 4994 3351 5041 aut
3372 4984 3624 5057 Spiritus
3657 5003 3787 5040 san-

2134 5086 2290 5136 ctus.
2314 5082 2657 5151 Quanquam
2685 5076 2967 5150 Spiritum
2985 5079 3255 5131 sanctum
3274 5073 3487 5129 alicubi
3511 5074 3787 5145 angelum

2139 5170 2361 5224 dictum
2390 5187 2502 5223 non
2522 5167 2902 5232 recolam,sed
2925 5182 2991 5220 ex
3013 5180 3184 5236 opere
3200 5163 3386 5234 possit
3405 5162 3653 5235 intelligi
3676 5180 3688 5218 :
3708 5162 3789 5217 di-

2140 5264 2294 5315 ctum
2320 5258 2474 5312 enim
2497 5258 2567 5312 de
2589 5255 2686 5311 illo
2710 5262 2817 5325 est,
2843 5256 2975 5324 Quae
3006 5255 3232 5309 ventura
3252 5255 3385 5306 sunt
3422 5252 3787 5307 annuntiabit

2139 5348 2287 5404 vobis
2308 5348 2482 5417 (Joan.
2508 5363 2624 5414 xv1,
2650 5346 2758 5417 l3):
2775 5351 2834 5399 et
2867 5350 3066 5415 utique
3100 5340 3358 5412 Angelus
3378 5357 3586 5413 graece,
3609 5341 3790 5396 latine

2139 5437 2391 5493 Nuntius
2406 5434 2923 5506 interpretaturzde
2941 5432 3181 5487 Domino
3196 5436 3389 5485 autem
3405 5429 3542 5484 Jesu
3558 5429 3790 5484 Christo

2139 5523 2840 5595 evidentissimelegimus
2860 5520 3014 5592 apud
3041 5518 3578 5591 prophetam,quod
3602 5519 3793 5589 magni

2138 5614 2365 5671 consilii
2386 5614 2622 5681 Angelus
2646 5611 2837 5666 dictus
2860 5610 2937 5664 sit
2968 5609 3118 5680 (lsai.
3144 5624 3223 5675 x1,
3244 5607 3298 5679 6)
3325 5623 3338 5660 :
3363 5622 3496 5661 cum
3521 5611 3577 5661 et
3607 5606 3789 5679 Spiri-

2209 5723 2224 5756 ί
2251 5719 2407 5778 Editi,
2439 5718 2680 5769 clamavit
2709 5717 2782 5768 ad
2815 5730 2951 5768 eum.
2976 5714 3256 5776 Particula,
3287 5712 3371 5775 ad,
3395 5712 3546 5765 abest
3595 5727 3627 5763 α
3667 5714 3788 5764 Mss.

2139 5786 2193 5836 et
2222 5798 2253 5835 α
2280 5796 2452 5847 gnsco
2482 5782 2623 5833 LXX.
