4040 6456
235 397 352 461 861

239 542 339 595 tus
369 543 631 611 sanctus,
663 545 719 595 et
746 538 848 595 Dei
880 539 1083 610 Filius,
1118 540 1194 597 sit
1214 542 1369 600 Deus
1400 547 1455 600 et
1484 543 1768 601 Dominus
1797 562 1900 601 an-

242 629 530 703 gelorum.

312 736 565 793 CAPUT.
593 736 737 792 XIV.
766 770 828 779 —-
848 739 938 793 24.
968 745 1043 795 De
1072 742 1282 796 visione
1302 742 1362 795 in
1383 743 1641 797 columna
1664 742 1826 798 nubis
1842 748 1895 798 et

244 829 407 898 ignis.
433 828 573 883 Item
599 829 656 882 in
678 829 837 884 exitu
862 829 1113 886 filiorum
1138 831 1312 886 Israel
1345 833 1415 886 de
1445 832 1687 903 Egypto
1720 833 1900 903 scrip-

242 922 371 973 tum
400 923 527 973 est:
561 919 700 973 Deus
748 922 930 975 autem
974 921 1209 991 praeibat
1254 920 1404 987 illos,
1451 922 1541 977 die
1570 922 1791 993 quidem
1840 924 1902 978 in

239 1010 502 1063 columna
530 1010 709 1076 nubis,
741 1018 791 1064 et
820 1010 1135 1066 ostendebat
1168 1012 1283 1083 illis
1307 1014 1456 1067 viam
1479 1029 1500 1074 ;
1532 1023 1689 1068 nocte
1720 1021 1903 1068 autem

241 1099 302 1153 in
331 1098 594 1153 columna
620 1100 799 1168 ignis:
821 1109 872 1155 et
898 1116 1005 1155 non
1026 1101 1310 1171 deﬁciebat
1330 1103 1588 1157 columna
1608 1103 1769 1157 nubis
1789 1104 1900 1175 die,

239 1194 290 1243 et
318 1186 584 1244 columna
615 1190 762 1259 ignis
790 1197 948 1245 nocte
979 1196 1107 1247 ante
1134 1192 1397 1263 populum
1432 1192 1623 1261 (Exod.
1654 1208 1777 1261 xu,
1808 1193 1901 1247 21,

237 1278 351 1349 22).
388 1277 530 1343 Quis
561 1283 618 1333 et
660 1278 754 1333 hic
784 1279 1012 1335 dubitet
1048 1297 1150 1351 per
1201 1281 1525 1351 subjectam
1576 1286 1900 1336 creaturam

238 1368 627 1440 eamdemque
645 1384 1003 1440 corpoream,
1030 1387 1143 1425 non
1170 1387 1269 1442 per
1286 1388 1454 1425 suam
1479 1360 1899 1439 substantiam,

237 1458 422 1514 Deum
446 1458 630 1514 oculis
661 1459 1005 1530 apparuisse
1027 1460 1407 1516 mortalium?
1438 1462 1536 1516 sed
1571 1466 1767 1516 utrum
1799 1465 1902 1516 Pa-

237 1552 409 1611 trem,
443 1564 517 1602 an
546 1548 777 1615 Filium,
823 1565 897 1603 an
929 1549 1213 1620 Spiritum
1261 1554 1555 1615 sanctum,
1604 1567 1677 1605 an
1710 1550 1898 1621 ipsam

235 1636 583 1692 Trinitatem
618 1654 799 1691 unum
832 1642 1032 1704 Deum,
1059 1638 1331 1693 similiter
1354 1655 1466 1693 non
1500 1644 1763 1710 apparet.
1788 1644 1899 1694 Nec

234 1725 317 1781 ibi
337 1727 445 1781 hoc
462 1725 1172 1797 distinguitur,quantum
1197 1728 1485 1795 existimo,
1504 1729 1600 1782 ubi
1617 1727 1896 1798 scriptum

236 1820 356 1869 est:
392 1818 463 1869 Et
494 1818 744 1886 majestas
773 1817 996 1871 Domini
1023 1818 1305 1887 apparuit
1334 1819 1393 1871 in
1421 1817 1583 1881 nube,
1615 1826 1665 1871 et
1691 1817 1899 1871 locutus

236 1907 316 1959 est
344 1904 606 1959 Dominus
637 1904 706 1959 ad
755 1908 1003 1975 Moysen,
1037 1904 1229 1960 dicens
1253 1923 1271 1959 :
1322 1905 1597 1960 Exaudivi
1642 1922 1901 1960 murmur

234 1992 483 2063 ﬁliorum
512 1994 679 2049 Israel
698 1994 797 2065 (Id.
826 2010 942 2061 xv1,
980 1995 1191 2065 10-12),

304 2100 539 2156 CAPUT
570 2098 684 2156 XV.
708 2132 780 2142 —
806 2102 897 2157 25.
925 2105 1004 2155 De
1023 2102 1235 2156 visione
1258 2103 1319 2155 in
1350 2100 1505 2155 Sina.
1530 2100 1613 2156 An
1640 2101 1895 2171 Trinitas,

233 2206 306 2244 an
328 2190 519 2261 aliqua
535 2192 760 2261 proprie
773 2206 1009 2261 persona
1022 2192 1080 2244 in
1105 2206 1170 2245 ea
1186 2191 1400 2245 visione
1413 2192 1749 2261 loquebatur.
1764 2190 1895 2245 Jam

231 2293 366 2334 vero
388 2279 459 2333 de
480 2278 756 2345 nubibus,
789 2284 845 2334 et
875 2280 1139 2347 vocibus,
1168 2283 1225 2334 et
1260 2278 1613 2349 fulguribus,
1647 2284 1705 2333 et
1732 2279 1894 2334 tuba,

233 2373 291 2423 et
324 2369 483 2422 fumo
513 2368 571 2421 in
602 2372 799 2423 monte
829 2368 990 2434 Sina,
1015 2384 1149 2423 cum
1185 2368 1509 2423 diceretur:
1545 2367 1681 2423 Sina
1710 2377 1898 2423 autem

231 2472 390 2511 mons
417 2457 673 2527 fumabat
702 2465 864 2524 totus,
894 2466 1189 2528 propterea
1224 2456 1364 2529 quod
1384 2456 1737 2512 descendisset
1758 2459 1898 2511 Deus

232 2547 294 2601 in
311 2562 438 2601 eum
458 2547 517 2600 in
532 2547 676 2616 igne,
690 2550 743 2601 et
757 2546 1080 2601 ascendebat
1092 2549 1281 2618 fumus
1304 2550 1569 2617 tanquam
1586 2546 1773 2615 fumus
1788 2548 1897 2615 for-

231 2635 427 2701 nacis;
456 2643 507 2689 et
534 2644 717 2690 mente
744 2637 1011 2705 confusus
1032 2644 1109 2691 est
1139 2638 1317 2691 omnis
1343 2636 1576 2707 populus
1605 2636 1895 2690 vehemen-

230 2727 349 2792 ter;
371 2724 572 2795 ﬁebant
591 2729 776 2780 autem
794 2742 945 2781 voces
966 2726 1114 2782 tubae
1130 2725 1462 2797 prodeuntes
1482 2726 1697 2795 fortiter
1718 2725 1895 2779 valde:

233 2815 439 2885 Moyses
487 2814 835 2886 loquebatur,
868 2823 918 2870 et
957 2816 1095 2869 Deus
1143 2814 1506 2885 respondebat
1552 2815 1605 2869 ei
1637 2830 1760 2869 voce
1792 2814 1892 2885 (Id.

233 2921 355 2970 xxx,
379 2904 597 2975 18,19).
624 2904 691 2958 Et
714 2903 885 2975 paulo
901 2910 1031 2975 post
1052 2905 1188 2959 data
1216 2911 1356 2977 Lege
1376 2904 1435 2958 in
1458 2904 1659 2957 decem
1684 2920 1893 2975 praece-

233 2993 373 3065 ptis,
405 2997 826 3061 consequenter
847 2993 1089 3048 dicitur:
1116 2994 1181 3047 Et
1217 2994 1389 3047 omnis
1410 2993 1640 3064 populus
1671 2990 1895 3047 videbat

230 3098 403 3151 voces,
434 3087 489 3137 et
523 3081 835 3152 lampadas,
869 3091 919 3137 et
948 3097 1100 3138 voces
1132 3083 1299 3149 tubae,
1321 3086 1372 3137 et
1400 3076 1643 3137 montem
1668 3083 1891 3152 fuman-

232 3177 364 3229 tem.
390 3172 455 3227 Et
478 3172 651 3243 paulo
673 3176 839 3244 post:
862 3174 938 3227 Et
958 3172 1155 3239 stabat,
1179 3173 1391 3243 inquit,
1414 3174 1591 3226 omnis
1607 3171 1841 3242 populus
1861 3188 1895 3226 a

233 3264 392 3333 longe
402 3279 422 3323 ,ο
441 3263 642 3333 Moyses
663 3270 849 3317 autem
869 3264 1099 3317 intravit
1120 3264 1181 3317 in
1196 3261 1454 3316 nebulam
1474 3262 1572 3316 ubi
1586 3270 1709 3316 erat
1732 3262 1889 3326 Deus,

233 3362 288 3409 et
317 3352 460 3407 dixit
482 3352 742 3406 Dominus
773 3350 842 3405 ad
874 3354 1100 3422 Moysen
1135 3350 1232 3421 (Id.
1268 3368 1360 3417 xx,
1401 3351 1482 3415 18,
1514 3351 1601 3418 2i,
1633 3350 1747 3420 21),
1780 3355 1886 3405 etc.

233 3441 386 3508 Quid
422 3440 556 3496 hinc
586 3441 774 3495 dicam
804 3458 817 3507 ;
864 3440 975 3495 nisi
1007 3441 1161 3511 quod
1200 3456 1367 3495 nemo
1396 3444 1516 3494 tam
1550 3456 1750 3495 vecors
1780 3443 1888 3509 est,

231 3530 332 3602 qui
364 3530 562 3585 credat
594 3530 845 3594 fumum,
878 3530 1095 3600 ignem,
1121 3529 1326 3595 nubes,
1360 3533 1413 3583 et
1444 3527 1741 3595 nebulam,
1764 3530 1821 3584 et
1841 3526 1889 3583 si

231 3636 353 3692 qua
370 3618 685 3691 hujusmod
699 3622 732 3684 i,
756 3618 928 3673 Verbi
952 3623 1008 3674 et
1023 3618 1333 3689 Sapientiae
1349 3617 1445 3673 Dei
1461 3617 1613 3687 quod
1632 3622 1721 3671 est
1736 3617 1891 3671 Chri-

231 3715 386 3776 stus,
412 3708 500 3763 vel
531 3707 783 3779 Spiritus
805 3706 991 3762 sancti
1022 3724 1151 3762 esse
1182 3708 1573 3762 substantiam
1597 3706 1624 3760 ?
1653 3704 1797 3761 Nam
1820 3707 1891 3761 de

233 3797 402 3853 Patre
434 3798 570 3863 Deo,
596 3813 702 3851 nec
728 3796 925 3851 Ariani
948 3796 1056 3851 hoc
1078 3812 1339 3867 unquam
1366 3794 1493 3850 ausi
1515 3799 1655 3849 sunt
1676 3795 1887 3850 dicere.

231 3887 383 3959 Ergo
398 3891 666 3942 creatura
679 3886 961 3941 serviente
975 3884 1226 3940 Creatori
1246 3884 1397 3939 facta
1410 3902 1474 3938 ss
1487 3890 1549 3937 ut
1561 3883 1660 3937 illa
1673 3885 1888 3953 omnia,

231 3982 292 4032 et
310 3975 586 4030 humanis
608 3974 882 4030 sensibus
900 3990 1002 4046 pro
1023 3973 1459 4044 dispensatione
1478 3989 1731 4041 congrua
1755 3989 1893 4043 pras-

232 4070 491 4121 sentata:
519 4063 630 4117 nisi
654 4064 821 4128 forte,
847 4063 986 4135 quia
1002 4061 1222 4125 dictum
1241 4065 1349 4130 est,
1372 4062 1569 4133 Moyses
1593 4070 1776 4115 autem
1802 4064 1891 4116 in-

232 4155 403 4209 travit
417 4155 474 4207 in
490 4153 744 4207 nebulam
757 4153 855 4207 ubi
870 4152 1165 4211 eratDeus.
1181 4151 1287 4206 hoc
1300 4151 1682 4205 arbitrabitur
1698 4167 1897 4204 carna-

234 4242 315 4297 lis
340 4241 631 4313 cogitatio,
656 4257 690 4295 a
714 4240 926 4313 populo
949 4239 1186 4311 quidem
1211 4239 1482 4294 nebulam
1509 4238 1716 4303 visam,
1744 4238 1897 4292 intra

236 4329 517 4386 nebulam
550 4346 684 4384 vero
714 4333 945 4401 Moysen
969 4329 1153 4383 oculis
1174 4328 1400 4383 carneis
1433 4328 1647 4381 vidisse
1681 4326 1892 4382 Filium

238 4420 338 4476 Dei
357 4435 529 4490 quem
547 4418 863 4473 delirantes
878 4416 1126 4473 haeretici
1144 4417 1199 4471 in
1215 4433 1322 4471 sua
1336 4416 1665 4470 substantia
1680 4417 1801 4470 visu
1814 4418 1891 4470 m1

234 4507 460 4563 volunt.
495 4507 647 4562 Sane
676 4506 886 4562 viderit
915 4523 1048 4562 eum
1084 4506 1308 4578 Moyses
1339 4504 1524 4560 oculis
1558 4505 1807 4571 carneis,
1843 4505 1891 4560 si

237 4597 427 4655 oculis
455 4595 681 4652 carneis
704 4599 891 4665 potest
911 4594 1115 4659 videri,
1140 4610 1257 4649 non
1281 4594 1452 4649 modo
1474 4593 1772 4664 Sapientia
1793 4593 1893 4649 Dei

239 4686 397 4761 quod
419 4690 509 4741 est
527 4685 815 4749 Christus,
839 4685 938 4738 sed
963 4682 1046 4739 vel
1072 4684 1198 4753 ipsa
1218 4681 1529 4751 cujuslibet
1552 4680 1810 4736 hominis
1841 4686 1897 4737 et

238 4776 690 4848 qualiscumque
708 4773 990 4844 sapientis
1012 4788 1024 4826 :
1047 4777 1149 4825 aut
1165 4773 1302 4841 quia
1319 4770 1597 4842 scriptum
1614 4771 1784 4825 estde
1806 4787 1893 4825 se-

239 4865 506 4921 nioribus
539 4860 737 4927 Israel,
759 4860 898 4933 quia
926 4860 1175 4916 viderunt
1198 4861 1378 4917 locum
1397 4862 1493 4915 ubi
1521 4864 1737 4915 steterat
1757 4861 1897 4914 Deus

240 4954 432 5021 Israel,
461 4957 519 5009 et
546 4953 688 5025 quia
714 4952 814 5007 sub
841 4951 1069 5020 pedibus
1098 4952 1213 5022 ejus
1243 4954 1505 5021 tanquam
1535 4966 1667 5020 opus
1690 4949 1894 5020 lapidis

162 5044 173 5057 ’
238 5044 516 5115 sapphiri,
564 5046 617 5098 et
642 5045 916 5113 tanquam
963 5045 1214 5111 aspectus
1260 5040 1597 5109 ﬁrmamenti
1641 5038 1763 5093 caeli
1792 5037 1891 5110 (Id.

238 5150 396 5197 xxrv,
432 5134 539 5203 10),
574 5136 881 5202 propterea
910 5129 1265 5184 credendum
1302 5133 1390 5183 est
1420 5127 1673 5182 Verbum
1707 5131 1763 5181 et
1791 5127 1894 5181 Sa-

245 5220 522 5293 pientiam
548 5219 641 5274 Dei
662 5235 764 5290 per
778 5233 948 5272 suam
969 5216 1361 5272 substantiam
1378 5213 1435 5268 in
1452 5214 1642 5286 spatio
1656 5213 1764 5268 loci
1787 5219 1897 5269 ter-

242 5311 366 5368 reni
386 5308 640 5374 stetisse,
659 5324 782 5377 quis
802 5306 1088 5379 pertendit
1103 5322 1136 5360 a
1153 5304 1266 5359 fine
1287 5320 1471 5374 usque
1488 5304 1559 5359 ad
1582 5303 1755 5357 tinem
1782 5304 1893 5358 for-

242 5402 401 5470 titer,
434 5404 492 5454 et
537 5396 794 5469 disponit
841 5395 1041 5451 omnia
1069 5394 1325 5450 suaviter
1370 5393 1522 5464 (Sap.
1577 5407 1698 5461 VIII,
1735 5394 1807 5463 I);
1840 5397 1897 5446 et

243 5492 327 5547 ita
357 5504 488 5544 esse
517 5485 798 5542 mutabile
829 5484 1079 5539 Verbum
1113 5482 1236 5547 Dei,
1262 5499 1364 5553 per
1392 5481 1555 5553 quod
1583 5482 1731 5536 facta
1758 5485 1899 5536 sunt

243 5579 443 5636 omnia
466 5578 653 5646 (Joan.
679 5591 717 5639 ι,
740 5573 816 5644 3),
841 5576 906 5627 ut
933 5572 1107 5627 modo
1130 5587 1191 5628 se
1221 5571 1547 5635 contrahat,
1579 5570 1753 5625 modo
1775 5570 1893 5624 dis-

244 5669 447 5725 tendat
478 5662 749 5735 (mundet
789 5661 1075 5716 Dominus
1115 5676 1150 5714 a
1188 5659 1404 5716 talibus
1443 5657 1896 5730 cogitationibus

312 5770 327 5803 ι
362 5764 516 5816 Unus
547 5776 576 5812 θ
604 5758 872 5811 Vaticanis
900 5757 1046 5819 Msa,
1073 5756 1343 5812 visibilem.

1594 409 1832 472 LIBER
1872 411 2304 475 SECUNDUS.

3528 413 3646 474 862

2002 547 2177 602 corda
2197 546 2453 604 fidelium
2478 549 2771 621 suorum):
2797 549 2899 605 sed
2924 565 3023 620 per
3044 548 3389 619 subjectum,
3413 551 3477 601 ut
3498 562 3647 618 saepe

2004 636 2281 703 diximus,
2309 643 2630 693 creaturam
2664 639 3010 694 exhibentur
3032 638 3151 692 haec
3182 637 3377 692 omnia
3400 636 3649 691 visibilia

2004 731 2060 782 et
2081 726 2401 795 sensibilis,
2422 729 2491 781 ad
2517 728 2967 799 significandum
2994 727 3337 782 invisibilem
3364 733 3539 797 atque
3562 726 3648 781 in-

2002 815 2366 887 telligibilem
2390 821 2590 880 Deum,
2618 833 2730 871 non
2756 820 2942 871 solum
2970 817 3335 880 Patrem,sed
3360 822 3416 870 et
3442 814 3646 870 Filium

2003 909 2056 960 et
2107 905 2388 976 Spiritum
2439 911 2731 969 sanctum,
2772 922 2840 960 ex
2889 922 3004 977 quo
3058 906 3273 969 omnia,
3321 922 3422 976 per
3469 921 3645 976 quem

2004 994 2219 1059 omnia,
2254 994 2310 1048 in
2344 1011 2457 1065 quo
2508 994 2706 1049 omnia
2744 996 2916 1065 (Rom.
2949 1012 3027 1060 χι,
3059 995 3170 1062 36);
3204 994 3469 1064 quamvis
3500 993 3643 1047 invi-

2005 1082 2199 1138 sibilia
2230 1083 2350 1150 Dei,
2375 1101 2408 1139 a
2435 1089 2701 1139 creatura
2728 1084 2953 1155 mundi,
2976 1100 3074 1155 per
3094 1100 3160 1139 ea
3186 1100 3311 1155 qua:
3335 1084 3487 1137 facta
3508 1087 3649 1138 sunt

2005 1171 2296 1228 intellecta
2326 1174 2782 1245 conspiciantur,
2815 1174 3168 1245 sempiterna
3200 1189 3431 1244 quoque
3461 1172 3647 1226 virtus

2003 1262 2129 1333 ejus
2162 1278 2226 1316 ac
2257 1262 2529 1317 divinitas
2557 1262 2655 1333 (Id.
2694 1280 2730 1329 ι,
2763 1264 2875 1330 20).

2074 1369 2163 1422 26.
2189 1368 2297 1423 Sed
2323 1369 2474 1441 quod
2499 1370 2706 1424 attinet
2727 1370 2797 1424 ad
2822 1369 2878 1423 id
2902 1369 3055 1440 quod
3083 1385 3235 1422 nunc
3259 1367 3648 1439 suscepimus,

2003 1472 2109 1512 nec
2127 1457 2185 1511 in
2210 1462 2405 1513 monte
2418 1458 2729 1514 Sinavideo
2743 1459 3241 1529 quemadmodum
3264 1461 3540 1528 appareat
3554 1473 3654 1527 per

2002 1544 2103 1601 illa
2115 1546 2449 1618 omniaquae
2469 1548 2800 1601 mortalium
2816 1547 3089 1602 sensibus
3109 1547 3649 1601 terribiliterosten-

2001 1639 2309 1709 debentur,
2336 1643 2529 1693 utrum
2562 1638 2713 1693 Deus
2733 1638 3003 1701 Trinitas,
3030 1654 3101 1692 an
3132 1639 3322 1704 Pater,
3347 1654 3417 1690 an
3444 1636 3646 1702 Filius,

2001 1745 2073 1783 an
2088 1727 2339 1799 Spiritus
2352 1733 2590 1783 sanctus
2613 1727 2940 1798 proprieloq
2950 1727 3211 1781 uehatur.
3230 1729 3646 1780 Verumtamen

2001 1816 2205 1889 siquid
2226 1817 2361 1871 hinc
2382 1817 2507 1871 sine
2525 1815 2853 1871 affirmandi
2869 1816 3190 1870 temeritate
3204 1814 3461 1869 modeste
3475 1819 3647 1885 atque

2000 1922 2067 1961 cu
2079 1912 2340 1961 nclanter
2355 1907 2680 1976 conjectare
2700 1905 3059 1974 conceditur,
3074 1904 3122 1958 si
3146 1920 3261 1958 una
3282 1920 3349 1958 ex
3364 1903 3647 1957 Trinitate

1999 2011 2250 2066 persona
2280 2000 2470 2067 potest
2504 1994 2770 2066 intelligi,
2797 2010 2899 2048 cur
2929 2010 3043 2047 non
3071 1993 3350 2063 Spiritum
3378 1997 3645 2046 sanctum

2000 2084 2194 2156 potius
2222 2083 2625 2155 intelligimus,
2660 2084 2893 2154 quando
2925 2088 2982 2138 et
3011 2081 3228 2137 tabulis
3260 2081 3505 2152 lapideis
3537 2081 3651 2135 Lex

1998 2174 2126 2245 ipsa
2148 2190 2272 2243 quae
2296 2172 2375 2226 ibi
2392 2173 2645 2238 dataest,
2670 2172 2849 2243 digito
2872 2172 2965 2226 Dei
2985 2171 3199 2242 scripta
3220 2171 3435 2225 dicitur
3452 2170 3643 2241 (Exod.

1997 2280 2149 2331 xxxx,
2177 2262 2281 2332 18),
2303 2278 2417 2333 quo
2451 2262 2686 2316 nomine
2708 2262 2990 2332 Spiritum
3016 2266 3282 2315 sanctum
3306 2259 3366 2314 in
3388 2260 3646 2331 Evange-

1998 2351 2095 2417 lio,
2129 2351 2448 2424 significari
2498 2350 2768 2405 novimus
2797 2352 2946 2415 (Luc,
2986 2366 3065 2414 χι,
3097 2349 3211 2420 20).
3265 2350 3331 2403 Et
3361 2349 3650 2419 quinqua-

1997 2440 2159 2512 ginta
2184 2441 2309 2495 dies
2341 2443 2727 2495 numerantur
2749 2439 2820 2494 ab
2852 2438 3141 2494 occisione
3163 2437 3292 2509 agni
3317 2442 3373 2492 et
3394 2438 3649 2492 celebra-

1998 2529 2155 2585 tione
2197 2529 2451 2596 Paschaa,
2486 2545 2672 2600 usque
2703 2528 2773 2583 ad
2821 2527 2975 2582 diem
3010 2543 3124 2598 quo
3156 2526 3277 2581 haec
3311 2525 3435 2580 fieri
3467 2530 3654 2594 empta

1998 2625 2138 2674 sunt
2158 2619 2217 2673 in
2241 2624 2437 2673 monte
2455 2618 2625 2685 Sina;
2651 2618 2802 2672 sicut
2821 2623 2947 2687 post
2966 2616 3193 2671 Domini
3220 2615 3549 2687 passionem
3575 2616 3647 2669 ab

1996 2708 2121 2777 ejus
2146 2707 2564 2762 resurrectione
2581 2705 3006 2777 quinquaginta
3024 2705 3148 2759 dies
3169 2708 3515 2759 uumerantu
3527 2721 3571 2768 r,
3592 2707 3649 2757 et

1995 2797 2152 2851 venit
2182 2795 2508 2868 promissus
2540 2812 2573 2849 a
2608 2794 2744 2849 Filio
2777 2794 2875 2849 Dei
2909 2794 3162 2865 Spiritus
3193 2798 3452 2847 sanctus.
3487 2792 3556 2845 Et
3588 2793 3645 2846 in

1994 2886 2121 2957 ipso
2144 2886 2271 2955 ejus
2294 2886 2566 2952 adventu,
2592 2900 2764 2955 quem
2788 2882 2845 2936 in
2868 2881 3277 2955 Apostolorum
3301 2881 3543 2935 Actibus
3564 2880 3641 2935 le-

1994 2974 2210 3046 gimus,
2237 2972 2691 3044 perdivisionem
2710 2971 3219 3044 linguarumignis
3235 2968 3644 3041 apparuit,qui

1992 3068 2049 3118 et
2076 3063 2289 3117 insedit
2311 3078 2488 3133 super
2509 3077 2985 3131 unumquemque
3006 3076 3206 3114 eorum
3233 3059 3373 3129 (Act.
3399 3076 3456 3123 ιι,
3484 3059 3638 3128 1ο4);

1993 3152 2148 3223 quod
2172 3151 2360 3205 Exodo
2383 3150 2670 3221 congruit,
2712 3148 2809 3203 ubi
2834 3148 3117 3219 scriptum
3148 3152 3256 3215 est,
3288 3148 3423 3203 Sina
3454 3155 3639 3201 autem

1991 3257 2148 3295 mons
2174 3241 2424 3309 fumabat
2450 3242 2609 3307 totus,
2639 3246 2925 3309 propterea
2952 3238 3093 3309 quod
3122 3236 3391 3292 descendit
3431 3238 3487 3291 in
3518 3253 3643 3291 eum

1992 3331 2133 3386 Deus
2159 3332 2219 3383 in
2240 3329 2365 3396 igne
2379 3345 2399 3389 ,'
2422 3333 2479 3383 et
2505 3327 2802 3398 aliquanto
2827 3334 2977 3397 post,
3001 3328 3274 3397 Aspectus.
3299 3325 3510 3396 inquit,
3534 3342 3645 3380 ma-

1981 3420 2200 3490 jestatis
2240 3419 2461 3473 Domini
2487 3422 2749 3489 tanquam
2791 3418 2935 3485 ignis
2963 3415 3162 3470 ardens
3197 3431 3361 3485 super
3387 3416 3644 3469 verticem

1992 3509 2194 3563 montis
2218 3523 2402 3562 coram
2431 3508 2566 3577 ﬁliis
2595 3506 2784 3560 Israel.
2814 3509 2931 3559 Aut
2952 3505 3000 3559 si
3022 3504 3141 3558 haec
3163 3504 3291 3558 ideo
3316 3505 3465 3557 facta
3483 3507 3641 3571 sunt,

1992 3597 2129 3667 quia
2162 3612 2265 3651 nec
2291 3596 2476 3665 Pater,
2512 3611 2613 3649 nec
2648 3593 2828 3649 Filius
2861 3593 2977 3647 illic
3007 3609 3073 3648 eo
3106 3594 3275 3646 modo
3308 3590 3640 3663 praesentari

1992 3690 2261 3758 poterant
2281 3685 2403 3740 sine
2424 3683 2641 3753 Spiritu
2658 3688 2878 3749 sancto,
2900 3681 3213 3753 quoipsam
3236 3682 3441 3751 Legem
3466 3680 3641 3735 scribi

1992 3774 2324 3847 oportebat:
2346 3773 2528 3827 Deum
2550 3772 2807 3843 quidem,
2824 3787 2937 3824 non
2954 3770 3456 3841 persubstantiam
3474 3784 3641 3823 suam

1980 3857 2119 3935 'quaa
2162 3860 2470 3917 invisibilis
2508 3866 2564 3916 et
2594 3858 3095 3914 incommutabilis
3136 3863 3353 3923 manet,
3396 3858 3496 3912 sed
3546 3874 3646 3928 per

1994 3952 2154 4009 illam
2171 3951 2423 4023 speciem
2437 3953 2629 4004 creatu
2641 3966 2711 4003 rae
2728 3947 2844 4003 illic
2859 3948 3200 4020 apparuisse
3215 3947 3644 4019 cognoscimus;

1994 4042 2092 4098 sed
2125 4041 2382 4112 aliquam
2417 4056 2484 4093 ex
2515 4037 2797 4093 Trinitate
2841 4054 3148 4109 personam
3190 4036 3358 4108 signo
3392 4036 3645 4107 quodam

1994 4129 2251 4204 proprio,
2285 4135 2569 4199 quantum
2603 4127 2675 4181 ad
2708 4126 2820 4182 mei
2852 4142 3061 4182 sensus
3093 4126 3473 4198 capacitatem
3513 4141 3643 4197 per-

1995 4222 2165 4284 tinet,
2200 4236 2312 4273 non
2347 4217 2636 4273 videmus.

2067 4326 2293 4382 CAPUT
2326 4325 2465 4380 XVI.
2499 4356 2567 4364 —
2587 4325 2677 4379 27.
2710 4324 2914 4395 Moyses
2943 4322 3207 4394 quomodo
3230 4322 3424 4377 viderit
3454 4327 3642 4377 Deum.

1996 4417 2100 4471 Est
2116 4416 2289 4470 etiam
2316 4431 2432 4485 quo
2456 4413 2669 4468 moveri
2696 4412 2956 4484 plerique
2979 4412 3187 4477 solent,
3209 4412 3343 4479 quia
3365 4413 3645 4482 scriptum

1995 4509 2102 4575 est,
2131 4505 2195 4559 Et
2226 4504 2436 4557 locutus
2464 4505 2540 4557 est
2562 4503 2831 4557 Dominus
2851 4500 2923 4555 ad
2947 4502 3159 4572 Moysen
3180 4503 3321 4571 facie
3341 4501 3410 4555 ad
3430 4503 3651 4572 faciem,
3685 4488 3689 4501 ’

1994 4594 2137 4649 sicut
2168 4595 2290 4663 quis
2322 4592 2570 4662 loquitur
2596 4591 2665 4645 ad
2686 4592 2927 4644 amicum
2948 4607 3107 4644 suum
3128 4611 3147 4645 .-
3172 4607 3303 4645 cum
3330 4589 3500 4661 paulo
3528 4596 3655 4662 post

1997 4684 2152 4738 dicat
2173 4683 2324 4735 idem
2351 4681 2599 4751 Moyses,
2624 4679 2683 4733 Si
2701 4696 2825 4749 ergo
2845 4682 3032 4735 inveni
3050 4681 3295 4751 gratiam
3315 4688 3442 4733 ante
3464 4689 3535 4745 te,
3558 4696 3647 4733 os-

1996 4771 2152 4828 tende
2184 4770 2321 4825 mihi
2351 4771 2698 4837 temetipsum
2718 4771 3026 4839 manifeste,
3053 4772 3112 4823 ut
3136 4770 3345 4825 videam
3377 4778 3451 4829 te;
3469 4777 3525 4822 ut
3545 4768 3647 4823 sim

1995 4862 2277 4918 inveniens
2294 4860 2531 4929 gratiam
2545 4862 2678 4912 ante
2694 4860 2764 4928 te,
2783 4861 2833 4913 et
2854 4860 2911 4912 ut
2926 4860 3103 4913 sciam
3122 4860 3254 4929 quia
3270 4858 3503 4925 populus
3521 4866 3647 4911 tuus

1994 4959 2072 5007 est
2093 4964 2218 5019 gens
2236 4948 2382 5003 haec:
2400 4952 2455 5002 et
2476 4946 2648 5019 paulo
2666 4953 2796 5018 post
2813 4946 3022 5002 iterum
3043 4948 3187 5001 dixit
3206 4950 3429 5018 Moyses
3451 4946 3520 4999 ad
3541 4946 3645 5001 Do-

1998 5039 2244 5104 minum,
2271 5037 2494 5093 Ostende
2514 5036 2657 5091 mihi
2674 5037 3009 5108 majestatem
3034 5046 3208 5091 tuam.
3229 5035 3372 5100 Quid
3398 5039 3487 5089 est
3516 5033 3643 5100 hoc,

1996 5128 2150 5200 quod
2189 5128 2244 5180 in
2268 5126 2542 5181 omnibus
2565 5142 2692 5197 qua!
2716 5142 2894 5197 supra
2916 5125 3149 5189 ﬁebant,
3176 5126 3319 5178 Deus
3343 5123 3521 5177 videri
3547 5141 3647 5195 per

1997 5233 2164 5272 suam
2182 5214 2571 5271 substantiam
2589 5216 2961 5286 putabatur,u
2973 5213 3082 5267 nde
3095 5230 3126 5265 ιι
3141 5212 3374 5267 miseris
3389 5212 3647 5267 creditus

1996 5311 2224 5369 est,non
2242 5320 2341 5376 per
2353 5303 2807 5368 creaturam,sed
2826 5317 2924 5372 per
2937 5299 3198 5371 seipsum
3212 5300 3458 5356 visibilis
3470 5301 3566 5355 Fili
3581 5319 3645 5355 us

1998 5394 2117 5461 Dei;
2142 5400 2201 5448 et
2222 5393 2376 5464 quod
2395 5392 2702 5445 intraverat
2724 5390 2781 5444 in
2798 5387 3070 5444 nebulam
3087 5390 3331 5461 Moyses,
3346 5390 3418 5445 ad
3433 5390 3607 5446 hocin
3620 5422 3642 5430 -

1996 5489 2184 5538 trasse
2206 5482 2606 5539 videbatur.ut
2626 5477 2810 5533 oculis
2835 5477 3073 5548 quidem
3098 5478 3643 5549 populiostendere-

1998 5577 2096 5627 tur
2126 5570 2311 5641 caligo
2345 5566 2644 5631 nebulosa,
2669 5565 2765 5620 ille
2795 5572 2990 5620 autem
3015 5566 3173 5621 intus
3198 5570 3372 5623 verba
3398 5570 3490 5624 Dei
3517 5575 3644 5623 tan-

2000 5677 2175 5733 quam
2197 5662 2326 5728 ejus
2352 5655 2554 5712 faciem
2579 5654 3014 5727 contemplatus
3032 5656 3260 5713 audiret
3278 5662 3333 5713 et
3354 5661 3645 5730 quomodo

1998 5751 2223 5810 dictum
2254 5751 2362 5816 est,
2395 5750 2629 5802 Locutus
2656 5752 2737 5801 est
2768 5747 3043 5803 Dominus
3067 5746 3137 5804 ad
3168 5747 3379 5821 Moysen
3409 5750 3551 5819 facie
3578 5748 3648 5805 ad
