4040 6484
385 390 502 452 863

387 526 608 596 faciem,
639 526 776 580 sicut
811 527 932 596 quis
964 527 1209 598 loquitur
1233 528 1308 583 ad
1335 529 1574 584 amicum
1591 545 1791 584 suum:
1821 533 1878 584 et
1908 545 2039 585 ecce

393 613 540 668 idem
575 615 735 684 dicit,
777 615 838 669 Si
870 618 1053 670 inveni
1079 620 1327 687 gratiam
1375 621 1503 673 ante
1531 623 1601 684 te,
1651 618 1870 674 Ostende
1898 618 2043 674 mihi

393 706 736 774 temetipsum
757 705 1045 775 manifeste
1065 709 1089 758 .9
1117 705 1362 762 Noverat
1385 709 1580 777 utique
1603 709 1753 778 quod
1780 724 2043 778 corpora-

390 791 522 846 liter
553 793 800 857 vi‘lebat,
849 800 903 848 et
933 811 1127 849 veram
1175 795 1457 851 visionem
1510 797 1606 851 Dei
1659 796 2045 867 spiritualiter

397 882 744 950 requirebat.
763 883 1001 938 Locutio
1025 883 1348 955 quippeilla
1373 885 1756 956 quaaliebatin
1781 886 2040 950 vocibus,

394 969 478 1024 sic
503 971 965 1038 modiiicabalur,
992 978 1270 1042 tanquam
1297 980 1449 1029 esset
1469 973 1638 1028 amici
1660 973 1948 1044 loquentis
1972 974 2043 1028 ad

397 1058 673 1114 amicum.
697 1060 807 1114 Sed
833 1060 1012 1115 Deum
1041 1062 1264 1116 Patrem
1289 1062 1420 1132 quis
1442 1063 1734 1132 corporeis
1754 1061 1937 1117 oculis
1959 1061 2044 1115 vi-

395 1148 539 1203 det?
570 1149 638 1203 Et
669 1151 821 1218 quod
855 1150 913 1203 in
949 1151 1230 1221 principio
1253 1157 1378 1206 erat
1401 1151 1677 1214 Verbum,
1702 1157 1760 1205 et
1789 1151 2044 1206 Verbum

391 1243 515 1293 erat
530 1237 682 1308 apud
709 1238 911 1306 Deum,
931 1244 984 1292 et
999 1239 1151 1294 Deus
1169 1245 1292 1294 erat
1314 1239 1582 1306 Verbum,
1601 1255 1702 1310 per
1717 1240 1867 1310 quod
1895 1238 2049 1294 facta

393 1331 532 1382 sunt
549 1326 749 1381 omnia
772 1329 953 1395 (Joan.
976 1345 1014 1396 ι,
1038 1328 1088 1397 1,
1108 1328 1184 1398 3),
1206 1327 1339 1399 quis
1356 1327 1645 1398 corporeis
1664 1327 1849 1383 oculis
1868 1327 2050 1382 videt?

394 1415 465 1469 Et
496 1414 774 1486 Spiritum
813 1415 1109 1486 sapientiae
1146 1417 1279 1487 quis
1309 1417 1605 1488 corporeis
1637 1415 1821 1471 oculis
1852 1414 2050 1470 videt?

396 1503 541 1567 Quid
575 1510 662 1558 est
695 1509 911 1568 autem,
935 1504 1164 1559 Ostende
1193 1504 1336 1559 mihi
1369 1507 1710 1576 temetipsum
1741 1505 2050 1574 manifeste,

396 1597 454 1646 ut
487 1593 699 1646 videam
722 1597 806 1652 te;
832 1593 965 1655 nisi,
994 1594 1234 1648 ostende
1258 1593 1397 1647 mihi
1425 1592 1818 1648 substantiam
1843 1598 2002 1646 tuam
2023 1590 2052 1644 ‘l

403 1679 516 1735 Hoc
539 1687 731 1735 autem
752 1681 800 1734 si
825 1698 938 1736 non
963 1681 1208 1737 dixisset
1226 1683 1470 1754 Moyses,
1491 1687 1808 1753 utcumque
1832 1679 2049 1754 ferendi

399 1774 595 1825 essent
627 1769 816 1829 stulti.
849 1770 951 1840 qui
985 1775 1196 1841 putant
1228 1750 1338 1842 perv
1357 1787 1424 1824 ea
1445 1750 1572 1840 quae
1595 1750 1773 1841 supra
1793 1769 1945 1823 dicta
1967 1750 2052 1822 ve1

397 1863 561 1930 gesta
594 1865 750 1923 sunt,
776 1859 1167 1914 substantiam
1194 1860 1291 1915 Dei
1315 1859 1503 1915 oculis
1536 1861 1664 1931 ejus
1689 1859 1868 1914 fuisse
1893 1855 2055 1913 cons'

397 1949 662 2019 picuam:
699 1965 830 2003 cum
883 1967 1013 2006 vero
1045 1951 1140 2006 hic
1179 1952 1549 2023 apertissime
1601 1951 2052 2020 demonstretur,

405 2055 508 2092 nec
541 2039 885 2093 desideranti
920 2039 1026 2094 hoc
1054 2040 1234 2096 fuisse
1265 2057 1609 2096 concessum
1635 2059 1648 2108 ;
1679 2039 1811 2112 quis
1844 2040 2057 2094 audeat

405 2127 595 2182 dicere
626 2143 728 2197 per
754 2127 975 2182 similes
1010 2129 1244 2194 formas,
1279 2146 1404 2200 quae
1439 2129 1574 2184 huic
1606 2145 1836 2200 quoque
1859 2127 2054 2182 visibi-

408 2215 538 2271 liter
568 2221 980 2286 apparuerant,
1022 2234 1134 2273 non
1169 2224 1492 2273 creaturam
1529 2223 1640 2273 Deo
1680 2218 2054 2283 servientem,

407 2306 506 2360 sed
544 2305 650 2360 hoc
699 2305 887 2374 ipsum
933 2307 1084 2378 quod
1134 2307 1288 2363 Deus
1337 2313 1426 2363 est
1476 2309 1820 2378 cujusquam
1871 2305 2055 2362 oculis

406 2395 749 2465 apparuisse
781 2395 1116 2451 mortalium
1136 2396 1164 2450 ‘l

475 2502 565 2554 28.
602 2501 671 2555 Et
703 2501 758 2555 id
793 2501 1028 2572 quidem
1071 2503 1222 2572 quod
1257 2507 1458 2574 postea
1498 2501 1782 2558 Dominus
1813 2499 1954 2556 dicit
1984 2500 2056 2555 ad

410 2588 669 2660 Moysen,
711 2605 820 2646 non
850 2593 1049 2661 poteris
1079 2591 1260 2646 videre
1303 2594 1503 2661 faciem
1531 2607 1730 2655 meam,
1763 2598 1812 2645 et
1841 2593 2020 2646 vivere
2039 2607 2059 2646 :

411 2693 519 2732 non
552 2680 699 2732 enim
732 2680 933 2734 videbit
964 2681 1118 2736 homo
1146 2683 1345 2751 faciem
1385 2697 1563 2736 meam
1591 2688 1641 2735 et
1669 2679 1826 2734 vivet.
1881 2681 1946 2735 Et
1981 2680 2061 2734 ait

409 2767 705 2822 Dominus:
731 2770 858 2823 Ecce
890 2770 1035 2823 locus
1063 2785 1226 2839 penes
1254 2786 1340 2824 me
1368 2773 1464 2833 est,
1494 2774 1547 2824 et
1574 2769 1742 2824 stabis
1770 2785 1934 2839 super
1958 2784 2058 2838 pe-

413 2860 577 2925 tram,
601 2859 791 2911 statim
821 2867 880 2912 ut
907 2861 1140 2912 transiet
1158 2877 1277 2912 mea
1307 2859 1584 2929 majestas,
1616 2867 1667 2912 et
1695 2872 1895 2929 ponam
1925 2860 1975 2911 te
2000 2859 2062 2911 in

409 2945 667 3016 specula1
709 2951 921 3016 petrae;
953 2955 1002 3001 et
1032 2959 1206 3018 tegam
1247 2965 1415 3003 manu
1446 2963 1564 3002 mea
1599 2963 1766 3018 super
1794 2955 1863 3012 te,
1897 2946 2063 3001 donec

409 3041 708 3097 transeam,
739 3043 791 3090 et
830 3038 1084 3106 auferam
1124 3053 1352 3091 manum
1384 3053 1580 3102 meam,
1613 3045 1665 3090 et
1698 3039 1826 3090 tunc
1854 3035 2062 3090 videbis

404 3125 706 3193 posteriora
753 3140 905 3185 mea;
937 3142 1064 3180 nam
1109 3128 1278 3196 facies
1324 3143 1449 3180 mea
1494 3141 1602 3180 non
1641 3124 1928 3196 apparebit
1957 3123 2064 3177 tibi

407 3212 601 3282 (Exod.
633 3229 834 3282 χχχιιι,
871 3215 1077 3285 11-23.)

478 3319 713 3376 CAPUT
747 3319 908 3376 XVII.
941 3353 1009 3361 —-
1037 3324 1344 3377 Posteriora
1367 3323 1462 3376 Dei
1491 3321 1757 3393 quomodo
1783 3322 1924 3376 visa.
1961 3320 2059 3374 Re-

413 3411 772 3463 surrectionis
797 3409 1005 3465 Christi
1023 3411 1171 3480 ﬁdes.
1198 3411 1471 3466 Catholica
1495 3412 1729 3466 Ecclesia
1749 3411 1868 3464 sola
1888 3411 1963 3465 est
1984 3409 2062 3463 lo-

411 3514 505 3552 cus
536 3498 679 3553 unde
731 3499 979 3554 videntur
1025 3505 1325 3570 posteriora
1355 3502 1469 3556 Dei.
1514 3501 1826 3555 Posteriora
1856 3499 1951 3553 Dei
1996 3497 2064 3552 ab

413 3588 581 3641 lsrael
589 3589 682 3642 itis
702 3589 837 3643 visa.
865 3594 1041 3644 Deum
1065 3596 1281 3644 Patrem
1300 3594 1476 3645 solum
1496 3605 1782 3660 nunquam
1804 3587 2065 3643 Patribus

416 3679 591 3730 visum
606 3680 925 3732 existimare
937 3682 1233 3734 temeraria
1245 3681 1427 3750 opinio
1439 3679 1666 3734 est.Non
1683 3679 2067 3748 incongruen-

408 3770 496 3820 ter
518 3782 583 3818 cx
611 3783 856 3835 persona
877 3767 1104 3822 Domini
1134 3770 1313 3823 nostri
1332 3769 1470 3823 Jesu
1494 3767 1707 3822 Christi
1733 3768 2065 3837 prazligura—

410 3857 536 3909 tum
555 3855 701 3910 solet
723 3856 987 3920 intelligi,
1007 3863 1070 3911 ut
1093 3859 1412 3928 posteriora
1425 3859 1551 3926 ejus
1565 3856 2068 3927 accipianturcaro

411 3941 567 4010 ejus,
592 3941 648 3994 in
675 3959 790 4012 qua
810 3943 880 3996 de
903 3943 1140 4013 Virgine
1172 3952 1344 3999 natus
1367 3948 1475 4009 est,
1501 3949 1557 3997 et
1580 3949 1865 4012 mortuus,
1891 3947 1946 3995 et
1976 3959 2068 3996 re-

413 4030 698 4095 surrexit;
727 4032 844 4086 sive
877 4040 1112 4104 pr0pter
1134 4033 1619 4104 posterioritatem
1641 4032 1662 4066 ²
1695 4031 2070 4086 mortalitatis

419 4119 747 4190 posteriora
777 4121 930 4175 dicta
969 4121 1110 4187 sint,
1152 4121 1270 4176 sive
1299 4121 1451 4191 quod
1493 4137 1619 4175 eam
1655 4136 1831 4192 prope
1869 4120 1925 4174 in
1960 4120 2074 4174 line

417 4209 641 4274 saculi,
677 4209 783 4264 hoc
822 4216 930 4277 est,
973 4213 1262 4282 posterius
1300 4211 1596 4281 suscipere
1638 4209 1914 4280 dignatus
1946 4213 2067 4262 est:

415 4301 599 4356 facies
622 4306 813 4354 autem
831 4301 958 4368 ejus
980 4298 1078 4352 illa
1099 4298 1196 4354 Dei
1222 4299 1427 4364 forma,
1451 4299 1507 4352 in
1532 4314 1648 4368 qua
1670 4315 1782 4352 non
1807 4297 2071 4368 rapinam

419 4391 734 4444 arbitratus
763 4395 849 4443 est
871 4404 998 4442 esse
1019 4387 1262 4458 aequalis
1291 4392 1404 4442 Deo
1429 4387 1579 4442 Patri
1609 4387 1880 4458 (Philipp.
1905 4403 1966 4449 ιι,
1993 4387 2071 4455 6),

417 4495 594 4546 quam
621 4495 790 4532 nemo
815 4477 1016 4547 utique
1039 4484 1227 4548 potest
1249 4477 1441 4532 videre
1464 4484 1520 4532 et
1541 4478 1760 4540 vivere;
1795 4475 1914 4531 sive
1933 4475 2074 4546 quia

420 4573 552 4636 post
582 4567 731 4620 hanc
754 4567 953 4631 vitam,
976 4565 1034 4619 in
1067 4583 1184 4637 qua
1206 4567 1699 4637 peregrinamura
1730 4564 1974 4620 Domino
2001 4565 2072 4635 (ΙΙ

427 4655 546 4709 Cor.
574 4673 625 4720 v,
649 4655 724 4726 6),
758 4661 814 4708 et
845 4656 942 4709 ubi
964 4672 1174 4725 corpus
1195 4656 1348 4726 quod
1381 4655 1779 4726 corrumpitur
1799 4658 2076 4725 aggravat

423 4748 682 4803 animam
716 4748 866 4818 (Sap.
921 4765 994 4811 1x,
1050 4748 1157 4816 15),
1190 4747 1518 4802 videbimus
1562 4747 1705 4815 facie
1752 4745 1822 4799 ad
1849 4748 2072 4816 faciem,

425 4839 579 4892 sicut
603 4840 740 4893 dicit
762 4839 1132 4910 Apostolus(l
1157 4843 1278 4894 (.‘or.
1301 4855 1422 4907 xm,
1442 4838 1634 4906 l2)(de
1655 4836 1762 4890 hac
1781 4837 1933 4890 enim
1959 4836 2076 4890 vita

425 4929 480 4982 in
498 4929 744 4984 Psalmis
761 4930 1383 4994 dicitur,l'erumtamen
1401 4929 1658 4982 universa
1672 4927 1883 4980 vanitas
1894 4928 2075 4980 omnis

423 5018 579 5075 homo
608 5021 790 5074 vivens
835 5019 1004 5089 [Psal.
1038 5035 1275 5081 xxxvm,
1305 5018 1384 5086 6];
1414 5021 1471 5071 et
1520 5017 1754 5079 iterum,
1807 5016 2076 5083 Quoniam

419 5126 533 5163 non
540 5110 568 5179 j
575 5110 946 5178 usti/ic‘abitur
961 5124 1143 5163 coram
1163 5116 1216 5161 te
1236 5108 1418 5160 omnis
1439 5103 1808 5174 vivenslPsal.
1825 5105 2073 5175 cxui,2].

421 5197 483 5252 In
504 5215 618 5268 qua
632 5199 744 5252 vita
767 5199 960 5267 etiam,
977 5197 1300 5252 secundum
1326 5195 1892 5260 Joannem,nondum
1913 5211 2076 5264 appa-

421 5291 534 5341 ruit
556 5287 685 5358 quid
707 5290 934 5342 erimus.
961 5288 1172 5342 Scimus
1193 5294 1396 5349 autem,
1429 5283 1642 5355 inquit,
1667 5285 1797 5355 quia
1826 5300 1949 5337 cum
1977 5299 2075 5352 ap-

422 5377 689 5446 paruerit,
722 5377 931 5429 simites
959 5376 1010 5428 ei
1046 5376 1257 5427 erimus
1278 5390 1299 5435 ;
1329 5373 1589 5442 quoniam
1619 5373 1920 5428 videbimus
1950 5387 2077 5424 eum

427 5467 594 5520 sicuti
614 5469 692 5518 est
713 5467 751 5534 [Ι
777 5465 932 5519 Joan.
959 5480 1042 5531 ιιι,
1064 5463 1141 5532 2];
1168 5463 1321 5532 quod
1355 5462 1558 5532 utique
1580 5466 1710 5532 post
1730 5460 1880 5514 hanc
1903 5459 2076 5513 vitam

492 5627 507 5659 ι
544 5624 677 5672 Editi
709 5623 810 5671 hoc
839 5624 974 5680 loco,
1008 5623 1059 5669 in
1087 5620 1344 5682 spelunca.
1377 5620 1478 5669 Sed
1511 5619 1627 5668 aliis
1657 5617 1878 5666 inferius
1927 5615 2076 5679 locis,

425 5687 562 5736 sicut
596 5685 790 5748 ubique
823 5690 1032 5734 veteres
1063 5685 1299 5746 plerique
1329 5684 1556 5742 codices,
1587 5684 1642 5729 in
1668 5683 1887 5740 specula.

488 5753 510 5785 ³
537 5748 778 5812 Plerique
804 5750 948 5809 Met,
978 5751 1398 5812 postremitatem.

1501 396 1602 456 DE
1645 397 2099 473 TRINITATE,
2147 398 2214 461 S.
2257 396 2684 461 AUGUSTINI

3676 393 3798 454 864

2144 529 2390 601 intelligi
2419 528 2616 594 voluit,
2642 545 2772 584 cum
2809 527 3016 583 mortis
3047 526 3308 583 debitum
3341 524 3712 590 solverimus,
3744 531 3806 585 et

2144 619 2589 675 resurrectionis
2621 634 2979 691 promissum
3013 616 3457 688 receperimus);
3491 615 3611 671 sive
3642 614 3806 685 quod

2144 709 2318 764 etiam
2371 725 2525 764 nunc
2556 709 2613 762 in
2645 714 2932 779 quantum
2964 707 3065 762 Dei
3102 705 3456 778 Sapientiam
3491 721 3594 777 per
3622 720 3804 776 quam

2145 798 2296 853 facta
2327 803 2465 852 sunt
2485 796 2703 859 omnia,
2735 795 3122 868 spiritualiter
3147 794 3552 865 intelligimus,
3588 793 3648 848 in
3671 798 3804 848 tan-

2147 891 2272 942 tum
2296 885 2627 941 carnalibus
2650 886 2953 942 affectibus
2975 886 3277 948 morimur,
3294 890 3359 938 ut
3381 889 3678 939 mortuum
3707 899 3808 937 no-

2147 975 2238 1030 bis
2261 975 2414 1029 hunc
2439 977 2724 1030 mundum
2748 977 3118 1046 deputantes,
3143 990 3248 1029 nos
3272 989 3504 1044 quoque
3525 972 3639 1044 ipsi
3666 972 3806 1026 huic

2149 1065 2370 1120 mundo
2404 1065 2744 1129 moriamur,
2775 1069 2830 1118 et
2861 1065 3127 1119 dicamus
3165 1064 3319 1134 quod
3354 1063 3436 1117 ait
3465 1060 3808 1132 Apostolus,

2149 1161 2379 1217 Mundus
2407 1163 2551 1217 mihi
2577 1161 2876 1230 cruciﬁxus
2904 1169 3002 1226 est,
3033 1164 3086 1216 et
3113 1175 3210 1231 ego
3239 1160 3454 1215 mundo
3488 1157 3692 1231 (Galat.
3728 1175 3809 1222 v1,

2151 1252 2260 1322 14).
2296 1251 2374 1306 De
2405 1251 2511 1306 hac
2539 1251 2695 1306 enim
2718 1255 2903 1306 morte
2933 1249 3073 1305 item
3095 1249 3261 1316 dixit,
3295 1249 3354 1304 Si
3381 1251 3568 1304 autem
3595 1249 3815 1302 mortui

2151 1341 2278 1395 estis
2307 1356 2433 1394 cum
2485 1339 2716 1403 Christo,
2750 1339 2883 1410 quid
2923 1338 3101 1394 adhuc
3141 1337 3296 1394 velut
3339 1338 3577 1393 viventes
3614 1337 3684 1392 de
3709 1336 3814 1391 hoc

2151 1429 2354 1483 mundo
2379 1428 2670 1484 decernitis
2701 1427 2921 1499 (Coloss.
2956 1445 3016 1496 ιι,
3047 1427 3171 1499 20)?
3191 1427 3316 1482 Non
3349 1443 3486 1498 ergo
3514 1426 3813 1481 immerito

2155 1534 2325 1573 nemo
2361 1518 2568 1588 poterit
2591 1517 2818 1584 faciem,
2846 1517 2902 1572 id
2925 1522 3033 1583 est,
3057 1516 3248 1587 ipsam
3272 1514 3810 1571 maniiestationem

2153 1607 2459 1678 Sapientiae
2481 1607 2580 1662 Dei
2600 1606 2792 1662 videre
2813 1610 2871 1661 et
2891 1606 3098 1661 vivere.
3115 1605 3250 1675 Ipsa
3270 1609 3360 1659 est
3379 1603 3533 1659 enim
3558 1603 3810 1674 species,

2156 1695 2250 1751 cui
2273 1695 2728 1766 contemplandas
2751 1695 3010 1766 suspirat
3028 1693 3222 1749 omnis
3244 1693 3347 1764 qui
3371 1694 3602 1748 affectat
3621 1692 3811 1748 Deum

2155 1785 2395 1856 diligere
2425 1801 2494 1839 ex
2523 1788 2644 1839 toto
2678 1784 2868 1848 corde,
2900 1788 2958 1839 et
2987 1799 3055 1837 ex
3082 1787 3206 1838 tota
3239 1782 3456 1848 anima,
3488 1786 3547 1836 et
3591 1797 3661 1836 ex
3689 1785 3814 1834 tota

2156 1878 2378 1928 mente:
2412 1872 2484 1926 ad
2517 1889 2692 1942 quam
2729 1869 3241 1941 contemplandam
3273 1870 3449 1925 etiam
3477 1867 3813 1940 proximum

2156 1965 2442 2032 quantum
2460 1967 2650 2031 potest
2666 1959 2934 2026 aediﬁcat,
2951 1958 3051 2030 qui
3065 1958 3260 2030 diligit
3276 1963 3335 2013 et
3353 1958 3684 2029 proximum
3706 1957 3817 2012 sic-

2158 2055 2221 2106 ut
2250 2067 2313 2104 se
2344 2049 2568 2121 ipsum:
2604 2049 2661 2102 in
2700 2049 2914 2120 quibus
2947 2049 3178 2103 duobus
3211 2046 3515 2118 praeceptis
3543 2051 3665 2101 tota
3698 2045 3811 2101 Lex

2157 2138 2372 2211 pendet
2407 2143 2466 2193 et
2504 2137 2807 2208 PrOphetaa
2849 2136 3074 2205 (Matth.
3108 2152 3249 2201 χχιι,
3287 2136 3500 2205 37-40).
3539 2134 3699 2198 Quod
3738 2134 3814 2188 si-

2157 2229 2471 2300 gniﬁcatur
2498 2227 2674 2282 etiam
2709 2227 2766 2282 in
2801 2229 2927 2298 ipso
2957 2231 3168 2298 Moyse.
3202 2225 3348 2280 Nam
3380 2241 3515 2280 cum
3548 2223 3815 2288 dixisset,

2159 2319 2395 2386 propter
2423 2313 2792 2368 dilectionem
2826 2313 2924 2368 Dei
2959 2329 3076 2384 qua
3107 2311 3394 2385 praecipue
3424 2312 3731 2385 ﬂagrabat,
3755 2310 3819 2367 Si

2159 2404 2350 2459 inveni
2377 2403 2622 2472 gratiam
2651 2403 2711 2457 in
2741 2404 3024 2473 conspectu
3070 2410 3182 2466 tuo,
3211 2401 3428 2457 ostende
3456 2399 3598 2455 mihi
3625 2404 3815 2456 temet-

2159 2493 2341 2564 ipsum
2369 2493 2680 2561 manifeste,
2726 2499 2784 2545 ut
2822 2492 2930 2546 siin
2962 2493 3247 2545 inveniens
3287 2492 3528 2559 gratiam
3556 2493 3686 2544 ante
3723 2497 3774 2544 te
3797 2507 3824 2554 ;

2160 2581 2437 2636 continuo
2461 2586 2694 2651 pr0pter
2708 2579 3080 2635 dilectionem
3093 2579 3270 2634 etiam
3297 2579 3543 2650 proximi
3567 2577 3821 2648 subjecit

2161 2675 2336 2740 atque
2359 2668 2461 2734 ait,
2483 2670 2546 2723 Et
2577 2677 2634 2723 ut
2653 2670 2826 2722 sciam
2846 2670 2985 2738 quia
3007 2668 3239 2740 populus
3261 2671 3388 2722 tuus
3416 2673 3496 2722 est
3516 2683 3647 2738 gens
3677 2668 3817 2723 haec.

2163 2756 2267 2813 Illa
2285 2762 2374 2812 est
2393 2773 2527 2828 ergo
2549 2758 2773 2828 species
2787 2773 2914 2829 quas
2934 2757 3083 2829 rapit
3105 2772 3338 2812 omnem
3361 2755 3619 2811 animam
3642 2756 3818 2810 ratio-

2165 2847 2354 2902 nalem
2371 2845 2657 2901 desiderio
2680 2845 2792 2910 sui,
2809 2852 2972 2900 tanto
2997 2845 3388 2901 ardentiorem
3403 2850 3624 2916 quanto
3647 2861 3820 2900 mun-

2163 2936 2409 3000 diorem,
2445 2939 2501 2990 et
2530 2939 2691 2990 tanto
2733 2936 3100 2990 mundiorem
3133 2939 3353 3005 quanto
3386 2934 3458 2988 ad
3491 2933 3825 3006 spiritualia

2164 3029 2566 3096 resurgentem
2593 3041 2606 3078 :
2641 3029 2804 3080 tanto
2827 3029 3021 3079 autem
3054 3023 3124 3079 ad
3150 3022 3483 3094 spiritualia
3511 3038 3822 3095 resurgen-

2163 3119 2302 3184 tem,
2335 3118 2554 3182 quanto
2584 3131 2618 3168 a
2637 3113 2972 3168 carnalibus
2996 3113 3362 3168 morientem.
3390 3112 3501 3167 Sed
3524 3113 3667 3166 dum
3692 3127 3822 3183 per-

2165 3203 2505 3275 egrinamur
2527 3219 2560 3258 a
2591 3203 2860 3269 Domino,
2885 3207 2942 3257 et
2974 3218 3074 3274 per
3096 3202 3270 3256 ﬁdem
3308 3199 3684 3256 ambulamus
3709 3217 3826 3256 non

2166 3310 2269 3366 per
2297 3293 2551 3364 speciem
2582 3291 2654 3362 (ΙΙ
2678 3291 2800 3347 Cor.
2833 3308 2890 3360 v,
2913 3292 2967 3357 6,
2998 3292 3076 3362 7),
3111 3291 3432 3358 posteriora
3451 3289 3691 3356 Christi,
3714 3289 3826 3346 hoc

2165 3387 2254 3437 est
2284 3397 2541 3450 carnem,
2565 3398 2668 3452 per
2688 3381 2877 3452 ipsam
2903 3380 3078 3435 fidem
3106 3380 3300 3435 videre
3321 3380 3626 3452 debemus,
3652 3379 3710 3434 id
3735 3383 3824 3434 est

2167 3472 2225 3527 in
2257 3470 2441 3526 solido
2471 3469 2606 3525 lidei
2639 3470 3020 3525 fundamento
3051 3473 3298 3535 stantes,
3331 3469 3488 3540 quod
3528 3468 3824 3541 significat

2169 3566 2362 3632 petra;
2395 3563 2453 3615 et
2472 3576 2598 3615 eam
2623 3559 2692 3613 de
2716 3558 2812 3613 tali
2837 3559 3137 3614 tutissima
3156 3556 3397 3629 specula
3418 3557 3737 3626 intuentes,
3764 3557 3820 3612 in

2168 3646 2452 3702 catholica
2473 3645 2693 3701 scilicet
2710 3644 2985 3714 Ecclesia,
3010 3646 3080 3700 de
3093 3662 3210 3717 qua
3224 3645 3445 3700 dictum
3460 3647 3641 3714 est,Et
3659 3661 3825 3716 super

2169 3737 2310 3791 hanc
2336 3745 2556 3807 petram
2594 3735 2876 3806 aediﬁcabo
2907 3737 3203 3790 Ecclesiam
3242 3751 3422 3790 meam
3461 3734 3674 3806 (Matth.
3707 3752 3825 3801 XVI,

2173 3825 2280 3896 18).
2316 3826 2500 3880 Tanto
2530 3824 2684 3879 enim
2718 3827 2931 3879 certius
2953 3823 3278 3895 diligimus,
3300 3840 3478 3894 quam
3510 3823 3706 3879 videre
3728 3825 3823 3879 de-

2172 3914 2502 3968 sideramus
2537 3912 2739 3968 faciem
2772 3911 3011 3979 Christi,
3052 3920 3274 3984 quanto
3307 3912 3362 3966 in
3405 3912 3830 3982 posterioribus

2171 4003 2298 4075 ejus
2331 4001 2703 4074 agnoscimus
2734 4006 3018 4072 quantum
3051 4017 3154 4056 nos
3186 4001 3346 4072 prior
3367 4001 3637 4056 dilexerit
3665 4001 3828 4056 Chri-

2175 4097 2323 4148 stus.

2243 4216 2330 4270 29.
2359 4215 2468 4270 Sed
2502 4213 2558 4268 in
2581 4213 2710 4285 ipsa
2731 4229 2904 4268 carne
2927 4213 3073 4267 ﬁdes
3095 4211 3543 4267 resurrectionis
3564 4213 3696 4282 ejus
3720 4212 3832 4268 sal-

2173 4321 2275 4361 vos
2301 4305 2453 4369 facit,
2478 4301 2964 4374 atquejustilicat,
3000 4302 3060 4356 Si
3091 4303 3240 4356 enim
3263 4300 3588 4370 credideris,
3621 4301 3832 4372 inquit,

2175 4396 2236 4450 in
2256 4393 2416 4449 corde
2436 4401 2544 4458 tuo,
2559 4393 2692 4464 quia
2704 4393 2841 4446 Deus
2864 4392 3318 4445 itlumsuscitavit
3337 4406 3370 4443 a
3388 4391 3834 4458 mortuis,salvus

2175 4485 2284 4540 eris
2315 4483 2488 4552 (Rom.
2523 4498 2576 4542 x.
2607 4482 2683 4552 9):
2713 4485 2770 4535 et
2790 4481 3023 4546 iterum,
3055 4480 3194 4548 Quia
3226 4479 3466 4534 traditus
3495 4484 3597 4545 est,
3621 4480 3834 4551 inquit,

2175 4579 2401 4644 propter
2426 4571 2628 4624 delicta
2656 4578 2868 4635 nostra,
2901 4571 2952 4622 et
2982 4569 3292 4623 resurrexit
3318 4579 3541 4639 propter
3550 4570 3836 4640 justiﬁca-

2177 4662 2382 4716 tionem
2411 4667 2656 4714 nostram
2684 4657 2787 4728 (Id.
2824 4673 2901 4723 ιν,
2932 4659 3044 4724 25).
3091 4657 3341 4728 Ideoque
3387 4657 3666 4712 meritum
3702 4656 3837 4711 ﬁdei

2179 4760 2392 4804 nostra:
2422 4746 2767 4803 resurrectio
2799 4745 3057 4817 corporis
3091 4745 3323 4800 Domini
3355 4751 3463 4801 est.
3498 4745 3644 4801 Nam
3679 4763 3835 4800 mor-

2177 4843 2341 4894 tuam
2355 4853 2482 4893 esse
2504 4836 2660 4891 illam
2685 4850 2919 4890 carnem
2938 4835 2995 4889 in
3011 4851 3182 4889 cruce
3206 4834 3519 4906 passionis,
3534 4835 3712 4890 etiam
3736 4835 3840 4889 ini-

2180 4927 2314 4983 mici
2346 4928 2475 4997 ejus
2519 4926 2788 4989 credunt,
2843 4924 2943 4979 sed
2991 4923 3378 4978 resurrexisse
3422 4940 3536 4979 non
3568 4925 3838 4980 credunt.

2179 5024 2336 5088 Quod
2371 5021 2707 5077 ﬁrmissime
2739 5037 2843 5076 nos
2884 5020 3208 5086 credentes,
3243 5023 3526 5091 tanquam
3560 5019 3632 5073 de
3663 5025 3839 5091 petrae

2181 5113 2471 5170 soliditate
2510 5116 2890 5166 contuemur:
2934 5108 3090 5164 unde
3133 5113 3291 5163 certa
3329 5124 3432 5179 spe
3462 5108 3839 5179 adoptionem

2179 5208 2586 5274 exspectamus
2611 5198 3067 5270 redemptionem
3092 5197 3356 5268 corporis
3383 5197 3565 5252 nostri
3591 5197 3694 5268 (Id.
3718 5213 3841 5264 vui,

2178 5292 2292 5361 23);
2327 5289 2465 5362 quia
2512 5290 2619 5344 hoc
2652 5289 2708 5342 in
2761 5286 3042 5343 membris
3091 5285 3303 5342 Christi
3335 5302 3664 5357 speramus,
3716 5303 3842 5358 qua:

2182 5397 2287 5435 nos
2310 5379 2422 5450 ipsi
2445 5395 2674 5446 sumus,
2689 5377 2843 5448 quod
2860 5376 3177 5446 perfectum
3194 5391 3322 5430 esse
3342 5375 3398 5428 in
3415 5374 3542 5447 ipso
3557 5381 3840 5448 tanquam

2178 5470 2236 5524 in
2259 5467 2445 5540 capite
2468 5472 2665 5522 nostro
2691 5465 2820 5520 ﬁdei
2839 5464 3090 5519 sanitate
3112 5462 3542 5535 cognoscimus.
3560 5462 3703 5518 Inde
3726 5480 3840 5520 non

2175 5555 2320 5621 vult,
2339 5554 2450 5609 nisi
2469 5570 2603 5608 cum
2625 5552 2947 5618 transierit,
2975 5551 3156 5607 videri
3185 5551 3508 5622 posteriora
3530 5567 3660 5616 sua,
3687 5557 3753 5606 ut
3781 5551 3840 5608 in

2181 5646 2309 5715 ejus
2333 5642 2814 5698 resurrectionem
2827 5639 3350 5695 credatur.Pascha
3363 5641 3518 5695 enim
3544 5639 3777 5696 hebraeu
3790 5658 3843 5697 in

2185 5735 2430 5791 verbum
2450 5733 2685 5797 dicitur,
2708 5729 2864 5802 quod
2887 5729 3198 5788 Trausitus
3221 5729 3662 5802 interpretatur.
3688 5730 3846 5788 Unde
