4040 6480
208 423 321 485 873

206 560 258 611 et
282 559 574 626 postremo
598 555 959 628 corporibus,
983 555 1103 611 sive
1126 572 1252 626 quas
1278 555 1392 611 illis
1419 555 1849 625 inspirarentur

208 651 262 701 et
292 646 711 712 animarentur,
746 647 863 701 sive
890 646 1047 701 omni
1094 662 1268 700 sensu
1320 646 1676 709 carentibus,
1713 662 1847 699 cum

210 734 478 803 primitus
512 741 771 791 uteretur
801 735 927 806 ipsa
958 736 1110 790 bona
1132 736 1324 790 anima
1344 740 1401 789 et
1422 739 1644 793 sancta.
1670 750 1847 804 quam

211 824 316 879 sibi
350 825 419 879 ad
457 825 614 894 pium
648 830 704 879 et
726 824 1059 895 religiosum
1085 823 1424 895 obsequium
1450 821 1850 877 subdidisset?

277 913 513 969 CAPUT
538 912 631 967 HV.
669 945 734 954 —
763 914 816 966 9.
850 915 985 968 Deus
1014 914 1264 967 omnibus
1291 914 1562 968 creaturis
1592 913 1769 965 utitur
1789 916 1852 965 ut

210 1004 341 1067 vult,
375 1012 425 1059 et
455 1002 705 1058 visibilia
734 1004 868 1074 facit
896 1002 966 1057 ad
1013 1019 1069 1057 se
1118 1004 1293 1073 ipsum
1341 1000 1848 1057 demonstrandum.

212 1093 369 1158 Quod
400 1109 534 1165 ergo
557 1093 627 1147 de
650 1108 763 1146 uno
785 1092 1066 1162 sapiente,
1092 1090 1357 1162 quamvis
1380 1092 1569 1145 adhuc
1604 1087 1851 1143 mortale

212 1199 422 1253 corpus
442 1186 723 1253 gestante,
748 1180 1015 1252 quamvis
1038 1197 1105 1235 ex
1124 1184 1284 1251 parte
1302 1180 1527 1234 vidente
1546 1178 1853 1249 posuimus

210 1271 458 1342 exempli
480 1271 667 1343 gratia
693 1288 705 1336 ;
732 1270 838 1325 hoc
860 1270 929 1324 de
952 1268 1147 1341 aliqua
1168 1269 1362 1336 domo,
1394 1267 1493 1322 ubi
1522 1267 1853 1338 aliquorum

211 1358 416 1414 talium
445 1360 693 1415 societas
716 1364 822 1425 est,
852 1358 959 1412 hoc
982 1358 1051 1412 de
1075 1358 1303 1411 civitate
1324 1356 1409 1411 vel
1432 1358 1607 1411 etiam
1628 1356 1698 1410 de
1716 1355 1854 1410 orbe

209 1454 494 1504 terrarum
520 1448 653 1503 licet
670 1448 943 1521 cogitare,
968 1447 1015 1503 si
1034 1463 1213 1518 penes
1232 1446 1525 1517 sapientes
1544 1450 1854 1513 sancteque

212 1555 276 1593 ac
300 1536 545 1609 perfecte
568 1538 682 1593 Dco
707 1537 973 1592 subditos
996 1536 1072 1590 sit
1094 1536 1473 1607 principatus,
1509 1538 1564 1589 et
1595 1532 1852 1605 regimen

210 1644 403 1683 rerum
419 1627 831 1682 humanarum.
849 1627 955 1682 Sed
980 1627 1085 1681 hoc
1103 1625 1239 1697 quia
1254 1626 1508 1680 nondum
1526 1625 1642 1679 est‘
1659 1624 1852 1693 (opor-

211 1723 291 1772 tet
311 1716 466 1772 enim
498 1734 603 1772 nos
630 1717 687 1770 in
721 1716 826 1771 hac
861 1715 1318 1786 peregrinatione
1349 1714 1510 1785 prius
1539 1710 1857 1767 mortaliter

211 1805 483 1869 exerceri,
507 1811 561 1860 et
584 1821 683 1875 per
713 1804 861 1859 vires
894 1803 1364 1859 mansuetudinis
1394 1808 1452 1857 et
1484 1802 1771 1873 patientia:
1796 1800 1852 1854 in

213 1893 459 1965 ﬂagellis
490 1893 751 1963 erudiri),
785 1892 943 1946 illam
976 1892 1164 1963 ipsam
1197 1908 1510 1963 supernam
1546 1895 1723 1960 atque
1743 1905 1855 1943 caa-

214 1982 441 2047 lestem,
463 1984 613 2037 unde
634 1981 1091 2054 peregrinamur,
1112 1982 1354 2052 patriam
1376 1980 1718 2052 cogitemus.
1738 1977 1857 2032 Illic

213 2074 368 2129 enim
402 2071 495 2127 Dei
519 2072 804 2138 voluntas,
833 2070 929 2143 qui
957 2070 1092 2125 facit
1114 2070 1349 2141 angelos
1368 2068 1860 2140 suosspiritus,et

214 2162 519 2218 ministros
550 2178 687 2216 suos
722 2162 911 2233 ignem
949 2160 1290 2231 ﬂagrantem
1324 2159 1494 2229 (Psal.
1529 2174 1649 2220 c111,
1683 2157 1758 2227 li),
1795 2155 1855 2209 in

212 2251 516 2324 spiritibus
538 2267 772 2307 summa
791 2266 927 2321 pace
951 2255 1123 2320 atque
1142 2247 1395 2303 amicitia
1410 2245 1714 2318 copulatis,
1732 2244 1855 2299 etin

213 2357 391 2397 unam
427 2340 781 2396 voluntatem
816 2339 1062 2409 quodam
1092 2336 1375 2408 spirituali
1402 2334 1703 2390 charitatis
1730 2334 1858 2405 igne

213 2429 501 2497 conﬂatis,
518 2435 796 2499 tanquam
820 2429 871 2481 in
893 2427 1118 2482 excelsa
1131 2432 1187 2481 et
1202 2432 1403 2480 sancta
1415 2430 1467 2479 et
1484 2428 1705 2479 secreta
1722 2423 1859 2478 sede

215 2520 553 2592 praesidens,
575 2519 730 2572 velut
752 2517 809 2571 in
835 2516 1005 2571 domo
1027 2533 1134 2571 sua
1156 2519 1212 2570 et
1231 2515 1287 2568 in
1323 2512 1537 2584 templo
1565 2529 1690 2582 suo,
1724 2511 1859 2565 inde

216 2626 299 2678 se,
322 2608 674 2681 quibusdam
693 2605 1146 2661 ordinatissimis
1160 2609 1435 2659 creatura:
1450 2602 1727 2665 motibus,
1750 2599 1861 2671 pri-

216 2715 313 2754 mo
328 2694 967 2767 spiritualibus,deinde
980 2692 1398 2765 corporalibus,
1417 2708 1517 2763 per
1529 2707 1597 2745 cu
1608 2694 1739 2743 ncta
1754 2689 1862 2743 dif-

216 2785 693 2853 fundit,etutitur
721 2785 997 2838 omnibus
1029 2784 1099 2837 ad
1136 2778 1612 2835 incommutabile
1634 2778 1862 2834 arbitri-

217 2894 317 2933 um
342 2872 642 2931 sententiae
665 2890 804 2938 suae,
831 2872 948 2926 sive
965 2870 1321 2942 incorporeis
1340 2870 1457 2923 sive
1477 2868 1768 2939 corporeis
1782 2882 1863 2920 re-

215 2966 349 3031 bus,
384 2966 503 3019 sive
526 2962 910 3017 rationalibus
931 2962 1048 3016 sive
1073 2957 1503 3013 irrationalibus
1536 2957 1859 3028 spiritibus,

214 3056 336 3110 sive
363 3053 525 3109 bonis
550 3070 649 3125 per
669 3052 795 3122 ejus
817 3053 1063 3123 gratiam
1090 3048 1208 3103 sive
1232 3046 1402 3102 malis
1428 3063 1527 3118 per
1567 3046 1859 3117 propriam

212 3143 591 3199 voluntatem.
616 3142 723 3196 Sed
746 3137 1239 3210 quemadmodum
1257 3152 1496 3207 corpora
1511 3134 1795 3188 crassiora
1808 3137 1864 3188 et

211 3233 490 3288 inferiora
510 3248 610 3303 per
632 3228 937 3284 subtiliora
956 3232 1011 3281 et
1035 3226 1358 3297 potentiora
1381 3224 1633 3296 quodam
1659 3222 1863 3277 ordine

212 3328 538 3394 reguntur;
571 3320 652 3374 ita
683 3319 880 3373 omnia
911 3332 1153 3387 corpora
1183 3331 1283 3386 per
1313 3313 1583 3386 spiritum
1617 3312 1765 3376 vitae,
1808 3314 1864 3365 et

211 3412 465 3484 spiritus
495 3415 620 3463 νιὶεθ
656 3404 1008 3462 irrationalis
1037 3421 1137 3476 per
1170 3403 1439 3475 spiritum
1464 3402 1590 3455 vitae
1616 3399 1862 3455 rationa-

210 3499 675 3570 lem,rtspiritus
702 3498 828 3550 vita
850 3492 1201 3549 irrationalis
1233 3494 1490 3547 desertor
1519 3494 1694 3561 atque
1726 3504 1859 3558 pec-

210 3596 377 3645 cator
408 3605 508 3661 per
537 3586 805 3659 spiritum
830 3584 957 3637 vita:
983 3581 1324 3637 rationalem
1352 3581 1510 3652 pium
1536 3580 1861 3648 etjustum,

213 3686 273 3734 et
292 3679 389 3733 ille
412 3694 515 3749 per
534 3677 729 3747 ipsum
755 3675 1033 3741 Deum,ac
1056 3672 1140 3726 sic
1163 3670 1434 3725 universa
1464 3672 1731 3723 creatura
1762 3681 1863 3737 per

211 3771 547 3826 Creatorem
570 3781 764 3825 suum,
788 3780 857 3817 ex
879 3778 991 3832 quo
1015 3765 1069 3814 et
1094 3776 1192 3830 per
1211 3775 1382 3830 quem
1407 3757 1534 3812 etin
1556 3772 1669 3828 quo
1686 3754 1862 3811 etiam

212 3857 453 3915 condita
478 3849 1275 3925 atqueinstitutaest((.‘otoss.
1311 3865 1348 3915 1,
1386 3846 1501 3916 t6):
1537 3862 1601 3900 ac
1633 3862 1734 3916 per
1754 3842 1863 3898 hoc

213 3947 487 4003 voluntas
511 3943 611 3998 Dei
633 3950 722 3996 est
740 3940 927 4013 prima
945 3943 1001 3992 et
1019 3954 1251 3993 summa
1268 3952 1442 3991 causa
1460 3935 1721 3989 omnium
1743 3949 1865 3987 cors

212 4035 506 4109 poralium
530 4030 855 4104 specierum
883 4032 1054 4099 atque
1080 4026 1421 4081 motionum.
1451 4024 1603 4079 Nihil
1631 4024 1784 4078 enim
1801 4022 1865 4076 tit

214 4123 531 4181 visibiliter
549 4125 607 4176 et
629 4118 999 4183 sensibiliter,
1019 4116 1168 4186 quod
1196 4132 1308 4169 non
1331 4115 1401 4168 de
1425 4113 1699 4167 interiore
1718 4109 1861 4165 invi-

216 4214 379 4271 sibili
400 4218 535 4283 atqu
558 4234 571 4263 ,:
590 4206 941 4280 intelligihili
962 4204 1094 4261 aula
1110 4204 1325 4259 summi
1351 4203 1744 4273 Imperatoris,
1764 4204 1866 4255 aut

206 4305 513 4378 jubeatur,
545 4304 646 4355 aut
699 4298 1086 4369 permittatur,
1136 4293 1459 4348 secundum
1514 4289 1863 4345 ineffabilem

206 4394 511 4466 justiti-im
540 4388 905 4459 praemiorum
932 4390 1105 4454 atque
1129 4398 1449 4453 poenarum,
1473 4378 1791 4452 gratiarum
1812 4382 1867 4432 et

216 4479 700 4547 retributionum,
734 4476 789 4530 in
822 4474 934 4529 ista
971 4472 1149 4528 totius
1181 4474 1454 4525 creaturae
1501 4468 1869 4539 amplissima

217 4575 477 4645 quadam
511 4568 913 4635 immensaque
947 4560 1261 4633 republica.

296 4663 383 4716 10.
400 4660 457 4714 Si
476 4674 609 4729 ergo
624 4653 922 4727 apostolus
937 4648 1451 4719 Paulus,quamvis
1470 4646 1657 4702 adhuc
1677 4653 1867 4717 porta-

219 4754 314 4807 ret
330 4748 623 4804 sarcinam
643 4741 923 4815 corporis,
943 4739 1095 4812 quod
1116 4754 1279 4793 corru
1292 4736 1511 4807 mpitur
1524 4740 1576 4790 et
1601 4739 1871 4807 aggravat

220 4840 486 4897 animam
510 4836 667 4907 (Sap.
693 4850 770 4898 1v,
798 4832 904 4897 15),
930 4826 1198 4900 quamvis
1221 4826 1410 4880 adhuc
1433 4842 1498 4881 ex
1521 4829 1681 4897 parte
1698 4830 1871 4896 atque

217 4931 282 4986 in
316 4927 627 4999 aenigmate
655 4922 876 4977 videret
904 4919 952 4990 (Ι
1003 4919 1130 4973 Cor.
1175 4932 1299 4980 x111,
1356 4916 1462 4986 12),
1512 4920 1720 4986 optans
1753 4914 1869 4969 dis-

219 5017 369 5075 solvi
404 5022 459 5070 et
488 5029 615 5070 esse
647 5028 781 5067 cum
812 5007 1037 5066 Christo
1071 5003 1340 5077 (Philipp.
1379 5021 1416 5071 1,
1460 5004 1571 5075 23),
1606 5008 1660 5058 et
1690 5002 1750 5057 in
1782 5019 1871 5058 se-

219 5105 477 5177 metipso
492 5094 1277 5172 ingemiscens,adoptionem
1294 5096 1638 5163 exspectans
1654 5091 1875 5145 redem-

220 5196 489 5268 ptionem
531 5189 787 5259 corporis
818 5186 906 5241 sui
940 5185 1113 5256 (Rom.
1143 5198 1243 5237 vni
1278 5181 1387 5251 23),
1445 5184 1632 5252 potuit
1678 5184 1874 5234 tamen

220 5280 617 5354 significando
650 5275 962 5350 praedicam
992 5271 1307 5329 Dominum
1328 5270 1530 5324 Jesum
1554 5269 1874 5334 Christum,

220 5373 397 5430 aliter
421 5388 517 5442 per
544 5368 804 5439 linguam
830 5381 1018 5426 suam,
1044 5362 1208 5417 aliter
1227 5377 1327 5432 per
1346 5357 1687 5429 Epistolam,
1707 5356 1877 5412 aliter

221 5478 334 5536 per
354 5461 799 5515 Sacramentum
824 5452 1081 5524 corporis
1099 5456 1155 5506 et
1171 5448 1475 5521 sanguinis
1493 5448 1541 5517 ej
1555 5446 1878 5516 us(neclin-

296 5704 310 5737 ί
334 5701 509 5752 Editio
531 5700 653 5749 Lov.
680 5712 690 5747 :
716 5695 820 5745 Sed
844 5694 934 5743 hoc
950 5692 1155 5760 quidem
1180 5689 1410 5760 nondum
1430 5689 1534 5760 est;
1550 5702 1609 5760 ac
1632 5691 1751 5750 post
1766 5701 1877 5760 ver-

222 5769 381 5825 bum,
400 5764 598 5813 erudiri
619 5762 798 5809 addita
816 5754 1090 5825 particula,
1114 5760 1189 5811 ut,
1212 5756 1285 5803 sic
1299 5758 1563 5825 connectit
1578 5754 1878 5814 sequentia:

221 5834 284 5883 ut
306 5821 453 5879 illam
473 5826 659 5891 ipsam,
681 5828 781 5873 etc.
804 5822 1100 5882 Castigatur
1129 5831 1190 5868 ex
1219 5821 1612 5880 manuscriptia.

554 5946 817 6007 Paraon.
862 5938 1043 6001 XLII.

1589 421 1819 483 LIBER
1860 421 2223 485 TERTIUS.

3486 425 3605 488 878

1960 570 2033 624 gu
2045 572 2134 609 am
2152 554 2362 626 quippe
2381 556 2528 625 ejus,
2546 572 2647 611 nec
2664 557 3053 625 membranas,
3074 574 3177 614 nec
3190 562 3605 627 atramentum,

1963 659 2066 697 nec
2089 644 2483 713 signiﬁcantes
2507 662 2682 700 sonos
2706 646 2905 718 lingua
2926 648 3244 711 editos,nec
3258 650 3427 720 signa
3448 648 3601 703 litte-

1961 748 2159 785 rarum
2178 733 2507 804 conscripta
2520 734 2827 805 pelliculis,
2843 753 3053 807 corpus
3066 737 3280 792 Christi
3295 743 3349 793 ct
3365 753 3547 809 sangu
3559 738 3607 790 i-

1963 836 2093 875 nem
2126 822 2419 890 dicimus;
2454 824 2554 878 sed
2599 823 2739 878 illud
2772 829 3001 880 tantum
3033 827 3186 897 quod
3219 842 3287 881 ex
3318 826 3604 881 fructibus

1961 914 2126 963 terrm
2158 916 2461 982 acceptum
2495 916 2553 967 et
2592 929 2759 984 prece
2791 914 3036 986 mystica
3064 919 3464 970 consecratum
3498 914 3607 969 rite

1964 998 2256 1054 sumimus
2274 1000 2343 1054 ad
2373 999 2621 1056 salutem
2653 1002 3016 1073 spiritualem
3052 1003 3112 1058 in
3144 1004 3483 1058 memoriam
3501 1020 3604 1074 pro

1963 1086 2131 1141 nobis
2154 1087 2468 1145 Dominicze
2488 1089 2780 1162 passionis
2802 1107 2814 1145 :
2836 1091 2988 1162 quod
3011 1108 3141 1146 cum
3162 1108 3263 1162 per
3282 1108 3490 1147 manus
3508 1092 3607 1147 ho-

1964 1176 2190 1231 minum
2213 1178 2283 1231 ad
2307 1176 2466 1232 illam
2492 1178 2775 1234 visibilem
2815 1179 3069 1250 speciem
3094 1181 3464 1252 perducatur,
3488 1196 3606 1235 non

1963 1264 2361 1319 sanctificatur
2383 1270 2447 1320 ut
2468 1265 2545 1321 sit
2561 1271 2683 1321 tam
2703 1283 2981 1339 magnum
3004 1268 3471 1335 Sacramentum,
3495 1266 3609 1323 nisi

1963 1356 2236 1423 operante
2269 1353 2635 1410 invisibiliter
2665 1355 2883 1427 Spiritu
2922 1356 3038 1420 Dei,
3070 1372 3203 1412 cum
3243 1357 3365 1413 haec
3411 1357 3611 1412 omnia

1963 1458 2090 1511 quae
2123 1457 2224 1512 per
2252 1443 2580 1513 corporales
2614 1450 2809 1499 motus
2840 1445 2898 1499 in
2928 1443 3025 1499 illo
3058 1461 3230 1516 opere
3264 1446 3431 1513 fiunt,
3461 1447 3608 1501 Deus

1964 1535 2256 1601 operetur,
2290 1547 2528 1587 movens
2553 1532 2824 1603 primitus
2847 1531 3161 1589 invisibilia
3179 1533 3609 1607 ministrorum,

1963 1617 2081 1673 sive
2112 1620 2339 1674 animas
2372 1620 2697 1682 hominum.
2729 1622 2847 1677 sive
2896 1622 3257 1677 occultorum
3292 1623 3610 1692 spirituum

1963 1705 2074 1762 sibi
2107 1708 2372 1763 subditas
2404 1710 2775 1782 servitutes);
2825 1712 2965 1782 quid
3010 1712 3225 1765 mirum
3260 1712 3309 1765 si
3342 1710 3516 1766 etiam
3546 1712 3609 1767 in

1964 1801 2229 1851 creatura
2250 1797 2371 1851 οωΙί
2398 1804 2455 1852 et
2475 1802 2658 1865 terra,
2684 1800 2863 1854 maris
2884 1805 2939 1855 et
2962 1800 3132 1867 aeris,
3157 1800 3295 1855 facit
3316 1804 3467 1856 Deus
3482 1814 3610 1871 qua

1962 1884 2086 1939 vult
2115 1885 2417 1941 sensibilis
2448 1892 2618 1957 atque
2664 1888 2937 1954 visibilis,
2970 1889 3039 1942 ad
3073 1903 3133 1943 se
3179 1889 3374 1960 ipsum
3408 1888 3466 1943 in
3499 1889 3607 1957 eis,

1965 1972 2118 2027 sicut
2148 1981 2413 2044 oportere
2445 1976 2570 2046 ipse
2601 1976 2778 2043 novit,
2812 1975 3260 2048 signiﬁcandum
3293 1982 3350 2031 et
3368 1977 3609 2030 demon-

1966 2062 2293 2130 strandum,
2320 2079 2434 2117 non
2458 2064 2586 2135 ipsa
2607 2080 2714 2118 sua
2740 2080 2857 2135 qua
2877 2070 2966 2119 est
2994 2070 3307 2134 apparente
3335 2065 3609 2119 substan-

1964 2149 2065 2213 tia,
2100 2168 2225 2221 quae
2258 2151 2495 2206 omnino
2545 2151 3050 2208 incommutabilis
3078 2158 3187 2218 est,
3219 2153 3613 2226 omnibusque

1966 2238 2292 2309 spiritibus,
2324 2257 2468 2310 quos
2498 2240 2730 2309 creavit,
2783 2242 3028 2298 interius
3080 2242 3477 2314 secretiusque
3511 2258 3611 2299 su-

1967 2328 2248 2382 hlimior?

2038 2416 2266 2473 CAPUT
2288 2416 2352 2472 V.
2377 2448 2444 2457 —
2469 2419 2553 2472 11.
2578 2418 2849 2474 Miracuta
2870 2435 2970 2473 cur
3002 2436 3109 2475 non
3145 2428 3405 2475 consueta
3429 2434 3613 2491 opera.

1970 2506 2032 2559 Vi
2067 2506 2223 2561 enim
2258 2506 2454 2562 divina
2499 2512 2680 2562 totam
2731 2506 3097 2579 spiritualem
3140 2508 3618 2581 corporalemquo

1968 2596 2416 2651 administrante
2447 2603 2797 2667 creaturam,
2827 2599 3091 2654 omnium
3124 2615 3412 2654 annorum
3440 2598 3615 2654 certis

1969 2685 2171 2740 diebus
2199 2686 2731 2757 advocanturaqua:
2753 2687 2954 2754 maris,
2972 2693 3029 2743 et
3044 2687 3424 2743 effunduntur
3442 2704 3618 2759 super

1971 2775 2176 2828 faciem
2202 2779 2387 2828 terrae.
2407 2775 2516 2829 Sed
2538 2792 2668 2829 cum
2696 2776 2800 2830 hoc
2819 2780 3022 2831 orante
3035 2782 3235 2831 sancto
3254 2776 3374 2831 Elia
3394 2776 3613 2831 factum

1970 2868 2077 2930 est,
2099 2863 2234 2934 quia
2276 2869 2646 2933 praecesserat
2672 2867 2791 2917 tam
2815 2864 3092 2919 continua
3113 2870 3169 2919 et
3186 2869 3306 2919 tam
3332 2863 3503 2935 longa
3524 2880 3615 2919 se-

1971 2953 2208 3013 renitas,
2235 2955 2298 3005 ut
2319 2952 2633 3006 deficerent
2656 2952 2807 3006 fame
2830 2952 3118 3021 homines,
3140 2968 3243 3007 nec
3261 2969 3327 3007 ea
3345 2952 3617 3025 horaqua

1970 3040 2052 3094 illi
2079 3040 2175 3095 Dei
2198 3056 2397 3095 servus
2420 3040 2625 3106 oravit,
2650 3057 2747 3096 aer
2786 3041 2910 3112 ipse
2949 3040 3148 3113 aliqua
3185 3042 3430 3097 humida
3477 3042 3621 3097 facie

1973 3146 2105 3184 mox
2119 3129 2327 3183 futurae
2343 3128 2543 3199 pluvia:
2557 3130 2725 3199 signa
2738 3130 3428 3201 praetulerat,consecutis
3442 3133 3621 3186 tantis

1971 3223 2027 3274 et
2043 3224 2162 3273 tam
2176 3218 2445 3273 velociter
2460 3217 2753 3273 imbribus
2772 3220 3047 3290 apparuit
3063 3219 3148 3276 vis
3165 3220 3381 3288 divina,
3406 3220 3622 3292 quibus

1970 3307 2113 3362 illud
2137 3307 2385 3361 dabatur
2406 3308 2974 3379 dispensabaturque
2995 3308 3344 3364 miraculum
3365 3310 3465 3381 (ΙΙΙ
3486 3310 3614 3379 Reg.

1970 3412 2127 3465 xvm,
2154 3397 2261 3466 45).
2288 3395 2372 3450 Ita
2396 3401 2546 3450 Deus
2569 3400 2841 3467 operatur
2872 3396 3158 3451 solemnia
3193 3396 3421 3469 fulgura
3444 3402 3621 3469 atque

1969 3485 2246 3540 tonitrua:
2272 3485 2373 3539 sed
2401 3485 2537 3556 quia
2561 3484 2618 3538 in
2649 3490 2845 3539 monte
2867 3486 3002 3539 Sina
3019 3486 3297 3541 inusitato
3322 3486 3491 3541 modo
3516 3487 3614 3540 fie-

1970 3577 2129 3646 bant,
2153 3593 2435 3647 vocesque
2459 3576 2570 3630 illte
2593 3592 2705 3631 non
2722 3576 2969 3647 strepitu
2992 3577 3232 3633 confuso
3263 3577 3610 3646 edebantur,

1971 3667 2069 3721 sed
2103 3666 2187 3720 eis
2216 3666 2478 3737 quedam
2512 3666 2680 3737 signa
2711 3664 2831 3720 dari
2865 3665 3211 3722 certissimis
3256 3666 3489 3722 indiciis
3511 3683 3609 3739 ap-

1970 3754 2229 3826 parebat,
2264 3753 2546 3809 miracula
2574 3757 2741 3809 erant
2770 3754 2962 3825 (Exod.
2996 3770 3110 3822 χιχ,
3135 3756 3244 3827 16).
3269 3756 3408 3821 Quis
3431 3760 3607 3811 attra-

1972 3844 2056 3898 hit
2086 3843 2389 3899 humorem
2422 3860 2523 3914 per
2552 3842 2805 3898 radicem
2856 3843 2988 3899 vitis
3033 3844 3105 3899 ad
3156 3845 3410 3915 botrum,
3442 3850 3499 3900 et
3527 3845 3610 3900 vi-

1972 3950 2110 3987 num
2147 3933 2420 4001 facit,nisi
2456 3932 2731 4003 Deus,qui
2764 3937 2819 3987 et
2848 3932 3083 3989 homine
3115 3933 3412 4005 plantante
3442 3940 3499 3990 et
3528 3935 3610 3989 ri-

1972 4028 2143 4095 gante
2173 4023 2597 4077 incrementum
2630 4022 2730 4076 dat
2773 4020 2820 4090 (I
2853 4020 2974 4078 Cor.
3010 4023 3170 4093 111,)?
3218 4024 3327 4079 Sed
3378 4040 3512 4079 cum
3540 4024 3612 4079 ad

1974 4117 2181 4166 nutum
2216 4111 2444 4166 Domini
2480 4126 2633 4182 aqua
2660 4109 2719 4165 in
2758 4111 2960 4165 vinum
3008 4113 3290 4167 inusitata
3318 4111 3616 4169 celeritate

1973 4216 2251 4256 conversa
2280 4205 2384 4265 est,
2417 4200 2592 4255 etiam
2625 4199 2820 4254 stultis
2853 4199 3172 4255 fatentibus
3192 4200 3276 4256 vis
3300 4200 3495 4255 divina
3514 4201 3613 4256 de-

1973 4290 2191 4349 clarata
2220 4295 2305 4345 est
2337 4290 2520 4361 (Joan.
2554 4305 2616 4358 11,
2645 4289 2721 4359 9).
2757 4289 2897 4354 Quis
2928 4289 3171 4344 arbusta
3194 4288 3393 4346 fronde
3415 4306 3480 4345 ac
3501 4287 3616 4345 ﬂo-

1976 4395 2034 4434 re
2060 4379 2231 4435 vestit
2260 4378 2619 4444 solemniter,
2653 4377 2763 4432 nisi
2799 4381 2948 4432 Deus
2967 4377 2995 4431 ?
3022 4376 3237 4433 Verum
3262 4395 3391 4433 cum
3420 4378 3611 4435 floruit

1973 4469 2136 4540 virga
2165 4467 2486 4522 sacerdotis
2517 4473 2728 4533 Aaron,
2753 4464 3039 4521 collocuta
3059 4474 3147 4522 est
3168 4468 3423 4539 quodam
3448 4469 3620 4526 modo

1978 4575 2110 4614 cum
2143 4557 2445 4611 dubitante
2480 4554 2846 4610 humanitate
2874 4555 3148 4612 divinitas
3178 4558 3360 4626 (Num.
3384 4576 3521 4627 xvii,
3543 4560 3619 4631 8).

1978 4650 2045 4700 Et
2077 4644 2251 4716 lignis
2282 4650 2433 4698 certe
2463 4642 2738 4697 omnibus
2769 4646 2826 4696 et
2850 4641 3112 4697 omnium
3135 4644 3481 4700 animalium
3504 4662 3625 4701 caro

1978 4734 2153 4790 nibus
2179 4732 2483 4805 gignendis
2511 4738 2683 4802 atque
2715 4732 3035 4788 formandis
3057 4734 3385 4789 communis
3406 4739 3495 4789 est
3514 4738 3625 4789 ter-

1981 4840 2119 4879 rena
2152 4822 2422 4878 materies
2449 4839 2461 4877 :
2486 4826 2541 4876 et
2564 4821 2697 4892 quis
2718 4838 2785 4876 ea
2806 4821 2961 4890 facit,
2986 4822 3098 4877 nisi
3121 4823 3218 4894 qui
3250 4823 3394 4878 dixit
3416 4828 3480 4878 ut
3500 4824 3624 4881 hmo

1978 4917 2133 4967 terra
2165 4912 2505 4981 produceret
2534 4909 2686 4979 (Gen.
2722 4911 2773 4981 1,
2804 4910 2918 4982 24),
2951 4911 3081 4966 etin
3105 4912 3306 4969 eodem
3328 4913 3496 4970 verbo
3519 4928 3627 4969 suo

1982 5019 2109 5074 qua:
2139 5000 2373 5067 creavit,
2408 4999 2556 5072 regit
2586 5004 2760 5072 atque
2809 4999 2974 5072 agit?
3022 5000 3132 5056 Sed
3182 5017 3317 5057 cum
3346 5001 3627 5074 eamdem

1984 5073 2289 5145 materiam
2351 5106 2419 5144 ex
2465 5090 2630 5161 virga
2703 5089 2884 5160 Moysi
2936 5091 2991 5143 in
3043 5106 3273 5145 carnem
3334 5073 3627 5161 serpentis

1984 5181 2241 5252 proxime
2271 5194 2337 5233 ac
2366 5178 2639 5233 velociter
2667 5178 2855 5245 vertit,
2889 5177 3238 5233 miraculum
3286 5179 3394 5233 fuit
3424 5178 3627 5248 (Exod.

1984 5286 2059 5339 1v,
2093 5269 2170 5337 3),
2204 5267 2285 5322 rei
2316 5267 2551 5338 quidem
2585 5266 2908 5333 mutabilis,
2952 5267 3052 5322 sed
3105 5271 3300 5324 tamen
3349 5267 3634 5324 inusitata

1985 5357 2255 5412 mutatio.
2289 5357 2431 5420 Quis
2458 5363 2655 5411 autem
2690 5355 2912 5410 animat
2944 5372 3187 5427 quaeque
3229 5358 3357 5411 viva
3388 5373 3631 5411 nascen-

1987 5446 2085 5517 tia,
2122 5446 2232 5501 nisi
2265 5446 2366 5517 qui
2397 5452 2454 5499 et
2494 5445 2658 5499 illum
2705 5453 3034 5516 serpentem
3083 5446 3155 5501 ad
3205 5445 3430 5513 horam,
3480 5446 3635 5502 sicut

1985 5552 2132 5608 opus
2165 5535 2371 5598 fuerat,
2416 5532 2743 5588 animavit?

2057 5620 2288 5680 CAPUT
2318 5620 2414 5677 VI.
2450 5652 2515 5662 —
2546 5620 2673 5676 Sola
2720 5622 2956 5675 varietas
3000 5622 3135 5693 facit
3180 5623 3532 5678 miraculum.
3567 5622 3638 5679 Et

1989 5713 2121 5786 quis
2141 5710 2393 5767 reddidit
2410 5710 2789 5766 cadaveribus
2807 5710 3037 5768 animas
3050 5728 3209 5781 suas,
3229 5729 3363 5768 cum
3380 5728 3643 5786 resurge-

1992 5806 2122 5861 rent
2147 5799 2364 5858 mortui
2394 5799 2617 5875 (Ezech.
2648 5816 2865 5873 xxxvn,
2901 5802 3077 5879 1-10),
3124 5801 3241 5859 nisi
3285 5803 3386 5875 qui
3420 5802 3648 5861 animat

3243 5927 3323 5993 28
