4040 6504
524 455 639 514 875

526 605 727 642 carnes
759 586 814 640 iu
851 586 1029 640 uteris
1069 591 1344 650 malrum,
1399 592 1460 640 ut
1504 587 1766 641 oriuntur
1817 584 2162 639 morituri“?

523 678 630 731 Sed
663 693 796 732 cum
829 676 976 730 fiunt
1006 675 1104 730 illa
1135 675 1471 731 continuato
1505 675 1672 747 quasi
1705 674 1957 747 quodam
1991 673 2162 728 ﬂuvio

520 764 843 820 labentium
876 765 1359 836 manantiumque
1390 781 1604 832 rerum,
1637 768 1693 819 et
1730 780 1797 818 ex
1828 762 2070 829 occulto,
2103 761 2162 815 in

522 858 881 927 promptum,
911 857 1084 925 atque
1124 871 1187 909 ex
1223 858 1492 926 prompto
1541 853 1598 908 in
1628 854 1918 909 occultum
1950 850 2166 906 usitato

522 944 730 1000 itinere
758 943 1218 1009 transeuntium,
1252 942 1541 998 naturalia
1571 942 1880 997 dicuntur:
1915 957 2047 995 cum
2071 955 2166 994 ve-

522 1050 584 1088 ru
628 1033 1012 1088 admonendis
1057 1030 1396 1087 hominibus
1441 1031 1722 1086 inusitata
1771 1027 2161 1085 mutabilitate

520 1122 889 1195 ingeruntur,
919 1119 1214 1194 magnalia
1244 1120 1642 1176 nominantur.

590 1210 822 1267 CAPUT
858 1210 972 1267 VII.
1006 1242 1069 1249 —
1108 1211 1190 1264 12.
1236 1209 1499 1263 Miracula
1547 1225 1747 1279 magna
1787 1224 1887 1279 per
1916 1207 2159 1274 magicas

516 1309 673 1356 artes.
696 1299 811 1355 Hoc
828 1299 994 1355 video
1008 1298 1143 1371 quid
1161 1298 1401 1352 inﬁrmae
1416 1297 1751 1369 cogitationi
1770 1295 1949 1367 possit
1965 1312 2159 1349 occur-

517 1407 661 1460 rere,
681 1387 1144 1445 curscilicetista
1161 1386 1440 1441 miracula
1463 1385 1633 1441 etiam
1662 1384 1903 1456 magicis
1931 1383 2156 1438 artibus

514 1479 684 1534 fiant:
704 1494 833 1533 nam
849 1480 1069 1549 etmagi
1086 1475 1685 1531 Pharaonissimiliter
1697 1480 1995 1544 serpentes
2012 1473 2153 1526 fece-

513 1572 670 1635 runt,
704 1572 759 1622 et
790 1567 902 1622 alia
928 1564 1164 1622 similia.
1198 1566 1303 1620 Sed
1332 1561 2153 1635 illudampliusestadmiran-

511 1657 673 1723 dum,
689 1656 981 1728 quomodo
995 1670 1299 1726 magorum
1314 1652 1413 1709 illa
1428 1653 1700 1725 potentia,
1718 1669 1845 1724 quae
1860 1656 2154 1722 serpentes

511 1746 699 1801 facere
711 1744 1025 1816 potuit,ubi
1042 1744 1111 1799 ad
1130 1759 1361 1798 muscas
1377 1741 1805 1797 minutissimas
1819 1746 2050 1795 ventum
2068 1744 2155 1795 est

511 1833 748 1890 omnino
769 1833 996 1889 defecit.
1027 1832 1347 1905 Scyniphes
1383 1832 1538 1887 enim
1565 1830 1843 1886 musculae
1866 1834 2004 1883 sunt
2023 1829 2151 1883 bre-

508 1924 782 1989 vissimae,
811 1940 924 1992 qua
946 1921 1117 1977 tertia
1146 1920 1315 1993 plaga
1345 1921 1635 1993 superbus
1667 1918 1918 1991 populus
1952 1923 2152 1990 Egyp-

511 2012 725 2068 tiorum
757 2011 1107 2067 caedebatur.
1137 2009 1222 2065 lbi
1254 2014 1406 2065 certe
1439 2010 1773 2064 deficientes
1806 2008 1957 2080 magi
1993 2008 2153 2062 dixe-

512 2106 685 2156 runt:
718 2101 931 2172 Digitus
959 2100 1057 2155 Dei
1083 2108 1161 2155 est
1192 2099 1322 2155 hoc2
1357 2098 1547 2170 (Exod.
1583 2115 1677 2167 vn,
1711 2107 1762 2153 et
1789 2098 1956 2169 v111,).
1992 2096 2154 2153 Unde

510 2188 759 2261 intelligi
792 2190 983 2258 datur,
1018 2204 1088 2243 ne
1121 2188 1281 2259 ipsos
1313 2188 1547 2260 quidem
1571 2191 2034 2259 transgressores
2058 2202 2153 2240 an-

508 2278 667 2351 gelos
698 2284 755 2334 et
775 2295 971 2333 aereas
994 2282 1330 2349 potestates,
1360 2278 1417 2331 in
1442 2278 1616 2332 imam
1646 2276 1815 2332 istam
1842 2274 2149 2347 caliginem

507 2374 789 2439 tanquam
823 2367 878 2421 in
904 2366 993 2422 sui
1016 2366 1245 2438 generis
1268 2383 1575 2435 carcerem,
1601 2366 1672 2420 ab
1698 2364 1854 2421 illius
1877 2364 2153 2420 sublimis

505 2456 763 2511 aetherem
778 2455 1049 2526 puritatis
1065 2455 1422 2510 habitatione
1441 2456 1728 2524 detrusas,
1750 2471 1850 2525 per
1867 2471 2013 2525 quas
2029 2470 2150 2508 ma-

503 2546 647 2617 gicae
669 2550 822 2600 artes
845 2549 1092 2616 possunt
1109 2545 1395 2615 quidquid
1416 2550 1683 2616 possunt,
1702 2542 1891 2598 valere
1909 2542 2147 2613 aliquid,

506 2634 616 2689 nisi
653 2635 787 2689 data
817 2634 1069 2705 desuper
1098 2637 1401 2704 potestate.
1427 2633 1607 2687 Datur
1628 2636 1821 2687 autem
1844 2631 1929 2687 vel
1956 2633 2024 2686 ad
2051 2629 2153 2687 fal-

505 2723 707 2779 lendos
742 2722 994 2787 fallaces,
1028 2722 1180 2778 sicut
1209 2722 1267 2776 in
1289 2721 1606 2794 Egyptios,
1634 2726 1690 2775 et
1713 2721 1769 2775 in
1795 2721 1952 2793 ipsos
1974 2721 2147 2776 etiam

506 2829 706 2885 magos
737 2812 872 2868 data
902 2818 1008 2879 est,
1043 2816 1106 2866 ut
1138 2811 1191 2865 in
1223 2828 1424 2866 eorum
1457 2810 1767 2882 spirituum
1817 2811 2151 2866 seductione

508 2902 844 2958 viderentur
864 2901 1192 2957 admirandi
1217 2918 1247 2955 a
1271 2901 1487 2972 quibus
1503 2900 1736 2969 ﬁebant,
1754 2917 1785 2954 a
1802 2901 1894 2954 Dei
1913 2901 2151 2955 veritate

508 2991 824 3046 damnandi
854 3009 866 3057 ;
902 2990 987 3046 vel
1019 2991 1089 3044 ad
1122 2990 1522 3044 admonendos
1554 2989 1771 3058 ﬁdeles,
1805 3005 1873 3042 ne
1904 2988 2016 3043 tale
2044 2989 2145 3042 ali-

508 3080 647 3151 quid
684 3080 867 3135 facere
916 3097 1017 3152 pro
1068 3096 1280 3150 magno
1330 3079 1676 3141 desiderent,
1727 3083 1962 3149 propter
1999 3078 2147 3148 quod

508 3170 681 3225 etiam
709 3169 876 3224 nobis
900 3168 1206 3240 Scriptura:
1234 3166 1575 3223 auctoritate
1599 3172 1736 3222 sunt
1773 3166 2035 3238 prodita;
2062 3167 2148 3223 vel

507 3259 579 3314 ad
595 3258 997 3324 exercendam,
1012 3258 1393 3329 probandam,
1411 3256 2149 3327 manii‘estandamquejus-

504 3352 697 3404 torum
716 3347 1278 3418 patientiam.Neque
1291 3345 1445 3401 enim
1461 3363 1636 3417 parva
1648 3345 1963 3400 visibilium
1982 3346 2152 3401 mira-

504 3437 770 3492 culorum
796 3436 1072 3508 potentia,
1096 3436 1202 3491 Job
1226 3440 1435 3490 cuncta
1472 3451 1599 3505 qua:
1640 3434 1887 3489 habebat
1927 3434 2146 3503 amisit,

503 3531 559 3581 et
588 3524 739 3581 filios
770 3529 827 3580 et
859 3525 1046 3597 ipsam
1079 3523 1338 3596 corporis
1370 3523 1682 3578 sanitatem
1717 3523 1854 3594 (Job.
1888 3541 1905 3578 1
1934 3527 1984 3578 et
2015 3524 2097 3595 11).

573 3614 803 3670 CAPUT
826 3614 968 3670 VlIl.
993 3646 1061 3655 —
1085 3614 1166 3668 l3.
1192 3614 1351 3668 Solus
1374 3613 1511 3667 Deus
1531 3614 1860 3668 createtz'am
1892 3614 1992 3668 illa
2025 3628 2148 3686 quae

499 3706 725 3775 magicis
737 3704 947 3759 artibus
960 3706 1443 3774 trans/amantur.
1455 3701 1565 3757 Nec
1580 3701 1706 3757 ideo
1722 3720 1792 3774 pu
1804 3703 1937 3757 tand
1951 3720 2042 3757 um
2059 3707 2148 3759 est

501 3793 1176 3865 ististransgressoribus
1190 3790 1412 3862 angelis
1428 3792 1496 3844 ad
1524 3797 1733 3845 nutum
1758 3792 1972 3847 servire
1994 3792 2146 3848 hanc

498 3882 819 3937 visibilium
852 3896 1043 3938 rerum
1076 3881 1401 3949 materiam,
1437 3880 1536 3933 sed
1573 3880 1683 3933 Deo
1716 3880 1932 3951 potius,
1966 3898 1997 3935 a
2028 3898 2144 3953 quo

501 3971 621 4026 haec
650 3975 902 4043 potestas
919 3971 1111 4034 datur,
1137 3972 1421 4040 quantum
1447 3968 1502 4021 in
1530 3967 1765 4022 sublimi
1794 3973 1849 4023 et
1869 3970 2144 4040 spiritua-

502 4060 541 4116 li
575 4061 711 4116 sede
740 4057 1507 4126 incommutabilisjudicat.
1560 4056 1701 4111 Nam
1752 4061 1808 4112 et
1848 4060 2143 4115 damnatis

504 4150 720 4221 iniquis
752 4148 925 4204 etiam
960 4147 1016 4202 in
1070 4145 1306 4201 metallo
1356 4146 1566 4200 servit3
1614 4164 1764 4218 aqua
1806 4152 1861 4202 et
1903 4148 2054 4219 ignis
2087 4154 2144 4204 et

502 4244 677 4308 terra,
712 4244 774 4293 ut
808 4239 1037 4304 faciant,
1066 4236 1201 4291 inde
1229 4236 1382 4307 quod
1434 4234 1653 4305 volunt,
1705 4236 1803 4292 sed
1856 4242 2141 4308 quantum

502 4328 734 4384 sinitur.
766 4327 881 4383 Nec
913 4342 1053 4381 sane
1084 4329 1368 4380 creatores
1397 4322 1481 4378 illi
1522 4325 1656 4380 mali
1690 4325 1876 4397 angeli
1911 4327 2140 4382 dicendi

501 4428 658 4482 sunt,
695 4416 830 4488 quia
861 4433 963 4487 per
1003 4413 1132 4469 illos
1187 4413 1336 4485 magi
1392 4414 1726 4469 resistentes
1772 4415 1989 4471 famulo
2039 4418 2137 4473 Dei

499 4524 671 4563 ranas
722 4512 778 4563 et
825 4514 1120 4578 serpentes
1167 4505 1464 4562 fecerunt:
1519 4522 1633 4561 non
1684 4507 1838 4561 enim
1892 4508 2001 4580 ipsi
2045 4526 2143 4564 eas

496 4599 854 4652 creaverunt.
890 4595 1164 4650 Omnium
1196 4594 1413 4667 quippe
1444 4611 1637 4650 rerum
1670 4612 1797 4667 quae
1826 4597 2142 4668 corporali-

494 4688 584 4739 ter
613 4681 1032 4753 visibiliterque
1083 4686 1426 4746 nascuntur,
1478 4682 1703 4737 occulta
1750 4685 2016 4754 quzedam
2049 4702 2139 4741 se-

494 4773 656 4828 mina
688 4772 742 4826 in
776 4771 905 4833 istis
936 4771 1227 4843 corporeis
1261 4770 1461 4825 mundi
1503 4770 1683 4841 hujus
1715 4772 2019 4829 elementis
2050 4773 2138 4831 la-

492 4866 637 4917 tent.
666 4860 792 4915 Alia
818 4864 957 4915 sunt
986 4860 1142 4915 enim
1173 4860 1432 4930 haecjam
1456 4861 1773 4931 conspicua
1795 4861 1979 4917 oculis
2005 4882 2136 4920 nos-

491 4951 596 5005 tris
629 4966 696 5005 ex
727 4949 1009 5005 fructibus
1038 4956 1094 5005 et
1125 4947 1543 5015 animantibus,
1579 4948 1691 5003 alia
1744 4966 1876 5005 vero
1908 4950 2006 5007 illa
2037 4970 2137 5008 oc-

491 5039 646 5095 culta
677 5039 923 5095 istorum
956 5039 1250 5095 seminum
1284 5037 1528 5103 semina,
1564 5038 1717 5092 unde
1738 5038 1983 5109 jubente
2006 5045 2136 5099 Cre-

494 5134 651 5185 atore
682 5130 949 5200 produxit
981 5146 1134 5199 aqua
1168 5127 1354 5197 prima
1387 5124 1599 5180 natalia
1627 5134 1681 5181 et
1713 5127 1988 5195 volatilia,
2022 5135 2135 5185 ter-

492 5236 558 5275 ra
586 5224 775 5274 autem
812 5218 999 5290 prima
1029 5217 1119 5272 sui
1150 5215 1413 5288 generis"
1443 5214 1725 5285 germina,
1754 5218 2020 5288 etprima
2044 5220 2134 5273 sui

561 5389 575 5420 ι
601 5385 837 5451 Hiceiliti
862 5385 1091 5451 addunt:
1116 5382 2003 5451 Simiv'iteretdecommunimaleria,
2026 5402 2137 5451 quae

493 5448 547 5496 in
569 5450 735 5495 causis
763 5449 1111 5495 mun'lialibus
1140 5446 1383 5509 consistit,
1410 5444 1575 5491 subito
1607 5458 1675 5491 ait
1705 5452 1900 5506 tempus
1927 5444 2135 5509 prof/ire

493 5510 704 5557 arietem
734 5515 779 5557 el
811 5509 1097 5557 columbam
1124 5508 1401 5565 constituit,
1449 5509 1633 5570 quibus
1683 5522 1810 5555 unus
1851 5511 1994 5571 vigor
2021 5528 2134 5559 car-

491 5587 615 5621 neus
643 5578 689 5618 et
720 5576 769 5619 in
803 5576 1025 5633 tempore
1046 5581 1093 5619 εἰ
1114 5586 1175 5618 (να.-
1196 5576 1419 5632 tempere
1440 5572 1733 5618 accesu'om's
1752 5576 1799 5619 et
1824 5575 2133 5632 recessionis,

488 5649 589 5683 non
622 5634 817 5691 disi-ar,
849 5636 941 5683 sed
967 5636 1239 5683 inusitatus
1267 5633 1526 5697 apparuit.
1578 5633 1740 5681 Abest
1787 5634 1853 5682 ab
1883 5638 2135 5687 omnibus

530 5711 657 5745 roue
678 5698 798 5745 Mss.

490 5711 856 5818 prfﬁlitiiisest
888 5758 983 5808 lue.
1018 5760 1083 5810 At
1112 5761 1257 5819 Mss.,
1286 5760 1358 5806 est
1387 5756 1477 5804 hoc
1495 5770 1516 5817 ;
1546 5755 1699 5819 juxta
1728 5771 1958 5820 graecum
1989 5761 2129 5812 LXX.

551 5824 572 5859 ³
599 5822 753 5886 Apud
782 5822 1066 5886 Er.gLngd.
1097 5824 1227 5873 Ven.
1259 5823 1405 5886 Lov.,
1433 5822 1677 5886 serviunt.

546 5886 570 5924 δ
598 5884 822 5948 Quidam
842 5885 964 5938 Mss.
980 5883 1078 5937 hoc
1098 5885 1273 5951 priore
1294 5883 1413 5932 loco
1433 5884 1778 5945 praetereunt,
1801 5884 1884 5933 sui
1899 5886 2123 5950 generis.

1634 436 1738 515 Ds
1782 452 2229 526 TBINITATE,
2279 454 2343 513 s.
2378 444 2803 515 AUGUSTINI

3806 458 3915 518 876

2273 583 2497 655 generis
2523 584 2797 639 animalia
2822 584 2969 657 (Gen.
2989 603 3026 656 Ι,
3049 585 3261 657 2025).
3287 584 3484 657 Neque
3507 586 3663 641 enim
3689 590 3825 645 tunc
3858 589 3911 644 in

2273 672 2679 742 hujuscemodi
2712 675 2862 729 fetus
2895 676 2975 730 ita
2998 676 3279 746 producta
3302 680 3496 747 sunt‘,
3523 682 3585 731 ut
3608 677 3666 731 in
3692 676 3773 732 eis
3796 696 3911 749 qua

2275 763 2556 834 producta
2579 769 2715 818 sunt
2736 764 2822 819 vis
2845 763 2944 819 illa
2964 765 3429 837 consumptasit:
3452 767 3551 821 sed
3577 766 3912 839 plerumque

2275 853 2762 924 desuntcongruze
2789 859 3383 926 temperamentorum
3408 856 3767 921 occasiones,
3792 858 3913 927 qui-

2275 939 2386 994 bus
2409 947 2739 1013 erumpant,
2764 946 2820 997 et
2844 942 3066 1014 species
3091 960 3229 999 suas
3251 948 3556 1017 peragant.
3590 950 3733 1001 Ecce
3764 947 3912 1001 enim

2272 1028 2650 1085 brevissimus
2675 1030 2948 1087 surculus
2971 1048 3167 1087 semen
3193 1037 3312 1100 est;
3349 1050 3484 1088 nam
3513 1033 3915 1090 convenienter

2270 1119 2580 1174 mandatus
2605 1124 2764 1174 terrai
2786 1121 3049 1176 arborem
3074 1122 3228 1177 facit.
3263 1122 3453 1192 Hujus
3475 1128 3670 1178 autem
3696 1122 3912 1179 surculi

2267 1207 2540 1263 subtilius
2554 1225 2751 1264 semen
2766 1209 2999 1280 aliquod
3015 1211 3277 1279 ejusdem
3294 1212 3523 1283 generis
3536 1228 3786 1284 granum
3803 1220 3910 1282 est,

2264 1295 2443 1350 ethuc
2462 1299 2842 1368 usque’nobis
2859 1299 3104 1354 visibile.
3121 1302 3246 1355 lam
3263 1317 3393 1356 vero
3413 1301 3586 1372 hujus
3602 1302 3777 1357 etiam
3792 1319 3912 1374 gra-

2267 1385 2321 1438 ni
2348 1402 2542 1440 semen
2570 1388 2832 1454 quamvis
2859 1388 3040 1443 oculis
3062 1390 3254 1443 videre
3284 1407 3667 1459 nequeamus,
3696 1392 3910 1447 ratione

2263 1478 2455 1529 tamen
2475 1477 2757 1546 conjicere
2778 1495 3125 1548 possumus:
3160 1478 3299 1549 quia
3327 1478 3437 1534 nisi
3462 1480 3594 1535 talis
3612 1480 3809 1552 aliqua
3826 1483 3906 1536 vis

2262 1564 2631 1620 essetinistis
2657 1566 2980 1632 elementis,
3017 1584 3129 1622 non
3159 1567 3505 1639 plerumque
3532 1576 3909 1625 nascerentur

2263 1668 2330 1707 ex
2362 1658 2513 1709 terra
2544 1672 2670 1726 quae
2697 1655 2774 1710 ibi
2808 1656 3094 1711 seminata
3126 1674 3243 1711 non
3269 1663 3502 1725 essent;
3546 1675 3653 1714 nec
3692 1659 3909 1714 anima-

2262 1741 2339 1796 lia
2370 1749 2488 1797 tam
2523 1744 2727 1811 multa,
2761 1744 2921 1799 nulla
2952 1746 3200 1801 marium
3250 1746 3720 1819 feminarumque
3750 1765 3907 1803 com-

2262 1832 2541 1887 mixtione
2575 1835 2954 1904 przeeedente,
2988 1835 3112 1891 sive
3142 1835 3199 1890 in
3252 1840 3426 1904 terra,
3479 1836 3596 1892 sive
3648 1837 3705 1891 in
3735 1854 3903 1909 aqua,

2262 1938 2385 1992 quae
2420 1927 2611 1978 tamen
2645 1929 2913 1979 crescunt
2944 1929 2999 1979 et
3029 1926 3293 1981 coeundo
3329 1926 3443 1981 alia
3486 1926 3742 1997 pariunt,
3775 1943 3904 1983 cum

2261 2009 2359 2064 illa
2390 2009 2566 2064 nullis
2598 2010 2941 2066 coeuntibus
2973 2012 3315 2084 parentibus
3344 2017 3470 2067 orta
3498 2012 3640 2068 sint.
3669 2017 3733 2067 Μ
3756 2020 3905 2068 certe

2261 2116 2398 2169 apes
2429 2099 2654 2154 semina
2682 2098 2932 2154 filiorum
2965 2118 3079 2156 non
3112 2101 3374 2157 coeundo
3406 2100 3768 2173 concipiunt,
3803 2102 3903 2156 secl

2260 2191 2534 2259 tanquam
2572 2205 2777 2259 sparsa
2807 2206 2908 2259 per
2933 2193 3116 2245 terras
3149 2206 3245 2245 ore
3285 2188 3586 2261 colligunt.
3640 2190 3903 2245 Invisibi-

2260 2276 2405 2330 lium
2439 2277 2593 2331 enim
2628 2278 2919 2332 seminum
2954 2286 3191 2345 creator,
3232 2276 3357 2350 ipse
3408 2282 3632 2333 creator
3662 2283 3751 2333 est
3781 2295 3903 2333 om-

2259 2364 2421 2420 nium
2456 2382 2685 2421 rerum:
2732 2367 3010 2438 quoniam
3064 2384 3443 2439 quascumque
3493 2368 3787 2423 nascendo
3831 2366 3902 2422 ad

2259 2455 2457 2509 oculos
2489 2462 2721 2510 nostros
2752 2462 2984 2523 exeunt,
3017 2472 3086 2510 ex
3115 2456 3360 2511 occultis
3401 2456 3727 2511 seminibus
3755 2457 3905 2511 acci-

2260 2543 2427 2615 piunt
2458 2545 2862 2615 progrediendi
2897 2544 3235 2616 primordia,
3268 2549 3324 2600 et
3352 2546 3709 2600 incrementa
3739 2544 3902 2601 debi-

2259 2637 2325 2686 ta}
2361 2633 2781 2704 magnitudinis
2806 2634 3327 2706 distinctionesque
3352 2635 3668 2689 formarum
3695 2636 3765 2689 ab
3788 2635 3904 2690 ori-

2257 2720 2551 2792 ginalibus
2584 2726 2863 2794 tanquam
2902 2721 3116 2795 regulis
3148 2728 3411 2778 sumunt.
3445 2723 3607 2778 Sicut
3635 2740 3771 2795 ergo
3796 2740 3901 2780 nec

2259 2815 2528 2880 parentes
2551 2810 2800 2865 dicimus
2827 2818 3114 2866 creatures
3134 2811 3464 2881 hominum,
3490 2828 3593 2867 nec
3617 2812 3904 2884 agricolas

2258 2906 2543 2954 creatores
2567 2901 2818 2971 frugum,
2846 2900 3114 2972 quamvis
3136 2917 3335 2955 eorum
3359 2902 3720 2956 extrinsecus
3742 2902 3905 2957 adhi-

2258 2988 2399 3042 bitis
2426 2988 2680 3043 motibus
2715 2990 2823 3043 ista
2854 2991 3104 3043 creanda
3136 2989 3233 3044 Dei
3266 2990 3449 3044 virtus
3482 2990 3727 3044 interius
3760 3007 3903 3060 ope-

2259 3081 2443 3131 retur:
2480 3078 2560 3132 ita
2594 3095 2703 3132 non
2740 3077 2926 3132 solum
2955 3079 3158 3145 malos,
3187 3079 3286 3133 sed
3314 3094 3416 3132 nec
3438 3079 3619 3133 bonos
3648 3080 3900 3151 Angelos

2259 3166 2344 3219 fas
2371 3172 2457 3221 est
2489 3172 2689 3239 putare
2721 3173 3025 3228 creatores,
3061 3166 3110 3221 si
3144 3184 3243 3238 pro
3289 3167 3614 3222 subtilitate
3647 3168 3737 3222 sui
3771 3184 3903 3223 sen-

2258 3272 2358 3309 sus
2390 3261 2445 3309 et
2475 3255 2751 3327 corporis,
2778 3256 3002 3310 semina
3024 3273 3213 3311 rerum
3243 3255 3486 3311 istarum
3519 3258 3688 3311 nobis
3714 3258 3903 3313 occul-

2257 3344 2407 3399 tiora
2426 3353 2729 3411 noverunt,
2748 3349 2803 3399 et
2820 3361 2883 3399 ea
2905 3361 3006 3416 per
3022 3361 3309 3416 congruas
3327 3348 3777 3416 temperationes
3797 3347 3905 3403 ele-

2260 3438 2585 3488 mentorum
2611 3432 2856 3488 latenter
2873 3434 3461 3505 spargunt,atqueita
3475 3435 3902 3507 gignendarum

2266 3541 2459 3579 rerum
2495 3529 2551 3578 et
2583 3521 3092 3578 accelerandorum
3118 3522 3611 3579 incrementorum
3649 3525 3907 3597 praebent

2256 3614 2609 3669 occasiones.
2644 3612 2752 3666 Sed
2788 3629 2889 3666 nec
2923 3612 3055 3667 boni
3089 3612 3231 3679 haec,
3267 3612 3376 3666 nisi
3429 3617 3719 3684 quantum
3752 3614 3904 3670 Deus

2247 3703 2434 3773 jubet,
2456 3718 2558 3755 nec
2579 3701 2712 3755 mali
2735 3700 2853 3754 hrcc
2871 3700 3087 3771 injuste
3108 3701 3344 3765 faciunt,
3364 3701 3907 3773 nisiquuntumjus-

2254 3798 2308 3847 te
2341 3792 2461 3861 ipse
2494 3790 2796 3862 permittit.
2839 3789 2983 3844 Nam
3032 3789 3216 3859 iniqui
3268 3789 3491 3845 malitia
3541 3790 3903 3846 voluntatem

2255 3898 2421 3936 suam
2452 3879 2626 3935 habet
2656 3879 2978 3949 injustam;
3026 3883 3368 3950 potestatem
3413 3884 3609 3933 autem
3643 3897 3759 3935 non
3792 3880 3907 3935 nisi

2246 3972 2406 4041 juste
2438 3968 2700 4039 accipit“,
2735 3968 2853 4022 sive
2886 3968 2955 4022 ad
2992 3984 3216 4039 pmnam
3262 3984 3454 4036 suam,
3507 3968 3627 4023 sive
3656 3970 3727 4023 ad
3762 3969 3903 4025 alio-

2252 4075 2405 4126 rum,
2438 4056 2523 4111 vel
2556 4073 2785 4127 poenam
2822 4056 3131 4121 malorum,
3180 4055 3264 4109 vel
3318 4055 3554 4111 laudem
3589 4057 3902 4113 bonorum.

2324 4148 2407 4201 14.
2438 4152 2630 4216 Itaque
2662 4144 2959 4218 apostolus
3004 4144 3218 4200 Paulus
3263 4144 3603 4201 discernens
3654 4146 3907 4201 interius

2251 4236 2432 4291 Deum
2458 4242 2745 4290 creantem
2775 4240 2947 4304 atque
2974 4236 3339 4302 formantem,
3365 4235 3435 4289 ab
3456 4236 3733 4307 operibus
3753 4253 3908 4291 crea-

2251 4330 2392 4380 turae
2427 4342 2552 4396 quae
2585 4325 2969 4378 admoventur
2999 4323 3385 4393 extrinsecus,
3419 4328 3476 4379 et
3524 4324 3595 4379 de
3646 4324 3901 4395 agricul-

2251 4419 2381 4469 tura
2430 4412 2878 4467 similitudinem
2932 4429 3239 4467 assumens
3290 4412 3407 4468 ait:
3463 4413 3573 4484 Ego
3621 4415 3903 4484 plantacf,

2250 4505 2434 4575 Apollo
2468 4503 2704 4573 rigavit;
2750 4501 2839 4555 sed
2887 4503 3027 4557 Deus
3078 4504 3474 4557 incrementum
3522 4502 3670 4557 dedit
3700 4504 3745 4575 (Ι
3781 4503 3904 4558 Cor.

2250 4609 2334 4661 ιιι,
2368 4593 2443 4662 6).
2472 4592 2633 4645 Sicut
2659 4607 2794 4662 ergo
2826 4590 2881 4643 iu
2917 4591 3043 4662 ipsa
3075 4590 3189 4645 vita
3214 4596 3472 4646 nostram
3497 4593 3907 4663 mentemjus-

2250 4681 2523 4735 tiﬁcando
2558 4682 2804 4734 ieiunare
2838 4697 2949 4734 non
2984 4684 3175 4751 potest
3228 4680 3339 4736 nisi
3396 4685 3569 4751 Deus,
3622 4683 3909 4753 praedica-

2250 4787 2308 4824 re
2337 4775 2529 4823 autem
2562 4767 2933 4839 Evangelium
2964 4768 3330 4823 extrinsecus
3362 4774 3418 4824 et
3458 4768 3732 4824 homines
3767 4787 3909 4841 pos-

2248 4865 2405 4922 sunt,
2449 4874 2561 4911 non
2614 4856 2802 4912 solum
2861 4856 2993 4913 boni
3042 4874 3142 4928 per
3188 4858 3512 4921 veritatem,
3567 4858 3669 4913 sed
3725 4860 3911 4915 etiam

2248 4946 2383 5002 mali
2415 4963 2512 5017 per
2543 4945 2900 4999 occasionem
2952 4946 3215 5017 (Philipp.
3252 4963 3293 5013 ι,
3347 4946 3469 5018 18):
3527 4947 3607 5000 ita
3657 4948 3912 5002 creatio-

2247 5052 2376 5090 nem
2414 5052 2601 5089 rerum
2637 5033 2948 5088 visibilium
2986 5034 3135 5089 Deus
3169 5035 3414 5090 interius
3445 5039 3771 5105 operatur;
3811 5053 3913 5091 ex-

2244 5125 2482 5178 teriores
2515 5128 2706 5177 autem
2743 5124 3107 5194 Operationes
3140 5124 3260 5179 sive
3292 5124 3581 5177 bonorum
3616 5123 3741 5177 sive
3777 5141 3913 5180 ma-

2244 5212 2455 5276 lorum,
2489 5209 2571 5265 vel
2622 5210 2976 5281 Angelorum
3032 5211 3119 5265 vel
3180 5212 3507 5273 hominum,
3569 5210 3689 5265 sive
3720 5214 3912 5268 etiam

2245 5316 2750 5371 quorumcumque
2766 5298 3457 5364 animalium,secundum
3477 5299 3797 5369 imperium
3818 5318 3920 5356 su-

2245 5405 2341 5443 um
2366 5394 2420 5442 et
2434 5404 2538 5441 ase
2554 5388 2629 5441 im
2642 5387 2880 5458 pertitas
2893 5388 3339 5443 distributiones
3356 5392 3713 5459 potestatum
3730 5395 3793 5443 et
3807 5407 3918 5461 ap-

2244 5476 2549 5547 petitiones
2576 5476 3080 5543 commoditatum,
3102 5478 3180 5531 ita
3203 5493 3393 5532 rerum
3416 5481 3637 5531 natura:
3655 5477 3918 5533 adhibet

2309 5576 2322 5607 ¹
2360 5573 2511 5627 Editi,
2548 5576 2668 5621 tunc
2696 5572 3049 5636 hujuscemodi
3084 5577 3220 5636 fetus
3269 5576 3340 5622 ita
3385 5574 3627 5633 producti
3661 5578 3811 5622 sunt.
3848 5576 3917 5624 At

2244 5639 2365 5684 Mss.
2398 5640 2517 5684 tunc
2547 5639 2598 5684 in
2631 5635 2987 5700 hujuscemodi
3010 5635 3146 5700 fetus
3177 5638 3247 5693 (id
3281 5642 3379 5697 est,
3402 5637 3469 5685 ad
3494 5637 3811 5700 gignendos
3832 5638 3915 5689 fe-

2242 5705 2327 5748 tus
2357 5701 2436 5747 sui
2468 5700 2702 5761 generis)
2725 5698 2798 5746 ita
2825 5698 3074 5758 producta
3096 5708 3235 5749 sunt.

2314 5762 2413 5826 ιιι)
2443 5761 2621 5826 multis
2646 5761 2790 5820 Μέθη
2821 5768 2869 5809 et
2898 5762 2989 5826 hoc
3017 5777 3189 5826 usque.

2302 5827 2322 5861 ³
2352 5824 2434 5874 Sic
2466 5823 2701 5886 plerique
2732 5838 2795 5872 ac
2829 5822 3221 5874 meliores—Mss.
3243 5823 3381 5873 Editi
3403 5836 3555 5886 vero,
3576 5822 3917 5873 voluntatem

2240 5885 2429 5938 habent
2443 5885 2711 5951 injustam,
2726 5889 3026 5952 potestatem
3045 5892 3214 5939 autem
3234 5885 3598 5954 nonnisijuate
3614 5886 3915 5955 accipiunt.
