4040 6504
206 477 323 539 877

200 612 257 665 in
285 628 401 683 qua
423 616 581 667 creat
603 613 821 679 omnia,
842 615 1337 685 quemadmodum
1361 619 1522 670 terra
1541 613 1856 686 agricultu-

200 701 808 772 ram.Quapropterita
824 720 935 758 non
954 720 1191 775 possum
1208 704 1397 759 dicere
1417 705 1652 776 angelos
1668 703 1856 757 malos

202 790 446 860 magicis
476 792 699 846 artibus
732 796 1016 857 evocatos,
1045 797 1332 848 creatures
1365 794 1544 849 fuisse
1576 808 1851 848 ranarum

200 883 375 949 atque
393 880 752 950 serpentium
775 880 956 947 ;sicut
982 899 1090 936 non
1110 899 1348 953 possum
1376 883 1565 937 dicere
1589 880 1854 936 homines

202 966 388 1022 malos
420 974 708 1024 creatores
740 986 866 1025 esse
897 972 1131 1042 segetis,
1169 987 1341 1042 quam
1362 987 1464 1043 per
1494 987 1693 1025 eorum
1718 986 1853 1039 ope-

199 1072 323 1111 ram
358 1057 551 1112 videro
577 1060 593 1094 ί
625 1062 904 1113 exortam.

272 1146 356 1199 133.
392 1147 551 1201 Sicut
581 1163 685 1202 nec
710 1148 889 1202 Jacob
917 1152 1142 1203 creator
1172 1146 1430 1203 colorum
1462 1147 1518 1202 in
1545 1148 1851 1220 pecoribus

196 1232 325 1299 fuit,
355 1234 492 1305 quia
524 1235 864 1290 bibentibus
896 1235 953 1289 in
988 1242 1263 1308 conceptu
1289 1236 1577 1291 matribus
1600 1236 1851 1292 variatas

192 1322 387 1393 virgas
419 1339 567 1394 quas
600 1322 971 1379 intuerentur
1002 1324 1443 1396 apposuit(Gen.
1466 1342 1598 1389 xxx,
1622 1324 1849 1395 lit).Sed

194 1428 300 1465 nec
324 1412 462 1482 ipsa
494 1413 745 1483 pecudes
770 1414 1075 1469 creatrices
1103 1415 1649 1469 fueruntvarietatis
1672 1412 1850 1485 prolis

191 1517 333 1565 sua,
351 1502 490 1571 quia
519 1501 830 1557 inhaserat
848 1502 1056 1557 anima
1082 1502 1313 1557 illarum
1333 1502 1585 1558 discolor
1600 1503 1847 1575 phanta-

192 1588 279 1643 sia
293 1606 359 1643 ex
374 1589 633 1644 contuitu
654 1590 882 1645 variaru
896 1608 947 1644 m
966 1592 1259 1663 virgarum
1277 1608 1378 1663 per
1394 1592 1595 1647 oculos
1608 1591 1685 1646 im
1695 1608 1849 1663 pres-

193 1693 280 1745 sa,
316 1695 443 1748 qua
480 1696 591 1733 non
626 1680 946 1750 potuitnisi
969 1696 1181 1751 corpus
1214 1682 1365 1752 quod
1390 1681 1472 1735 sic
1503 1682 1707 1736 affecto
1731 1680 1848 1752 spi-

191 1766 309 1821 ritu
343 1767 734 1835 animabatur,
755 1785 821 1823 ex
844 1769 1245 1841 compassione
1267 1770 1700 1824 commixtionis
1723 1770 1846 1824 affi-

190 1871 339 1923 cere,
358 1858 512 1912 unde
536 1858 749 1912 teneris
767 1859 987 1912 fetuum
1008 1859 1345 1929 primordiis
1363 1858 1551 1913 colore
1569 1866 1737 1913 tenus
1752 1876 1842 1913 as-

191 1947 583 2018 pergeretur’.
610 1947 680 2002 Ut
710 1947 864 2002 enim
902 1947 983 2002 sic
1016 1963 1084 2002 ex
1117 1948 1450 2019 semetipsis
1490 1947 1840 2018 afficiantur,

186 2033 274 2090 vel
293 2036 489 2089 anima
520 2052 586 2091 ex
618 2052 879 2107 corpore,
901 2036 988 2091 vel
1020 2054 1232 2108 corpus
1248 2053 1316 2091 ex
1339 2037 1841 2105 anima,congrua

187 2123 442 2178 rationes
460 2123 551 2178 ’id
585 2125 963 2196 faciunt,qua
988 2125 1544 2180 incommutabiliter
1565 2126 1839 2180 vivuntin

185 2212 316 2283 ipsa
329 2228 562 2269 summa
576 2213 670 2267 Dei
692 2214 1179 2285 sapientia,quam
1200 2214 1354 2268 nulla
1372 2215 1562 2285 spatia
1577 2214 1837 2273 locorum

186 2300 457 2371 capiunt;
483 2308 685 2357 etcum
705 2303 830 2372 ipsa
846 2303 920 2358 sit
937 2303 1611 2367 incommutabilis,nihil
1636 2320 1836 2357 eorum

186 2406 315 2461 qua
330 2390 415 2445 vel
431 2392 921 2447 commutabililer
934 2397 1066 2447 sunt
1085 2393 1463 2463 deserit,quia
1476 2392 1619 2446 nihil
1634 2409 1834 2446 eorum

185 2480 299 2534 nisi
319 2481 619 2551 peripsam
653 2487 907 2535 creatum
931 2486 1035 2535 est.
1053 2481 1288 2535 Utenim
1306 2482 1375 2536 de
1398 2480 1699 2552 pecoribus
1721 2498 1834 2536 non

182 2570 381 2640 virga.
402 2586 462 2624 se
486 2588 495 2621 ι
520 2586 725 2640 pecora
741 2575 1138 2633 nascerentur,
1172 2571 1303 2625 fecit
1326 2570 1434 2625 hoc
1454 2570 1837 2625 incommuta-

180 2658 715 2713 bilisetinvisibilis
744 2659 1203 2730 ratiosapientia
1233 2660 1348 2724 Dei,
1372 2674 1659 2729 perquam
1676 2675 1834 2713 crea-

178 2754 239 2801 ta
273 2752 413 2801 sunt
443 2747 680 2802 omnia:
716 2753 781 2802 ut
804 2754 999 2802 autem
1022 2749 1093 2802 de
1109 2748 1383 2802 varietate
1406 2748 1831 2818 virgarum,pe-

177 2851 380 2891 corum
415 2844 829 2906 conceptorum
862 2835 1021 2891 color
1042 2836 1260 2907 aliquid
1286 2837 1546 2903 duceret,
1572 2835 1704 2891 fecit
1726 2836 1833 2891 hoc

176 2925 377 2979 anima
391 2925 638 2993 gravida
660 2925 898 2996 pecudis
918 2941 1018 2996 per
1032 2923 1231 2979 oculos
1261 2925 1464 2978 affecta
1486 2924 1829 2991 forinsecus,

176 3018 235 3067 et
267 3012 515 3068 interius
540 3029 737 3068 secum
756 3030 856 3085 pro
875 3030 981 3069 suo
996 3012 1234 3068 modulo
1256 3013 1542 3067 formandi
1568 3012 1831 3085 regulam

178 3102 443 3167 trahens,
459 3120 632 3173 quam
666 3102 738 3157 de
760 3102 971 3157 intima
991 3102 1249 3173 potentia
1265 3101 1352 3157 sui
1368 3103 1654 3158 Creatoris
1677 3118 1833 3157 acce-

179 3192 289 3264 pit.
326 3192 434 3247 Sed
469 3198 691 3262 quanta
723 3192 799 3246 sit
826 3193 914 3246 vis
945 3192 1151 3245 anima
1170 3192 1240 3246 ad
1266 3190 1632 3245 afﬁciendum
1659 3198 1833 3261 atque

181 3282 527 3335 mutandam
561 3282 865 3335 materiam
900 3280 1258 3351 corporalem
1284 3280 1437 3352 (cum
1464 3286 1656 3335 tamen
1678 3297 1829 3334 crea-

178 3370 296 3424 trix
326 3370 585 3441 corporis
617 3369 729 3423 dici
762 3387 870 3424 non
896 3370 1103 3441 possit,
1124 3371 1264 3440 quia
1295 3368 1488 3423 omnis
1510 3386 1686 3424 causa
1710 3385 1833 3425 mu-

176 3458 377 3513 tabilis
407 3458 820 3529 sensibilisque
840 3458 1203 3523 substantia,
1219 3457 1527 3528 omnisque
1552 3458 1759 3512 modus
1776 3461 1833 3513 et

173 3564 460 3602 numerus
491 3552 547 3602 et
578 3549 805 3618 pondus
837 3548 966 3617 ejus
996 3548 1149 3602 unde
1178 3547 1434 3601 efficitur
1467 3552 1529 3600 ut
1558 3552 1614 3601 et
1653 3548 1748 3611 sit,
1774 3551 1831 3601 et

176 3642 389 3691 natura
420 3636 498 3690 ita
523 3636 609 3691 vel
644 3637 724 3691 ita
751 3637 849 3703 sit,
872 3637 944 3691 ab
974 3635 1327 3707 intelligibili
1361 3641 1416 3689 et
1440 3636 1828 3705 incommuta-

175 3723 276 3777 bili
311 3725 447 3790 vita,
484 3740 610 3794 qua
653 3740 829 3794 super
859 3723 1056 3778 omnia
1088 3730 1196 3788 est,
1240 3723 1453 3787 existit,
1486 3728 1541 3778 et
1569 3723 1829 3794 pervenit

178 3829 367 3883 usque
399 3816 464 3866 ad
491 3819 749 3866 extrema
782 3817 953 3882 atque
980 3812 1482 3881 terrena),multus
1502 3828 1692 3866 sermo
1715 3817 1825 3881 est,

175 3918 366 3972 neque
401 3918 554 3955 nunc
588 3901 954 3956 necessarius
987 3906 1086 3971 (α).
1125 3900 1339 3955 Verum
1374 3906 1676 3972 propterea
1709 3900 1822 3954 fac-

173 3995 306 4044 tum
338 3990 517 4044 Jacob
546 3990 616 4044 de
642 3990 944 4060 pecoribus
972 3989 1553 4045 commemorandum
1586 3989 1827 4044 arbitra-

174 4084 273 4134 tus
306 4095 461 4141 sum,
496 4083 558 4132 ut
586 4077 1028 4150 intelligeretur,
1061 4079 1107 4133 si
1142 4077 1315 4132 homo
1348 4078 1445 4148 qui
1478 4078 1667 4147 virgas
1692 4077 1824 4133 illas

172 4168 259 4223 sic
292 4168 506 4238 posuit,
541 4167 651 4221 dici
679 4184 791 4221 non
812 4172 1001 4238 potest
1030 4173 1254 4222 creator
1284 4166 1542 4221 colorum
1568 4167 1625 4221 in
1658 4166 1824 4238 agnis

171 4260 232 4312 et
262 4256 476 4322 haedis;
498 4272 601 4311 nec
632 4255 773 4327 ipsa
806 4261 1060 4311 matrum
1086 4256 1316 4324 animae,
1343 4273 1464 4325 qua
1484 4262 1823 4327 conceptam

174 4362 283 4419 per
312 4344 511 4401 oculos
542 4345 800 4416 corporis
833 4345 1202 4417 phantasiam
1235 4345 1552 4411 varietatis,
1585 4345 1822 4399 semini-

176 4436 292 4489 bus
341 4451 514 4490 carne
561 4434 875 4505 conceptis,
924 4440 1207 4505 quantum
1256 4439 1467 4488 natura
1497 4450 1668 4503 passa
1713 4437 1822 4502 est,

174 4528 587 4594 asperserunt;
617 4522 800 4578 multo
830 4526 1022 4578 minus
1053 4522 1165 4577 dici
1198 4538 1369 4593 posse
1394 4538 1665 4577 renarum
1697 4538 1823 4577 ser-

176 4613 563 4684 pentiumque
621 4617 907 4667 creatores
960 4611 1197 4683 angelos
1263 4611 1468 4678 malos,
1520 4627 1621 4683 per
1678 4626 1824 4682 quos

176 4700 337 4772 magi
370 4701 687 4757 Pharaonis
720 4706 859 4756 tunc
890 4700 991 4755 illa
1023 4702 1299 4756 fecerunt.

248 4790 480 4847 CAPUT
537 4791 626 4845 IX.
676 4822 747 4831 —
794 4790 969 4844 Causa
1012 4789 1302 4860 originalis
1338 4790 1586 4842 omnium
1628 4804 1661 4842 (ι
1698 4788 1820 4843 Deo.

172 4879 345 4936 Aliud
365 4884 454 4935 est
469 4880 622 4935 enim
637 4880 819 4935 exinti
832 4897 923 4934 mo
942 4895 1005 4933 ac
1020 4894 1252 4947 summo
1266 4894 1575 4931 causarum
1591 4876 1824 4931 cardine

173 4971 427 5027 condere
451 4974 623 5040 atque
649 4968 1063 5024 administrare
1082 4975 1433 5035 creaturam,
1454 4967 1603 5036 quod
1625 4965 1721 5037 qui
1742 4967 1823 5021 fa-

173 5060 274 5130 cit,
313 5059 475 5113 solus
506 5063 727 5112 creator
757 5063 845 5113 est
876 5058 1068 5112 Deus:
1094 5055 1249 5111 aliud
1286 5060 1481 5109 autem
1502 5071 1604 5125 pro
1628 5053 1825 5109 distri-

172 5148 336 5204 butis
350 5146 539 5203 abillo
557 5147 778 5202 viribus
796 5151 851 5201 et
872 5145 1242 5200 facultatibus
1260 5144 1515 5214 aliquam
1537 5142 1824 5214 operatio-

173 5255 312 5293 nem
333 5238 657 5292 forinsecus
683 5238 751 5291 ad
764 5239 1084 5299 movere,ut
1104 5240 1241 5288 tunc
1258 5232 1343 5287 vel
1361 5237 1517 5302 tunc,
1541 5233 1623 5287 sic
1646 5230 1731 5286 vel
1744 5231 1828 5286 sic

171 5332 342 5381 exeat
356 5327 507 5398 quod
525 5330 715 5380 creatu
727 5327 896 5381 r.Ista
909 5323 1123 5395 quippe
1136 5319 1495 5393 originaliter
1506 5337 1571 5375 ac
1588 5321 1830 5391 primor-

171 5415 484 5471 dialiterin
504 5416 757 5486 quadam
778 5418 1005 5469 textura
1034 5412 1451 5467 elementorum
1479 5411 1827 5479 cunctajam

171 5510 373 5562 creata
391 5509 556 5570 sunt;
577 5505 675 5558 sed
693 5503 945 5574 acceptis
959 5499 1497 5573 opportunitatibus
1517 5498 1826 5570 prodeunt.

242 5624 258 5657 ¹
308 5622 458 5679 Apud
491 5620 574 5669 Er.
608 5620 771 5682 Lugd.
801 5620 930 5682 Ven.
964 5619 1107 5674 Lov.,
1134 5616 1282 5664 video
1379 5615 1446 5664 M.

240 5685 263 5720 ⁸
292 5686 401 5749 Duo
418 5688 636 5749 tantum
670 5680 814 5736 Mss.
844 5681 979 5729 color
1008 5681 1231 5749 safer-ius:
1258 5680 1631 5749 asper-geretur.

241 5749 264 5781 ³
299 5747 538 5805 Plerique
570 5747 710 5804 Mss.,
752 5743 1095 5805 congruentia
1126 5742 1364 5790 rationis.

242 5811 316 5871 (α)
347 5811 421 5858 De
452 5803 554 5857 hoc
595 5803 714 5857 vide
760 5803 1031 5871 infra__lib.
1066 5807 1141 5861 11,
1173 5817 1289 5871 cap.
1319 5807 1376 5866 2;
1428 5807 1481 5854 et
1513 5803 1577 5853 de
1610 5804 1832 5855 Civitate

175 5868 309 5926 Dei.
328 5872 421 5922 lib.
447 5874 520 5932 t2,
546 5885 661 5936 cap.
695 5873 771 5930 25,
804 5874 855 5921 et
884 5868 977 5919 lib.
1014 5873 1084 5929 18,
1118 5880 1231 5932 cap.
1256 5868 1302 5917 5.

1601 480 1834 542 LIBER
1874 478 2241 545 TERTIUS.

3497 485 3617 549 878

1964 611 2102 666 Nam
2124 612 2505 668 sicutmatres
2527 614 2776 686 gravida
2790 618 2927 671 sunt
2946 615 3180 687 fetibus,
3204 615 3287 673 sic
3305 616 3615 689 ipsemun-

1965 702 2075 754 dus
2095 703 2371 771 gravidus
2398 709 2487 757 est
2504 703 2697 758 causis
2719 705 3083 759 nascentium
3108 723 3120 760 :
3143 722 3269 777 qua
3293 706 3350 761 in
3374 705 3473 759 illo
3496 724 3613 762 non

1964 791 2378 854 creantur,nisi
2411 791 2595 847 abilla
2617 795 3140 861 summaessentia,
3161 796 3258 850 ubi
3282 811 3385 851 nec
3407 799 3610 863 oritur,

1965 895 2069 933 nec
2100 879 2348 934 moritur
2375 878 3225 952 aliquid,necincipitesse,nec
3257 884 3611 939 desinit.Ad-

1963 966 2163 1022 bibere
2177 972 2370 1023 autem
2398 968 2721 1025 forinsecus
2748 972 3120 1027 accedentes‘
3146 988 3506 1043 causas,qua
3522 978 3607 1028 ta-

1964 1056 2263 1112 metsinon
2287 1063 2426 1112 sunt
2448 1061 2970 1127 naturales,tamen
2990 1062 3311 1116 secundum
3338 1066 3606 1117 naturam

1962 1145 2334 1211 adhibentur,
2370 1152 2433 1201 ut
2461 1163 2529 1203 ea
2558 1164 2684 1220 qua
2731 1153 2953 1205 secreto
2993 1154 3212 1205 natura
3244 1150 3375 1205 sinu
3408 1150 3606 1206 abdita

1959 1234 2675 1308 continentur,erumpant
2696 1241 2750 1292 et
2772 1238 2911 1293 foris
2923 1240 3454 1310 creenturquodam
3475 1256 3605 1295 mo-

1958 1323 2030 1378 do
2061 1324 2401 1395 explicando
2457 1341 2765 1381 mensuras
2815 1332 2873 1381 et
2923 1343 3200 1383 numeros
3244 1332 3302 1383 et
3347 1329 3605 1399 pondera

1957 1428 2065 1467 sua
2094 1430 2219 1484 qua
2252 1414 2311 1468 in
2356 1413 2582 1469 occulto
2614 1420 2964 1486 acceperunt
3003 1416 3076 1471 ab
3116 1416 3237 1483 illo,
3271 1416 3373 1488 qui
3406 1416 3605 1472 omnia

1957 1499 2014 1554 in
2049 1517 2325 1557 mensura
2355 1506 2413 1556 et
2457 1520 2699 1558 numero
2740 1507 2796 1559 et
2826 1504 3079 1574 pondere
3120 1500 3413 1576 disposuit
3447 1505 3599 1577 (Sap.

1954 1605 2029 1657 xu,
2059 1592 2179 1661 21);
2215 1607 2329 1645 non
2362 1590 2552 1646 solum
2584 1591 2724 1647 mali
2756 1592 2969 1664 angeli,
2998 1593 3098 1648 sed
3130 1593 3307 1649 etiam
3334 1592 3471 1649 mali
3503 1594 3604 1649 ho-

1954 1678 2143 1734 mines
2195 1684 2464 1751 possunt,
2498 1680 2651 1736 sicut
2700 1680 2963 1753 exemplo
3003 1681 3378 1754 agricultura
3422 1698 3602 1755 supra

1954 1768 2147 1823 docuL

2025 1859 2109 1912 17.
2144 1857 2252 1913 Sed
2286 1874 2359 1913 ne
2390 1858 2460 1913 de
2490 1857 2847 1914 animalibus
2879 1860 3047 1930 quasi
3069 1859 3295 1915 diversa
3318 1860 3462 1917 ratio
3481 1875 3601 1916 mo-

1950 1948 2255 2018 veal,quod
2273 1946 2489 2003 habent
2503 1946 2775 2018 spiritum
2794 1948 2920 2002 vita
2939 1965 3073 2003 cum
3092 1962 3267 2004 sensu
3287 1949 3596 2021 appetendi

1951 2051 2076 2105 qua
2096 2037 2415 2091 secundum
2438 2042 2704 2091 naturam
2727 2041 2889 2103 sunt,
2908 2037 3245 2109 vitandique
3266 2040 3593 2109 contraria;

1949 2126 2123 2179 etiam
2148 2124 2255 2181 hoc
2282 2131 2372 2180 est
2391 2126 2584 2181 videre
2603 2143 2775 2197 quam
2798 2127 2964 2182 multi
2989 2127 3256 2184 homines
3290 2133 3592 2198 noverunt,

1948 2229 2014 2267 ex
2046 2215 2258 2285 quibus
2291 2215 2506 2280 herbis,
2523 2222 2625 2269 aut
2645 2216 2942 2283 carnibus,
2965 2220 3065 2271 aut
3088 2233 3596 2289 quarumcumque

1948 2318 2139 2356 rerum
2166 2302 2530 2373 quibuslibet
2552 2303 2741 2358 succis
2770 2308 2870 2358 aut
2892 2304 3363 2369 humoribus,vel
3384 2308 3465 2361 ita
3492 2323 3594 2378 po-

1948 2391 2190 2454 sitis,vel
2225 2392 2303 2445 ita
2327 2392 2669 2460 obrutis,vel
2701 2392 2780 2447 ita
2810 2392 3190 2464 contritis,vel
3212 2395 3289 2449 ita
3312 2396 3592 2450 commix-

1944 2481 2040 2545 tis,
2058 2496 2183 2551 qua
2208 2480 2481 2535 animalia
2507 2481 2665 2535 nasci
2690 2480 2913 2536 soleant
2938 2498 2950 2535 :
2975 2498 3220 2552 quorum
3239 2499 3298 2538 se
3320 2483 3453 2553 quis
3472 2489 3592 2539 tam

1943 2569 2185 2624 demens
2210 2570 2421 2624 audeat
2437 2570 2626 2624 dicere
2646 2576 2961 2625 creatorem
2978 2570 3006 2623 ?
3024 2572 3168 2636 Quid
3191 2587 3328 2643 ergo
3352 2572 3590 2642 mirum,

1944 2657 1993 2712 si
2017 2659 2512 2729 quemadmodum
2537 2663 2726 2729 potest
2743 2676 2913 2715 nosse
2927 2659 3173 2731 quilibet
3192 2661 3592 2731 nequissimus

1946 2748 2300 2816 homo,unde
2332 2746 2415 2800 illi
2448 2746 3226 2827 velillivermesmuscaque
3253 2753 3589 2817 nascantur;

1942 2836 2023 2891 ita
2045 2835 2181 2890 mali
2201 2835 2392 2907 angeli
2413 2852 2516 2907 pro
2534 2835 2858 2891 subtilitate
2880 2836 2971 2891 sui
2993 2853 3205 2892 sensus
3222 2837 3280 2891 in
3309 2836 3588 2893 occultio-

1942 2924 1985 2978 ri
1998 2928 2104 2979 bus
2117 2924 2471 2979 elementoru
2484 2941 2536 2977 in
2556 2924 2881 2980 seminibus
2896 2926 3291 2992 norunt,unde
3304 2942 3456 2980 rana
3476 2941 3591 2981 ser-

1941 3018 2260 3085 pentesque
2284 3016 2619 3078 nascantur,
2635 3017 2690 3066 et
2706 3012 2824 3067 hac
2849 3030 2951 3084 per
2971 3018 3156 3069 certas
3178 3018 3235 3068 et
3256 3018 3423 3069 notas
3438 3020 3586 3068 tem-

1942 3102 2308 3173 perationum
2341 3101 2804 3173 opportunitates
2846 3100 3088 3156 occultis
3132 3102 3389 3158 motibus
3419 3102 3587 3158 adhi-

1941 3191 2130 3245 bendo
2156 3189 2374 3245 faciunt
2403 3188 2605 3257 creari,
2641 3206 2755 3245 non
2787 3189 3034 3245 creant?
3056 3190 3165 3246 Sed
3188 3189 3288 3246 illa
3318 3191 3588 3248 homines

1941 3295 2072 3351 qua
2100 3278 2289 3334 solent
2319 3278 2389 3332 ab
2422 3278 2755 3334 hominibus
2780 3278 2924 3344 fieri,
2958 3296 3072 3334 non
3105 3280 3587 3348 mirantur.Quod

1941 3368 1988 3422 si
2022 3369 2336 3439 quisquam
2370 3366 2696 3422 celeritates
2716 3366 3211 3423 incrementorum
3236 3369 3380 3424 forte
3409 3369 3586 3425 mira-

1939 3460 2053 3527 tur,
2087 3457 2241 3527 quod
2275 3455 2373 3510 illa
2401 3456 2724 3510 animantia
2742 3460 2861 3509 tam
2885 3455 2998 3511 cito
3022 3457 3174 3511 facta
3203 3462 3368 3516 sunt:
3398 3463 3587 3513 atten-

1938 3544 2618 3616 datquemadmodumet
2641 3544 2747 3598 ista
2774 3560 2875 3615 pro
2898 3544 3137 3599 modulo
3162 3544 3453 3601 facultatis
3476 3545 3584 3601 hu-

1938 3651 2122 3689 mana
2154 3635 2225 3688 ab
2262 3632 2595 3687 hominibus
2627 3639 3036 3704 procurentur.
3072 3632 3232 3689 Unde
3254 3636 3409 3689 enim
3435 3635 3498 3691 fit
3520 3638 3587 3691 ut

1935 3723 2137 3777 eadem
2169 3738 2412 3792 corpora
2442 3721 2619 3775 citius
2648 3726 3011 3776 vermescant
3031 3728 3227 3778 astate
3251 3740 3426 3794 quam
3459 3722 3583 3779 bie-

1936 3828 2048 3881 me,
2081 3811 2255 3867 citius
2287 3811 2346 3865 in
2376 3809 2753 3865 calidioribus
2775 3826 2952 3881 quam
2985 3811 3044 3866 in
3076 3811 3475 3884 frigidioribus
3498 3812 3582 3867 lo-

1934 3901 2015 3955 cis
2036 3900 2064 3955 ?
2110 3900 2222 3955 Sed
2254 3899 2373 3954 hac
2404 3899 2475 3953 ab
2506 3898 2845 3955 hominibus
2884 3905 3045 3956 tanto
3075 3900 3375 3956 difficilius
3407 3901 3579 3957 adhi-

1934 3990 2163 4057 bentur,
2187 3992 2407 4059 quanto
2434 3989 2649 4043 desunt
2671 4004 2952 4043 sensuum
2976 3990 3346 4061 subtilitates,
3380 3996 3437 4046 et
3452 4007 3579 4046 cor-

1933 4094 2141 4149 porum
2183 4076 2535 4132 mobilitates
2583 4077 2640 4131 in
2676 4076 2957 4133 membris
3004 4079 3251 4134 terrenis
3281 4084 3337 4134 et
3367 4079 3571 4151 pigris.

1933 4167 2092 4222 Unde
2113 4164 2642 4236 qualibuscumque
2663 4165 2882 4237 angelis
2902 4166 3118 4222 vicinas
3140 4183 3348 4223 causas
3362 4168 3433 4223 ab
3456 4172 3573 4223 ele-

1931 4255 2142 4310 mentis
2171 4254 2532 4319 contrahere,
2564 4260 2781 4325 quanto
2813 4254 3042 4310 facilius
3072 4261 3179 4323 est,
3210 4260 3374 4311 tanto
3400 4257 3575 4313 mira-

1932 4344 2167 4400 biliores
2196 4343 2257 4398 in
2287 4341 2629 4412 hujusmodi
2658 4342 2931 4415 operibus
2965 4360 3165 4400 eorum
3188 4345 3449 4401 existunt
3480 4362 3574 4402 ce-

1931 4432 2206 4488 leritates.

2005 4522 2090 4576 18.
2123 4520 2232 4575 Sed
2264 4536 2378 4574 non
2402 4524 2491 4575 est
2516 4525 2760 4586 creater,
2785 4519 2895 4575 nisi
2920 4522 3019 4593 qui
3054 4522 3578 4595 principaliterista

1933 4609 2283 4666 format.Nec
2297 4608 2612 4680 quisquam
2630 4610 2733 4664 hoc
2747 4610 3078 4681 potest,nisi
3095 4611 3191 4667 ille
3206 4629 3382 4684 penes
3399 4630 3576 4684 quem

1933 4698 2207 4771 primitus
2232 4703 2370 4752 sunt
2399 4698 2663 4752 omnium
2685 4714 2812 4770 qua
2832 4704 2972 4754 sunt
2998 4716 3306 4769 mensura,
3324 4702 3574 4767 numeri,

1932 4794 1987 4844 et
2018 4788 2301 4859 pondera:
2338 4791 2395 4842 et
2415 4787 2538 4858 ipse
2568 4793 2656 4843 est
2688 4804 2842 4843 unus
2873 4794 3097 4844 creator
3128 4791 3298 4861 Deus,
3320 4806 3387 4845 ex
3408 4792 3576 4861 cujus

1931 4875 2208 4931 ineffabili
2227 4879 2527 4947 potentatu
2546 4878 2607 4931 ﬁt
2622 4878 2797 4931 etiam
2816 4882 2879 4932 ut
2893 4878 3047 4948 quod
3064 4878 3576 4950 possenthiangeli

1932 4966 1981 5022 si
2000 4965 2500 5036 permitterentur,
2518 4966 2644 5020 ideo
2666 4982 2780 5021 non
2806 4967 3187 5039 possintquia
3200 4984 3311 5022 non
3336 4968 3601 5038 permit»

1932 5058 2157 5109 tuntur.
2172 5053 2369 5123 Neque
2390 5053 2543 5108 enim
2561 5054 2813 5111 occurrit
2841 5055 2956 5110 alia
2971 5058 3113 5110 ratio
3125 5072 3230 5111 cur
3244 5072 3356 5111 non
3373 5062 3579 5127 potue-

1934 5143 2248 5198 rintfacere
2264 5141 2686 5197 minutissimas
2701 5145 3057 5215 muscas,qui
3074 5162 3246 5200 ranas
3259 5150 3582 5216 serpentes-

1935 5248 2047 5303 que
2076 5233 2355 5298 fecerunt,
2377 5231 2489 5285 nisi
2522 5232 2660 5302 quia
2685 5234 2869 5304 major
2886 5233 3085 5288 aderat
3105 5234 3424 5290 dominatio
3447 5252 3579 5307 pro-

1934 5320 2191 5376 hibentis
2208 5320 2448 5391 Dei’per
2470 5320 2752 5390 Spiritum
2768 5325 3060 5386 sanctum,
3093 5323 3248 5393 quod
3270 5322 3443 5380 etiam
3462 5323 3579 5396 ipsi

1937 5410 2093 5481 magi
2108 5408 2357 5464 confessi
2376 5409 3049 5481 sunt,dicentes.Dzyitus
3067 5412 3163 5466 Dei
3174 5416 3250 5466 est
3273 5412 3576 5485 hoc(Exod.

1936 5516 2036 5563 v11,
2072 5498 2220 5568 12,et
2250 5514 2371 5562 vm,
2401 5498 2458 5560 7,
2494 5498 2867 5564 18,19).Quid
2885 5504 3081 5554 autem
3114 5501 3343 5572 possint
3363 5519 3467 5574 per
3483 5519 3582 5558 na-

1938 5592 2155 5655 turam,
2195 5602 2297 5640 nec
2326 5586 2556 5656 possint
2588 5602 2689 5656 per
2719 5587 3189 5658 prohibitionem,
3222 5596 3279 5645 et
3308 5591 3448 5662 quid
3482 5609 3583 5663 per

1938 5676 2125 5749 ipsius
2157 5681 2377 5730 natura
2390 5691 2508 5730 sua
2541 5676 2933 5733 conditionem
2952 5678 3137 5734 facere
3151 5696 3265 5735 non
3279 5680 3579 5752 sinantur;

2005 5806 2021 5838 ι
2055 5800 2140 5849 Sic
2170 5798 2290 5847 Mss.
2327 5799 2392 5848 At
2422 5798 2568 5858 editi,
2600 5800 2895 5851 accidentes.

2002 5863 2024 5898 ⁸
2052 5863 2138 5914 Sic
2170 5863 2294 5913 Mss.
2328 5862 2395 5912 At
2422 5862 2565 5923 editi,
2593 5864 2928 5931 prohibendi;
2956 5866 3170 5928 omisso,
3195 5866 3306 5918 Dei.
