4040 6448
492 454 607 514 879

493 583 713 638 homini
747 581 1041 653 explorare
1069 582 1427 647 difiicilecst,
1454 583 1567 637 imo
1588 601 1716 637 vero
1742 581 2123 654 impossibile,

494 673 603 728 nisi
636 689 737 745 per
768 672 911 727 illud
942 672 1162 727 donum
1200 672 1314 737 Dei,
1348 673 1499 744 quod
1530 671 1843 743 Apostolus
1873 688 2127 726 comme-

493 767 676 819 morat
706 761 926 831 dicens,
959 763 1073 817 Alii
1099 762 1421 833 dijmlicatio
1450 765 1745 835 spirituum
1794 767 1839 830 (l
1874 761 1994 817 Cor.
2025 778 2125 828 xu,

497 852 600 923 10).
620 851 898 906 Novimus
920 852 1075 907 enim
1099 852 1395 907 hominem
1421 869 1587 923 posse
1609 851 1929 918 ambulare,
1950 855 2006 905 et
2024 867 2126 904 ne-

492 955 605 1012 que
636 940 743 996 hoc
766 957 937 1013 posse
959 940 1147 1011 sinon
1172 941 1562 1012 permittatur,
1595 940 1786 996 volare
1804 944 1995 994 autem
2014 955 2128 994 non

490 1044 662 1102 posse
690 1029 917 1086 etiamsi
951 1027 1621 1102 permittatur.Sicetilli
1644 1028 1833 1099 angeli
1864 1027 2129 1098 quaedam

491 1124 740 1191 possunt
773 1119 980 1187 facere,
1012 1119 1057 1174 si
1093 1119 1511 1191 permittantur
1560 1118 1632 1173 ab
1674 1116 1896 1188 angelis
1930 1121 2129 1188 poten-

489 1207 739 1263 tioribus
768 1225 836 1264 ex
856 1207 1099 1280 imperio
1120 1207 1218 1263 Dei
1246 1207 1543 1279 :quaedam
1566 1222 1697 1275 vero
1721 1223 1832 1260 non
1858 1210 2127 1277 possunt,

490 1313 595 1353 nec
617 1297 666 1352 si
699 1298 769 1353 ab
792 1297 874 1353 eis
904 1296 1317 1368 permittantur
1344 1296 1515 1367 ;quia
1548 1294 1644 1351 ille
1676 1312 1788 1350 non
1821 1293 2126 1366 permittit,

489 1402 522 1440 a
553 1403 668 1458 quo
702 1384 814 1441 illis
848 1390 935 1441 est
964 1385 1100 1440 talis
1133 1390 1355 1440 naturae
1407 1384 1636 1451 modus,
1691 1383 1786 1455 qui
1821 1388 1994 1438 etiam
2032 1398 2130 1454 per

487 1474 723 1547 angelos
752 1491 891 1530 suos
921 1479 977 1529 et
1006 1473 1105 1528 illa
1136 1473 1480 1546 plerumque
1514 1490 1625 1528 non
1658 1473 1963 1545 permittit,
2002 1488 2128 1543 qua:

486 1563 776 1620 concessit
811 1568 873 1618 ut
903 1562 1149 1635 possint.

558 1653 643 1707 19.
668 1652 931 1724 Exceptis
946 1650 1272 1725 igiturillis,
1288 1668 1415 1723 quae
1432 1649 1813 1707 usitatissimo
1828 1654 2128 1705 transcur-

486 1758 555 1797 su
579 1747 908 1813 temporum
955 1741 1013 1796 in
1039 1758 1233 1796 rerum
1270 1745 1489 1795 nature
1526 1740 1726 1795 ordine
1755 1740 2130 1811 corporaliter

484 1831 654 1897 fiunt,
687 1830 857 1886 sicuti
889 1834 1029 1885 sunt
1055 1834 1216 1885 ortus
1241 1846 1601 1901 occasusque
1634 1829 1913 1895 siderum,
1953 1845 2124 1900 gene—

482 1920 738 1976 rationes
768 1925 825 1975 et
851 1924 1066 1974 mortes
1089 1917 1455 1986 animalium,
1490 1918 1782 1973 seminum
1824 1921 1880 1973 et
1909 1917 2122 1989 germi-

482 2026 623 2064 num
656 2007 1112 2064 innumerabiles
1142 2007 1527 2075 diversitates,
1562 2006 1783 2062 nebula:
1833 2012 1889 2062 et
1916 2008 2120 2076 nubes,

482 2099 644 2155 nives
674 2106 729 2154 et
748 2098 1213 2170 pluviae,fulgura
1236 2103 1292 2153 et
1322 2096 1850 2164 tonitrua,fulmina
1881 2101 2122 2169 etgran-

481 2189 667 2254 dines,
703 2188 855 2243 venti
886 2192 942 2243 et
971 2187 1155 2257 ignes,
1189 2187 1375 2257 frigus
1406 2191 1462 2242 et
1493 2193 1691 2256 aestus,
1723 2192 1779 2241 et
1808 2186 2007 2241 omnia
2038 2191 2120 2241 ta-

479 2275 596 2331 lia:
632 2275 884 2348 exceptis
914 2276 1090 2331 etiam
1132 2274 1247 2331 illis
1281 2293 1407 2347 quas
1440 2277 1494 2330 in
1527 2276 1729 2331 eodem
1762 2276 1964 2330 ordine
1991 2292 2122 2330 rara

478 2370 634 2432 sunt,
670 2366 821 2420 sicut
851 2366 1109 2420 defectus
1142 2364 1454 2429 luminum,
1483 2369 1540 2419 et
1571 2363 1794 2435 species
1826 2363 2121 2419 inusitatae

477 2454 759 2525 siderum,
788 2459 846 2509 et
884 2460 1167 2525 monstra,
1224 2459 1280 2509 et
1310 2459 1470 2509 terra:
1507 2459 1719 2519 motus,
1771 2458 1827 2507 et
1871 2452 2115 2509 similia:

474 2544 728 2615 exceptis
758 2560 893 2616 ergo
926 2543 1055 2598 istis
1072 2543 1629 2613 omnibus,quorum
1657 2542 1897 2614 quidem
1930 2542 2121 2614 prima

474 2638 531 2688 et
552 2650 785 2689 summa
814 2649 990 2688 causa
1014 2649 1128 2687 non
1160 2637 1247 2686 est
1278 2630 1390 2686 nisi
1423 2629 1690 2686 voluntas
1722 2630 1851 2685 Dei:
1879 2631 2033 2685 unde
2064 2635 2119 2686 et

474 2722 532 2776 in
570 2720 953 2792 Psalmo,cum
988 2720 1253 2792 quedam
1273 2720 1447 2790 hujus
1476 2718 1705 2791 generis
1734 2726 1929 2774 essent
1956 2735 2116 2774 com-

473 2815 814 2879 memorata,
848 2810 1011 2881 Ignis,
1042 2807 1279 2880 grando,
1310 2810 1431 2871 nim,
1462 2809 1684 2879 glacies,
1715 2809 1941 2879 spiritus
1975 2817 2113 2864 tem-

464 2902 725 2972 pestatis;
758 2916 828 2955 ne
850 2898 983 2971 quis
1012 2914 1079 2953 ea
1108 2897 1193 2952 vel
1229 2896 1489 2967 fortuitu,
1522 2895 1607 2952 vel
1631 2896 1822 2952 causis
1854 2901 2113 2952 tantum-

472 2990 644 3044 modo
675 2986 1094 3059 corporalibus,
1126 2986 1211 3041 vel
1248 2986 1421 3040 etiam
1457 2985 1880 3056 spiritualibus,
1914 2990 2109 3041 tamen

470 3084 678 3149 praeter
726 3076 1080 3132 voluntatem
1134 3075 1233 3130 Dei
1281 3075 1664 3130 existentibus
1714 3075 1803 3146 agi
1833 3076 2112 3143 crederet,

469 3167 744 3222 continuo
793 3165 1063 3237 subjecit,
1114 3165 1246 3233 Qua:
1274 3165 1487 3236 faciunt
1518 3164 1735 3219 verbum
1769 3164 1887 3234 ejus
1937 3166 2108 3237 (Psal.

469 3272 694 3311 chvm.
718 3256 803 3311 8):

538 3273 670 3311 LVIII
718 3260 751 3309 8
790 3271 803 3310 :

538 3260 773 3402 CAPDT)
810 3342 874 3399 Χ.
900 3375 966 3383 -
989 3343 1125 3412 Quot
1140 3342 1318 3396 modis
1333 3349 1585 3397 creatura
1614 3344 1924 3397 assumitur
1942 3343 2014 3398 ad
2034 3346 2107 3399 si-

464 3434 866 3507 gniﬁcandum.
904 3432 1276 3489 Eucharistia.
1326 3431 1434 3487 Sed
1467 3431 1578 3500 his,
1613 3436 1675 3487 ut
1703 3432 1892 3488 dicere
1922 3449 2108 3504 cmpe-

467 3542 615 3591 ram,
645 3524 916 3595 exceptis,
950 3522 1064 3578 alia
1085 3527 1223 3577 sunt
1242 3520 1341 3575 illa
1366 3538 1491 3592 qua:
1515 3522 1779 3587 quamvis
1811 3539 1876 3578 ex
1902 3523 2105 3578 eadem

469 3614 710 3670 materia
741 3610 1045 3685 corporali,
1094 3612 1161 3667 ad
1202 3609 1421 3682 aliquid
1455 3614 1649 3665 tamen
1683 3610 1961 3667 divinitus
2002 3629 2104 3667 an-

468 3704 859 3759 nuntiandum
888 3700 1106 3757 nostris
1124 3699 1396 3755 sensibus
1410 3700 1952 3773 admoventur,quae
1979 3718 2104 3773 pro-

468 3793 593 3863 prie
626 3790 909 3847 miracula
939 3795 993 3845 et
1043 3790 1209 3860 signa
1255 3790 1548 3851 dicuntur,
1584 3805 1688 3844 nec
1718 3789 1775 3844 in
1828 3791 2101 3848 omnibus

462 3897 592 3952 qua
623 3881 789 3936 nobis
816 3898 849 3935 a
879 3878 1126 3935 Domino
1163 3879 1270 3932 Deo
1304 3876 1749 3943 annuntiantur,
1782 3879 1968 3950 ipsius
1999 3880 2097 3936 Dei

457 3987 704 4042 persona
734 3966 1226 4041 suscipitur.Cum
1244 3970 1437 4020 autem
1460 3965 1798 4036 suscipitur,
1832 3967 2097 4040 aliquan-

455 4060 529 4115 do
562 4060 619 4114 in
652 4057 857 4132 angelo
889 4058 1347 4120 demonstratur,
1380 4053 1693 4124 aliquando
1718 4054 1776 4110 in
1809 4070 1875 4110 ea
1907 4058 2097 4128 specie

452 4166 578 4220 quae
612 4165 726 4203 non
759 4151 848 4203 est
891 4145 1045 4218 quod
1098 4143 1360 4216 angelus,
1399 4143 1665 4213 quamvis
1697 4161 1797 4216 per
1821 4146 2090 4217 angelum

448 4237 733 4309 disposita
764 4234 1158 4291 ministretur:
1186 4250 1391 4287 rursus
1424 4249 1556 4287 eum
1581 4231 1635 4285 in
1661 4249 1728 4288 ea
1750 4235 1939 4306 specie
1961 4254 2091 4293 sus-

446 4326 659 4397 cipitur
689 4342 815 4396 quae
848 4341 962 4380 non
998 4327 1086 4379 est
1116 4322 1269 4394 quod
1323 4320 1585 4393 angelus,
1628 4321 1937 4393 aliquando
1965 4327 2088 4395 jam

443 4419 567 4470 erat
595 4414 789 4486 ipsum
822 4429 1052 4485 corpus,
1078 4418 1133 4467 et
1154 4415 1219 4467 ad
1245 4411 1352 4466 hoc
1367 4412 1963 4469 demonstrandumin
1988 4414 2089 4470 ali-

442 4520 619 4575 quam
641 4503 1023 4558 mutationem
1048 4501 1399 4567 assumitur;
1416 4500 1730 4572 aliquando
1746 4503 1815 4557 ad
1831 4502 1937 4557 hoc
1951 4520 2084 4559 exo-

440 4593 608 4664 ritur,
635 4598 691 4649 et
722 4609 781 4648 re
814 4598 1044 4665 peracta
1085 4608 1291 4646 rursus
1323 4592 1673 4646 absumitur.
1721 4591 1883 4646 Sicut
1905 4592 2079 4648 etiam

436 4700 570 4740 cum
601 4682 871 4737 homines
894 4680 1267 4750 annuntiant,
1288 4679 1605 4751 aliquando
1623 4696 1809 4735 exsua
1832 4698 2081 4753 persona

434 4773 609 4828 verba
639 4772 738 4828 Dei
769 4771 1108 4841 loquuntur,
1145 4770 1316 4825 sicuti
1348 4786 1479 4823 cum
1512 4770 1903 4840 praemittitur,
1928 4771 2079 4829 Dixit

431 4862 728 4926 Dominus;
760 4866 878 4931 aut,
898 4862 1023 4918 Hzc
1051 4861 1186 4915 dicit
1212 4859 1471 4914 Dominus
1503 4858 1718 4929 (Jerem.
1751 4876 1901 4928 xxxx,
1927 4861 1975 4927 1,
1996 4862 2071 4933 2);

431 4956 532 5006 aut
580 4951 693 5008 tale
733 4950 979 5021 aliquid:
1032 4947 1346 5020 aliquando
1381 4952 1573 5002 autem
1607 4947 1751 5002 nihil
1784 4948 1896 5003 tale
1929 4966 2070 5020 prae-

428 5041 752 5109 mittentes,
790 5040 971 5112 ipsam
1002 5040 1093 5094 Dei
1114 5053 1418 5110 personam
1455 5038 1510 5090 in
1537 5037 1964 5109 sesuscipiunt,
1994 5040 2070 5094 si-

425 5131 542 5185 cuti
573 5139 679 5197 est,
714 5131 1054 5187 Intellectum
1087 5125 1361 5191 tibidabo,
1381 5134 1431 5180 ct
1459 5126 1787 5181 (‘mzstituam
1816 5132 1867 5181 te
1891 5144 1950 5182 in
1982 5131 2071 5184 via

422 5236 530 5291 qua
562 5220 891 5288 ingrediaris
915 5219 1079 5287 (Psal.
1114 5233 1266 5283 xxxx,
1290 5216 1359 5282 8).
1393 5214 1486 5269 Sic
1519 5232 1629 5269 non
1656 5215 1843 5269 solum
1870 5217 1923 5269 in
1944 5217 2067 5272 dic-

418 5308 516 5377 tis,
548 5326 747 5364 verum
786 5309 959 5363 etiam
991 5307 1044 5361 in
1081 5304 1268 5372 factis,
1297 5302 1389 5357 Dei
1414 5320 1656 5374 persona
1682 5304 2067 5373 significanda

414 5397 741 5468 imponitur
762 5397 1071 5469 prophetae,
1097 5399 1157 5449 ut
1187 5410 1311 5447 eam
1344 5391 1571 5460 geratin
1592 5393 1914 5448 ministerio
1940 5412 2065 5466 pro-

414 5485 647 5557 pbetize;
683 5486 835 5541 sicut
866 5487 993 5556 ejus
1026 5498 1331 5555 personam
1366 5482 1720 5553 gerebatqui
1748 5485 2059 5539 vestimen-

411 5579 538 5629 tum
573 5592 745 5630 suum
780 5574 978 5629 divisit
1008 5574 1065 5628 in
1091 5571 1397 5627 duodecim
1428 5576 1641 5641 partes,
1673 5576 1727 5626 et
1758 5589 1825 5626 ex
1856 5573 1934 5626 eis
1960 5574 2057 5628 de-

410 5680 531 5718 cem
567 5682 728 5719 servo
762 5665 913 5736 regis
946 5661 1271 5719 Salomonis
1305 5660 1485 5725 dedit,
1514 5661 1627 5731 regi
1656 5660 1850 5715 futuro
1880 5661 2054 5718 Israel

408 5753 503 5826 (III
528 5754 652 5825 Reg.
686 5771 763 5825 x1,
797 5756 885 5822 30,
918 5754 1040 5823 31):
1095 5749 1406 5822 aliquando
1447 5750 1621 5804 etiam
1655 5767 1746 5807 res
1778 5767 1904 5823 quae
1938 5769 2051 5808 non

403 5848 528 5902 erat
557 5843 710 5917 quod
726 5844 1029 5917 propheta,
1053 5847 1112 5899 et
1140 5840 1396 5910 eratjam
1418 5837 1476 5892 in
1500 5839 1747 5895 terrenis
1769 5840 1964 5913 rebus,
1988 5841 2047 5897 in

1604 449 1706 512 DE
1747 450 2195 524 TRINITATE,
2245 451 2309 511 S.
2342 451 2766 513 AUGUSTINI

3774 449 3901 510 880

2238 581 2574 653 huiusmodi
2590 584 3076 657 significationem
3110 589 3425 655 assumpta
3440 587 3529 639 est
3546 600 3560 650 ;
3577 582 3898 639 sicutsom-

2237 672 2333 726 nio
2364 671 2483 728 viso
2512 673 2691 727 Jacob
2721 672 2999 742 evigilans
3032 673 3164 728 fecit
3199 673 3270 728 de
3303 672 3520 744 lapide,
3547 689 3721 743 quem
3755 673 3896 728 dor-

2238 761 2425 816 miens
2455 761 2706 816 habebat
2738 762 2804 817 ad
2842 761 3168 833 caput(Gen
3218 763 3521 831 xxvm,18)
3544 762 3897 834 :aliquando

2238 850 2309 904 ad
2336 850 2439 905 hoc
2460 850 2729 907 {iteadem
2758 850 3549 923 species,velaliquantulnm
3586 868 3901 918 mansura,

2239 937 2389 994 sicut
2422 939 2609 1010 potuit
2640 956 2879 1012 serpens
2911 939 3005 995 ille
3056 957 3251 996 aeneus
3282 940 3571 997 exaltatus
3602 941 3660 996 in
3695 957 3898 996 eremo

2242 1026 2428 1097 (Num.
2461 1046 2573 1093 xxn,
2606 1031 2683 1098 9),
2717 1029 2869 1084 sicut
2900 1034 3147 1100 possunt
3174 1035 3233 1085 et
3264 1028 3506 1098 litterae;
3539 1029 3624 1086 vel
3658 1034 3899 1102 peracto

2241 1117 2566 1173 ministerio
2596 1118 2936 1184 transitura,
2970 1118 3121 1175 sicut
3144 1118 3315 1191 panis
3363 1119 3434 1174 ad
3467 1119 3577 1175 hoc
3619 1120 3811 1176 factus
3834 1118 3895 1175 in

2238 1205 2569 1276 accipiendo
2600 1212 2968 1262 Sacramento
2992 1207 3381 1263 consumitur.

2307 1295 2397 1349 20.
2441 1295 2550 1351 Sed
2585 1295 2716 1366 quia
2752 1296 2871 1351 haec
2897 1295 3236 1352 hominibus
3271 1301 3404 1352 nota
3423 1300 3581 1366 sunt,
3613 1297 3756 1369 quia
3788 1314 3893 1370 per

2237 1382 2505 1439 homines
2539 1385 2705 1453 fiunt,
2726 1384 3005 1441 honorem
3038 1391 3317 1457 tanquam
3340 1386 3613 1459 religiosa
3636 1391 3890 1459 possunt

2238 1472 2468 1539 habere,
2486 1478 2780 1545 stuporem
2805 1480 3087 1546 tanquam
3108 1476 3255 1531 mira
3278 1492 3388 1531 non
3408 1476 3892 1548 possunt.ltaque

2236 1560 2337 1617 illa
2367 1580 2488 1631 quae
2520 1580 2621 1634 per
2637 1563 2884 1635 Angelos
2900 1564 3067 1629 fiunt,
3084 1581 3198 1636 quo
3220 1564 3618 1620 difﬁcilioraet
3639 1565 3892 1638 ignotio-

2238 1667 2320 1716 ra,
2354 1667 2418 1705 eo
2452 1652 2810 1707 mirabiliora
2834 1657 2971 1707 sunt
3002 1653 3205 1709 nobis:
3239 1652 3357 1709 illis
3379 1659 3573 1710 autem
3600 1659 3889 1726 tanquam

2236 1756 2352 1795 suae
2372 1741 2630 1795 actiones
2647 1747 2793 1796 notae
2811 1747 2984 1813 atque
3005 1742 3221 1798 faciles.
3240 1743 3523 1814 Loquitur
3544 1759 3613 1799 ex
3637 1760 3892 1816 persona

2234 1829 2333 1885 Dei
2366 1830 2606 1901 angelus
2641 1830 2884 1897 homini,
2904 1831 3251 1900 dicens,Ego
3270 1849 3392 1887 sum
3420 1838 3564 1889 Deus
3591 1834 3887 1899 Abraham,

2230 1928 2283 1974 et
2311 1919 2450 1973 Deus
2484 1921 2652 1985 Isaac,
2684 1924 2735 1975 et
2771 1924 2911 1975 Deus
2940 1922 3132 1982 Iacob;
3168 1937 3302 1976 cum
3340 1920 3639 1993 Scriptura
3674 1923 3885 1993 praedi-

2232 2008 2429 2075 xisset,
2472 2011 2624 2065 Visus
2653 2018 2732 2064 est
2760 2010 2815 2064 ei
2844 2011 3070 2081 angelus
3101 2011 3330 2065 Domini
3359 2010 3549 2081 (Exod.
3586 2026 3673 2077 ιιι,
3707 2012 3762 2080 6,
3796 2012 3881 2078 2):

2230 2094 2491 2167 loquitur
2521 2102 2575 2153 et
2608 2098 2781 2153 homo
2801 2115 2867 2153 ex
2900 2115 3147 2170 persona
3180 2098 3432 2168 Domini,
3464 2100 3683 2167 dicens,
3718 2100 3881 2169 Audi,

2223 2186 2455 2256 papulas
2487 2203 2657 2250 meus,
2679 2190 2727 2242 et
2758 2188 3371 2259 loquartibi;lsrael,et
3400 2189 3736 2258 testiﬁcabor
3756 2191 3885 2253 tibi;

2228 2275 2369 2330 Deus
2410 2280 2547 2331 Deus
2578 2281 2704 2330 tuus
2734 2292 2826 2346 ego
2855 2293 2977 2330 sum
3007 2278 3173 2347 (Psal.
3213 2294 3380 2343 Lxxx,
3411 2279 3467 2346 9,
3497 2279 3600 2347 11).
3631 2281 3878 2334 Assum-

2228 2368 2328 2433 pta
2357 2368 2444 2418 est
2466 2364 2624 2431 virga
2646 2366 2715 2418 ad
2733 2364 3239 2436 significationem,
3261 2373 3317 2421 et
3335 2367 3391 2421 in
3425 2373 3755 2438 serpentem
3782 2383 3883 2423 an-

2226 2451 2409 2522 gelica
2442 2453 2709 2507 facultate
2734 2458 2957 2507 mutata
2989 2458 3078 2509 est
3107 2455 3306 2525 (Exod.
3340 2472 3438 2523 vn,
3475 2458 3593 2526 10):
3630 2474 3757 2527 quin
3790 2457 3883 2511 fa—

2227 2539 2413 2596 cultas
2446 2558 2577 2596 cum
2604 2542 3012 2612 desithomini,
3034 2549 3376 2615 assumptus
3408 2550 3497 2599 est
3516 2551 3712 2600 tamen
3736 2546 3883 2601 etab

2226 2628 2459 2684 homine
2490 2630 2637 2701 lapis
2654 2631 2721 2685 ad
2748 2631 2919 2685 talem
2936 2631 3193 2704 aliquam
3214 2632 3701 2704 significationem
3722 2634 3876 2705 (Gen.

2223 2720 2536 2789 xxv1n,18).
2552 2721 2931 2775 lnterfactum
2951 2720 3137 2793 angeli
3160 2727 3213 2776 et
3232 2722 3447 2776 factum
3472 2722 3730 2778 hominis
3747 2725 3877 2794 plu-

2224 2806 2435 2862 rimum
2451 2808 2796 2863 distatzillud
2814 2808 3215 2865 etmirandum
3231 2816 3286 2865 et
3301 2810 3746 2883 intelligendum
3764 2818 3874 2884 est,

2222 2895 2331 2951 hoc
2349 2902 2538 2952 autem
2561 2899 2966 2954 tantummodo
2986 2898 3618 2971 intelligendum.0uod
3634 2918 3703 2956 ex
3718 2906 3876 2957 utro-

2222 3001 2333 3056 que
2355 2985 2989 3058 intelligitur,fortassis
3012 3004 3197 3042 unum
3217 2993 3337 3056 est;
3364 2995 3423 3044 at
3444 2989 3544 3044 illa
3566 3007 3631 3044 ex
3653 2991 3874 3061 quibus

2222 3073 2829 3147 intelligitur,diversa
2846 3081 3010 3132 sunt:
3029 3081 3307 3148 tanquam
3333 3078 3378 3133 si
3406 3095 3616 3133 nomen
3642 3080 3873 3135 Domini

2221 3166 2276 3218 et
2298 3181 2438 3219 auro
2469 3168 2524 3219 et
2546 3168 2872 3220 atramento
2896 3168 3222 3233 scribatur;
3249 3166 3389 3221 illud
3417 3172 3507 3221 est
3532 3170 3870 3239 pretiosius,

2218 3251 2360 3308 illud
2390 3254 2596 3321 vilius;
2633 3254 2784 3326 quod
2811 3260 2998 3309 tamen
3022 3255 3077 3310 in
3100 3261 3347 3328 utroque
3368 3256 3756 3328 signiﬁcatur,
3788 3257 3876 3313 id-

2219 3341 2407 3413 ipsum
2424 3344 2884 3415 est.thuamvis
2901 3346 3049 3399 idem
3068 3344 3558 3416 signiticaveritex
3572 3346 3734 3414 virga
3750 3351 3837 3401 Mo
3852 3380 3873 3391 ο

2216 3431 2299 3504 ysi
2316 3434 2731 3504 serpens,quod
2750 3432 3524 3504 lapisjacob;meliustamen
3545 3433 3764 3505 aliquid
3786 3436 3869 3491 la-

2216 3522 2306 3593 pis
2333 3521 2531 3583 Jacob,
2554 3539 2725 3592 quam
2752 3528 3049 3593 serpentes
3074 3539 3398 3594 magorum.
3416 3522 3559 3577 Nam
3582 3524 3735 3579 sicut
3758 3542 3871 3579 un-

2214 3611 2328 3665 ctio
2350 3610 2560 3681 lapidis
2582 3610 2880 3665 Christum
2902 3611 2957 3665 in
2981 3627 3172 3681 carne,
3194 3611 3249 3665 in
3276 3617 3719 3683 quaunctusest
3742 3614 3871 3670 oleo

2212 3698 2618 3754 exsultationis
2644 3717 2755 3770 prae
2780 3699 3165 3770 participibus
3188 3699 3313 3755 suis
3338 3701 3508 3767 (Psal.
3526 3702 3869 3774 xmv,8);ita

2210 3790 2372 3860 virga
2399 3789 2577 3861 Moysi
2603 3788 2954 3843 conversain
2984 3790 3536 3860 serpentem,ipsum
3564 3790 3863 3847 Christum

2211 3878 2425 3932 factum
2443 3878 2805 3933 obedientem
2829 3878 3096 3949 usquead
3119 3882 3360 3931 mortem
3378 3880 3857 3953 crucis{Philipp.

2207 3984 2269 4037 ιι,
2290 3967 2365 4037 8).
2391 3966 2552 4022 Unde
2583 3966 2683 4032 ait,
2705 3967 2857 4021 Sicut
2895 3967 3159 4022 exultavit
3202 3968 3406 4038 Moyses
3441 3974 3748 4039 serpentem
3793 3972 3858 4025 in

2203 4072 2411 4117 eremo;
2426 4058 2713 4127 si00portct
2730 4055 2981 4111 exaltari
2999 4056 3203 4110 Filium
3216 4057 3471 4123 hominis,
3487 4065 3547 4111 ut
3566 4060 3744 4112 omnis
3756 4062 3859 4130 qui

2201 4145 2373 4200 credit
2395 4147 2451 4199 in
2473 4148 2668 4216 ipsum,
2694 4162 2799 4199 non
2824 4149 3029 4217 pereat,
3056 4144 3144 4199 sed
3162 4145 3363 4200 habeat
3389 4146 3563 4199 vitam
3583 4150 3855 4201 aeternam

2201 4235 2384 4306 (Joan.
2414 4252 2495 4300 ιη,
2526 4235 2608 4303 14,
2638 4236 2723 4305 15)
2751 4252 2763 4288 :
2789 4234 2939 4289 sicut
2977 4234 3269 4289 intuentes
3308 4232 3475 4289 illum
3519 4244 3849 4308 serpentem

2199 4322 2510 4379 exaltatum
2537 4323 2593 4377 in
2629 4340 2841 4395 eremo,
2866 4327 3202 4395 serpentum
3226 4312 3523 4380 morsibus
3551 4342 3661 4380 non
3708 4326 3853 4397 peri-

2195 4413 2355 4467 bant.
2372 4414 2519 4468 l’etus
2542 4413 2695 4468 enim
2715 4412 2871 4467 homo
2884 4414 3320 4482 nostcrronﬁxus
3333 4421 3411 4468 est
3424 4416 3711 4469 crucicum
3729 4416 3850 4482 illo,
3920 4420 3925 4426 ’

2194 4506 2254 4557 ut
2289 4506 2646 4557 cvacuaretur
2667 4518 2861 4573 corpus
2878 4504 3087 4573 peccati
3109 4502 3283 4572 (Rom.
3298 4502 3466 4571 v1,6).
3484 4506 3592 4557 Per
3614 4520 3851 4575 serpen-

2194 4596 2310 4646 tem
2338 4591 2489 4646 enim
2527 4590 2876 4663 intelligitur
2896 4607 3217 4661 mors,qua2
3242 4590 3392 4645 facta
3407 4595 3497 4645 est
3520 4608 3552 4645 a
3577 4597 3849 4663 serpente

2189 4678 2247 4734 in
2274 4680 2543 4751 paradiso
2564 4680 2719 4749 (Gen.
2748 4682 2855 4749 In),
2875 4678 3840 4751 modolocutionisperefficientem

2188 4768 2241 4822 id
2269 4770 2421 4840 quod
2445 4769 2696 4823 el'ticitur
2714 4769 3171 4823 demonstrante.
3188 4768 3336 4839 Ergo
3356 4767 3586 4839 virgain
3609 4785 3846 4841 serpen-

2184 4857 2601 4927 tem,Christus
2622 4858 2675 4911 in
2695 4860 3023 4912 mortem:et
3039 4873 3278 4929 serpens
3294 4873 3497 4912 rursus
3515 4857 3573 4911 in
3588 4858 3840 4931 virgam,

2183 4945 2448 5001 Christus
2484 4947 2539 5000 in
2574 4946 3055 5001 re=urrectionem
3080 4950 3235 5000 totus
3268 4961 3399 5000 cum
3437 4962 3680 5017 corpore
3708 4964 3838 5015 suo,

2182 5035 2333 5106 quod
2363 5040 2450 5089 est
2474 5034 2726 5090 Ecclesia
2751 5034 2971 5105 (Co/oss.
3000 5034 3170 5105 1,211),
3196 5034 3351 5105 quod
3390 5033 3445 5088 in
3472 5035 3587 5090 fine
3612 5042 3841 5109 tempo-

2181 5122 2260 5178 ris
2275 5123 2579 5195 erit,quem
2597 5123 2881 5194 serpentis
2896 5123 3077 5178 cauda
3092 5122 3587 5195 signiﬁcat,quam
3607 5123 3837 5196 Moyses

2176 5213 2381 5281 tenuit,
2409 5217 2471 5267 ut
2494 5213 2703 5267 rediret
2730 5214 2785 5268 in
2824 5213 3042 5280 virgam
3086 5213 3283 5283 (Εποά.
3320 5228 3395 5276 1v,
3424 5212 3495 5281 4).
3520 5217 3835 5284 Serpentes

2176 5306 2373 5356 autem
2394 5317 2692 5367 magorum
2712 5308 2990 5373 tanquam
3009 5302 3221 5355 mortui
3239 5300 3575 5359 saeculi,nisi
3595 5303 3837 5357 creden-

2173 5394 2259 5445 tes
2280 5393 2335 5445 in
2359 5389 2652 5445 Christum
2680 5396 2960 5461 tanquam
2982 5390 3237 5445 devorati
3263 5390 3320 5443 in
3347 5406 3558 5459 corpus
3585 5391 3718 5461 ejus
3744 5392 3833 5447 in-

2172 5480 2470 5541 traverint,
2495 5494 2797 5549 resurgere
2820 5478 2878 5532 in
2898 5479 2997 5533 illo
3020 5496 3134 5533 non
3164 5483 3435 5549 poterunt
3472 5476 3570 5543 (Id.
3602 5480 3825 5551 v11,t2).

2170 5568 2341 5639 Lapis
2362 5584 2497 5639 ergo
2517 5567 2716 5633 Jacob,
2741 5573 2805 5622 ut
2829 5568 2967 5635 dixi,
2983 5567 3197 5623 melius
3215 5565 3435 5637 aliquid
3464 5566 3829 5637 signiﬁcavit

2167 5674 2343 5729 quam
2368 5661 2666 5727 serpentes
2691 5656 3247 5728 magornmmtenim
3277 5657 3490 5709 factum
3510 5672 3821 5728 magorum

2165 5746 2348 5803 multo
2363 5745 2712 5801 mirabilius.
2742 5746 2947 5803 Verum
2977 5747 3064 5802 hae
3096 5747 3174 5801 ita
3192 5762 3304 5800 non
3330 5744 3821 5816 pra-judicantre-

2166 5833 2997 5909 busintelligendis,tanquam
3016 5836 3066 5892 si
3087 5833 3350 5891 hominis
3363 5848 3579 5890 nomen
3592 5836 3817 5894 scriba-
