4040 6456
223 380 346 442 885

295 514 387 568 26.
412 514 519 569 Sed
545 514 685 585 quid
711 514 863 571 ultra
883 516 1208 573 differimus
1234 535 1333 573 oro
1354 535 1552 574 eorum
1574 519 1880 575 evidentis-

224 602 378 659 simo
410 611 584 675 atque
605 606 954 675 gravissimo
979 606 1090 662 alio
1105 609 1454 663 documento
1476 609 1754 679 oppilare,
1782 608 1881 663 ubi

226 710 343 747 non
379 692 620 765 angelus
644 694 1155 765 singulariter,uec
1185 697 1288 751 viri
1309 697 1735 769 pluraliter,sed
1765 715 1882 753 om-

225 782 366 837 nino
417 783 612 855 Angeli
646 782 944 850 dicuntur,
972 803 1073 857 per
1097 803 1241 857 quos
1266 803 1456 840 sermo
1483 804 1593 841 non
1635 786 1881 858 quilibet

223 871 436 938 factus,
469 874 566 927 sed
596 872 684 927 lex
707 872 837 945 ipsa
871 875 1007 929 data
1033 875 1509 931 manifestissime
1530 877 1876 943 ostenditur,

218 977 401 1033 quam
445 967 597 1016 certe
626 962 823 1017 nullus
865 963 1121 1019 ﬁdelium
1166 964 1397 1018 dubitat
1432 968 1605 1018 Deum
1647 965 1878 1020 dedisse

226 1050 407 1123 Moysi
429 1051 499 1106 ad
524 1052 964 1123 subjugandum
996 1051 1275 1125 populum
1304 1052 1500 1122 Israel,
1539 1054 1638 1107 sed
1682 1060 1876 1108 tamen

222 1157 327 1212 per
356 1140 605 1212 Angelos
637 1141 877 1196 datam?
914 1142 995 1196 Ita
1025 1143 1354 1212 Stephanus
1394 1141 1651 1212 loquitur
1684 1157 1697 1196 :
1733 1144 1877 1197 Dura

218 1229 672 1301 cervice,inquit,
700 1234 749 1284 et
776 1246 886 1285 non.
907 1233 1220 1285 circumcisi
1238 1230 1395 1285 corde
1420 1240 1469 1285 et
1500 1233 1752 1295 auribus,
1788 1248 1876 1286 vos

218 1334 439 1390 semper
457 1317 697 1390 Sirpitui
715 1328 913 1375 sancto
939 1322 1229 1383 restitistis,
1248 1322 1390 1374 sicut
1418 1324 1470 1373 et
1487 1324 1668 1391 patres
1694 1324 1872 1376 vestri.

222 1407 393 1475 Quem
416 1408 821 1479 PrOphetarum
849 1424 957 1463 non
986 1411 1261 1479 persecuti
1278 1418 1408 1463 sunt
1453 1412 1637 1479 patres
1676 1413 1876 1464 vestri?

215 1497 283 1552 Et
313 1496 622 1552 occiderunt
644 1512 731 1553 eos
754 1498 848 1567 qui
864 1499 1347 1569 praeniuntiabant
1368 1498 1436 1552 de
1458 1498 1691 1553 adventu
1709 1501 1872 1565 Justi,

217 1587 376 1658 cujus
406 1602 553 1641 nunc
590 1602 675 1641 vos
709 1587 1011 1658 proditores
1052 1592 1107 1641 et
1139 1589 1517 1657 interfectores
1537 1589 1752 1660 fuistis,
1779 1590 1876 1658 qui

214 1677 504 1747 accepistis
540 1676 716 1746 legem
749 1678 810 1731 in
840 1677 1034 1731 edictis
1066 1677 1414 1747 Angetorum,
1438 1693 1537 1731 nec
1564 1676 1874 1731 custodistis

214 1764 849 1836 (.lct.vu,51-53).Quid
878 1766 985 1820 hoc
1012 1765 1375 1819 evidentius?
1401 1766 1535 1835 quid
1572 1771 1733 1820 tanta
1766 1784 1871 1819 au-

215 1852 485 1909 ctoritate
508 1853 831 1909 robustius?
856 1855 911 1909 In
931 1854 1135 1909 edictis
1159 1855 1391 1925 quidem
1410 1855 1692 1924 Angeloru
1709 1872 1757 1908 m
1786 1854 1873 1910 lex

211 1940 298 1996 illi
319 1942 533 2015 populo
557 1942 826 1998 dataest:
856 1945 952 1997 sed
982 1944 1204 1997 Domini
1229 1942 1361 1997 Jesu
1392 1943 1601 1997 Christi
1630 1960 1867 2016 peream

212 2030 637 2102 disponebatur
666 2036 722 2086 et
760 2031 1262 2102 praenuntiatabur
1292 2034 1612 2099 adventus;
1648 2038 1701 2086 ct
1733 2032 1868 2103 ipsas

208 2122 498 2193 tanquam
523 2122 761 2176 verbum
787 2120 884 2175 Dei
907 2120 1050 2174 miro
1076 2126 1131 2174 et
1152 2120 1427 2174 ineﬁ‘abili
1455 2121 1625 2175 modo
1658 2126 1780 2175 erat
1809 2122 1866 2175 in

210 2207 472 2279 Angelis,
498 2208 554 2262 in
603 2225 852 2279 quorum
878 2207 1083 2262 edictis
1114 2207 1202 2261 lex
1240 2208 1367 2279 ipsa
1411 2208 1681 2261 dabatur.
1709 2208 1868 2263 Unde

210 2296 356 2353 dicit
386 2296 444 2352 in
486 2296 814 2368 Evangelio,
847 2298 911 2352 Si
954 2297 1234 2351 crederitis
1274 2297 1459 2367 Moysi,
1504 2297 1797 2352 crederetis
1818 2300 1869 2352 et

208 2385 380 2448 mihi;
401 2386 466 2441 de
484 2403 570 2440 me
591 2388 737 2440 enim
757 2387 851 2440 itte
874 2387 1097 2456 scripsit
1120 2386 1295 2455 (toan.
1324 2403 1374 2452 v,
1405 2386 1513 2455 46).
1551 2386 1653 2439 Per
1682 2388 1863 2457 Ange-

208 2473 301 2531 los
322 2492 457 2547 ergo
488 2479 627 2530 tunc
658 2474 943 2529 Dominus
970 2474 1333 2545 loquebatur,
1372 2492 1470 2544 per
1494 2474 1743 2545 Angelos
1776 2474 1863 2529 Fi-

206 2562 328 2619 lius
354 2565 473 2632 Dei,
498 2564 894 2619 mediatorDei
912 2570 969 2618 et
992 2563 1295 2618 hominum
1316 2564 1543 2617 futurus
1563 2580 1629 2618 ex
1645 2564 1865 2617 semine

204 2653 453 2709 Abrahae
484 2670 657 2708 suum
692 2653 1040 2725 disponebat
1071 2653 1136 2707 ad
1167 2658 1404 2718 'entum,
1442 2656 1505 2706 ut
1528 2653 1865 2707 invenireta

207 2742 432 2814 quibus
465 2740 831 2813 reciperetur,
853 2742 1194 2796 conﬁtentes
1217 2758 1279 2796 se
1303 2758 1448 2809 reos,
1471 2758 1615 2813 quos
1643 2741 1727 2795 lex
1752 2759 1861 2796 non

205 2830 452 2902 impleta
494 2832 706 2887 fecerat
739 2835 1221 2902 transgressores.
1264 2830 1425 2885 Unde
1467 2836 1523 2884 et
1552 2830 1864 2901 Apostolus

205 2920 281 2976 ad
306 2920 539 2976 Galatas
572 2919 733 2986 dicit,
760 2919 901 2988 Quid
927 2936 1051 2990 ergo
1075 2921 1192 2974 lex?
1228 2921 1692 2988 Transgressionis
1723 2937 1863 2987 gra-

204 3011 285 3066 tia
305 3011 483 3081 posita
512 3014 590 3065 est
608 3012 649 3075 ί,
690 3008 856 3064 donec
895 3025 986 3063 ven
998 3012 1100 3064 iret
1130 3014 1179 3063 et
1212 3026 1393 3064 semen
1413 3011 1506 3063 cui
1528 3012 1863 3079 promissum

202 3098 656 3172 est,dispositum’
675 3114 779 3169 per
798 3098 1027 3167 Angelos
1058 3100 1111 3152 in
1136 3115 1303 3151 manu
1333 3099 1642 3153 Mcdiatoris
1663 3099 1859 3169 (Gatut.

204 3205 290 3258 III,
321 3188 407 3261 19)
435 3202 449 3242 :
480 3187 586 3242 hoc
632 3192 719 3242 est
749 3186 1101 3256 dispositum
1144 3203 1244 3257 per
1287 3185 1538 3256 Angelos
1572 3186 1627 3240 in
1681 3202 1859 3240 manu

203 3294 335 3333 sua.
374 3276 498 3332 Non
532 3277 688 3330 enim
732 3284 904 3330 natus
936 3280 1026 3329 est
1055 3291 1156 3346 per
1178 3274 1592 3339 conditionem,
1627 3275 1724 3329 sed
1762 3291 1861 3344 per

200 3370 575 3439 potestatem.
593 3366 754 3429 Quod
777 3371 969 3419 autem
993 3383 1103 3419 non
1121 3365 1373 3435 aliquem
1396 3382 1459 3419 ex
1478 3364 1705 3435 Angelis
1720 3364 1862 3419 dicit

205 3454 614 3523 mediatorem,
644 3455 740 3509 sed
768 3455 959 3525 ipsum
986 3454 1297 3509 Dominum
1324 3454 1519 3508 Jesum
1540 3452 1857 3523 Christum,

205 3542 265 3598 in
290 3548 579 3616 quantum
606 3543 778 3599 homo
814 3544 932 3597 ﬁeri
954 3544 1227 3615 dignatus
1251 3542 1546 3609 est,habes
1570 3542 1855 3596 alioloco:

208 3633 380 3696 Unus,
402 3632 614 3703 inquit,
653 3634 789 3686 Deus
819 3638 869 3687 et
892 3649 1034 3686 unus
1058 3632 1327 3686 mediator
1359 3633 1454 3685 Dei
1472 3635 1519 3685 et
1555 3632 1856 3699 hominum,

202 3721 365 3776 homo
389 3720 634 3775 Christus
661 3722 807 3776 Iesus
830 3722 872 3793 (Ι
910 3722 1041 3775 Tim.
1073 3738 1130 3790 ii,
1173 3721 1246 3792 5).
1277 3721 1416 3774 llinc
1453 3719 1590 3773 illud
1642 3720 1858 3773 Pascha

205 3810 267 3866 in
290 3809 690 3866 interfectione
724 3810 853 3881 agni
882 3809 1190 3876 (Exodxn)
1214 3827 1224 3863 :
1244 3809 1378 3863 hinc
1399 3808 1497 3862 illa
1519 3808 1713 3861 omnia
1732 3826 1855 3879 qua:

271 3937 289 3972 1
316 3935 496 3984 Plures
523 3934 665 3992 Mss,
685 3936 946 3995 proposita
975 3937 1064 3983 est.
1085 3936 1259 3983 Graece
1289 3938 1390 3991 est,
1421 3933 1746 3996 proseletthe'.

271 3998 294 4031 ³
323 3998 475 4062 Editi,
510 3994 779 4061 disposita.
810 4000 875 4048 At
902 3998 1145 4062 plerique
1179 3999 1326 4057 Mss,
1358 3994 1700 4060 dispositum;
1720 3994 1853 4045 refe-

199 4059 374 4109 rendo
402 4061 468 4109 ad
503 4059 705 4109 semen.

1606 387 1841 449 LIBER
1884 386 2280 460 QUARTUS.

3517 394 3638 454 886

1992 520 2062 575 de
2093 520 2320 577 Christo
2338 526 2576 577 venturo
2613 521 2669 576 in
2703 539 2873 577 carne
2912 524 3085 594 atque
3124 537 3392 593 passuro,
3439 523 3540 577 sed
3580 526 3637 576 et

1992 616 2384 666 resurrecturo
2409 610 2465 665 in
2491 610 2613 683 lege
2637 612 2978 682 ﬁgurantur,
3005 628 3130 681 quae
3155 612 3287 666 data
3315 612 3475 666 estin
3508 612 3635 665 edi-

1990 699 2098 753 otiis
2120 699 2493 769 Angelorum,
2518 700 2575 753 in
2611 701 2819 771 quibus
2841 700 3075 771 Angelis
3093 706 3215 755 erat
3237 704 3435 772 utique
3456 705 3512 755 et
3526 702 3633 755 Pa—

1989 791 2095 854 ter,
2121 793 2175 841 et
2196 788 2396 851 Filius,
2423 795 2478 843 et
2506 789 2757 859 Spiritus
2781 794 3046 855 sanctus;
3070 794 3125 844 et
3143 788 3456 860 aliquando
3472 794 3636 844 Pater

1989 876 2303 948 aliquando
2353 876 2550 944 Filius,
2576 877 2913 949 aliquando,
2952 878 3205 949 Spiritus
3238 884 3494 945 sanctus,
3528 878 3632 933 ali-

1988 966 2221 1035 quando
2249 966 2372 1020 sine
2399 966 2897 1021 ulladistinctione
2923 984 3181 1039 personae
3212 970 3360 1023 Deus
3381 985 3480 1040 per
3502 968 3633 1024 illos

1989 1054 2481 1123 ﬁgurabatur,elsi
2498 1056 2824 1111 visibilibus
2840 1062 2895 1110 et
2918 1055 3295 1111 sensibilibus
3321 1057 3516 1111 formis
3537 1074 3634 1128 ap-

1988 1160 2218 1214 parens,
2254 1160 2353 1215 per
2384 1150 2709 1200 creaturam
2734 1151 2928 1200 tamen
2963 1162 3152 1212 suam,
3194 1163 3303 1200 non
3352 1162 3452 1218 per
3493 1147 3629 1201 sub-

1987 1232 2401 1296 stantiam,cui
2448 1234 2708 1288 videndae
2750 1235 2923 1289 corda
2968 1235 3330 1290 mundantur
3364 1251 3464 1306 per
3511 1234 3631 1291 haec

1985 1322 2183 1376 omnia
2212 1339 2339 1393 quas
2369 1323 2550 1377 oculis
2584 1323 2853 1377 videntur
2882 1328 2938 1378 et
2969 1324 3209 1379 auribus
3240 1325 3577 1379 audiuntur.

2054 1411 2143 1463 27.
2169 1411 2276 1465 Sed
2296 1412 2421 1481 jam
2465 1412 2631 1482 satis,
2674 1417 2961 1484 quantum
3002 1412 3291 1483 existimo,
3317 1430 3419 1485 pro
3459 1418 3629 1485 captu

1985 1504 2182 1554 nostro
2201 1500 2565 1571 disputatum,
2586 1507 2642 1556 et
2662 1502 3127 1557 demonstratum
3147 1506 3254 1568 est,
3271 1503 3421 1572 quod
3441 1502 3499 1557 in
3525 1502 3631 1558 hoc

1983 1586 2130 1643 libro
2149 1604 2599 1660 susceperamus
2612 1591 2943 1644 ostendere:
2962 1590 3341 1662 constititque
3354 1596 3409 1645 et
3430 1592 3631 1662 proba-

1982 1674 2207 1730 bilitate
2236 1677 2478 1731 rationis
2506 1683 2788 1749 quantum
2814 1678 2985 1733 homo
3006 1678 3090 1734 vel
3124 1680 3318 1751 potius
3340 1686 3628 1751 quantum

1982 1780 2086 1834 ego
2115 1764 2296 1835 potui,
2315 1770 2371 1819 et
2395 1766 2668 1821 ﬁrmitate
2693 1768 3056 1822 auctoritatis
3079 1773 3360 1838 quantum
3385 1770 3454 1823 de
3473 1770 3625 1826 Scri-i

1983 1852 2168 1924 pturis
2185 1853 2404 1909 sanctis
2419 1855 2449 1908 d
2462 1854 2614 1910 ivina
2626 1855 2857 1927 eloquia
2872 1858 3359 1928 patuerunt,quod
3376 1858 3629 1928 antiquis

1981 1941 2245 2012 patribus
2277 1945 2490 1997 nostris
2512 1951 2645 1999 ante
2667 1944 3127 2000 incarnationem
3149 1946 3625 2015 Salvatoris,cum

1976 2029 2130 2084 Deus
2154 2048 2429 2103 apparere
2450 2032 3064 2102 dicebatur,vocesillae
3083 2050 3147 2088 ac
3169 2035 3393 2106 species
3414 2052 3619 2106 corpo-

1980 2118 2129 2173 rales
2152 2136 2253 2191 per
2286 2122 2536 2193 Angelos
2570 2124 2732 2177 facta:
2753 2127 2919 2189 sunt;
2946 2123 3067 2178 sive
3089 2122 3231 2195 ipsis
3253 2124 3629 2195 loquentibus

1978 2206 2063 2260 vel
2086 2208 2396 2278 agentibus
2421 2208 2640 2279 aliquid
2664 2227 2731 2264 ex
2755 2228 3001 2281 persona
3018 2210 3631 2277 Dei,sicutetiamPro-

1978 2294 2183 2365 phetas
2203 2294 2386 2351 solere
2413 2299 2926 2367 ostendimus;sive
2941 2301 3379 2355 assumentibus
3398 2319 3466 2356 ex
3478 2318 3632 2357 crea-

1976 2387 2109 2437 tura
2134 2385 2286 2455 quod
2316 2385 2422 2456 ipsi
2449 2403 2563 2441 non
2589 2392 2807 2456 essent,
2830 2389 2924 2441 ubi
2948 2388 3101 2443 Deus
3127 2390 3368 2455 ﬁgurate
3390 2391 3632 2444 demon-

1976 2473 2634 2543 strareturbominibus;
2654 2476 2805 2547 quod
2822 2476 3512 2548 genussigniﬁcationum
3531 2496 3633 2535 nec

1977 2560 2296 2632 Prophetas
2319 2562 2824 2633 omisisse,multis
2841 2565 3121 2637 exemplis
3134 2567 3297 2621 docet
3317 2567 3631 2637 Scriptura.

1974 2649 2253 2721 Superest
2277 2649 2589 2721 igiturjam
2620 2657 2684 2706 ut
2708 2653 3027 2720 videamus,
3060 2670 3193 2708 cum
3234 2658 3292 2710 et
3349 2660 3485 2710 nato
3531 2673 3634 2728 per

1974 2737 2263 2809 virginem
2300 2740 2560 2809 Domino,
2582 2746 2636 2795 et
2670 2741 2953 2813 corporali
2980 2744 3171 2813 specie
3189 2743 3339 2798 sicut
3360 2744 3634 2802 columba

1974 2827 2361 2882 descendente
2387 2828 2607 2899 Spiritu
2634 2835 2834 2886 sancto
2876 2831 3085 2901 (Matth.
3119 2849 3203 2903 III,
3233 2834 3340 2903 16),
3375 2832 3631 2906 visisque

1972 2913 2163 2987 igneis
2196 2915 2413 2987 linguis
2439 2915 2631 2971 sonitu
2686 2918 2836 2973 facto
2869 2920 2939 2974 de
2970 2919 3111 2975 ccelo
3137 2920 3232 2976 die
3259 2926 3626 2979 Pentecostes

1974 3009 2105 3075 post
2138 3005 2537 3061 ascensionem
2582 3006 2811 3062 Domini
2843 3007 2977 3079 (Act.
3027 3009 3384 3083 Ii,l-4),non
3427 3011 3623 3083 ipsum

1971 3092 2070 3149 Dei
2096 3093 2343 3150 Verbum
2370 3110 2472 3167 per
2492 3096 2886 3151 substantiam
2911 3106 3076 3153 Suam
3104 3115 3221 3170 qua
3236 3099 3385 3155 Patri
3407 3102 3626 3173 aequale

1972 3185 2139 3253 atque
2164 3188 2516 3239 coaeternum
2542 3190 2632 3241 est
2664 3202 2765 3241 nec
2796 3186 3047 3258 Spiritus
3070 3188 3255 3244 Patris
3290 3194 3347 3244 et
3371 3189 3491 3244 Filii
3526 3205 3628 3261 per

1971 3287 2137 3326 suam
2174 3273 2566 3329 substantiam
2588 3292 2703 3347 qua
2721 3275 2923 3347 etipse
2950 3276 3215 3348 utrisque
3233 3278 3505 3350 tequalis‘
3541 3283 3624 3334 at-

1971 3375 2084 3431 que
2100 3366 2418 3416 coaeternus
2444 3364 2655 3417 estsed
2684 3364 2885 3434 utique
2905 3366 3335 3437 creaturaaqum
3361 3366 3476 3423 illis
3502 3385 3626 3423 mo-

1970 3448 2061 3503 dis
2086 3450 2319 3504 formari
2348 3457 2403 3505 et
2426 3453 2670 3507 existere
2686 3454 2875 3524 potuit
2917 3456 3215 3526 corporeis
3245 3462 3419 3527 atque
3467 3474 3621 3512 mor-

1969 3537 2185 3592 talibus
2207 3541 2480 3595 sensibus
2505 3542 3006 3614 apparuerit,quid
3043 3544 3343 3599 interillas
3381 3546 3624 3601 demon-

1969 3630 2283 3683 strationes
2306 3629 2479 3685 etbas
2500 3631 2881 3702 proprietates
2899 3632 3022 3686 Filii
3044 3633 3135 3687 Dei
3154 3634 3474 3703 etSpiritus
3492 3652 3622 3690 san-

1969 3716 2341 3785 cti,quamvns
2368 3736 2467 3789 per
2488 3726 2813 3774 creaturam
2838 3720 3124 3776 visibilem
3144 3722 3616 3790 factas,intersit:

1971 3804 2122 3875 quod
2150 3805 2220 3859 ab
2244 3805 2357 3861 alio
2382 3805 2675 3862 volumine
2696 3808 3065 3863 commodius
3087 3809 3403 3867 ordiemur.

2030 3929 2047 3962 ¹
2076 3930 2512 4002 Ve.n.,_ut_riusque
2546 3931 2776 4002 aquati}.
2811 3934 2955 4002 1.93..
2978 3933 3206 4002 utrisque
3234 3933 3464 4002 aqualis,
3497 3950 3617 4002 cum

1965 3994 2066 4060 hac
2084 3993 2724 4060 adnotatiqnemarginali
2748 4010 2811 4060 :_«
2832 3995 2986 4053 Alias,
3008 3993 3214 4059 utrique
3242 3993 3471 4060 mqualis.
3486 4019 3509 4043 ι)
3543 4000 3610 4049 Μ.

2030 4058 2052 4093 ³
2080 4059 2156 4107 lta
2187 4058 2311 4106 Mss.
2344 4057 2482 4105 Editi
2513 4070 2657 4116 vero,
2687 4057 2779 4105 sed
2798 4060 2973 4121 utique
2996 4073 3091 4121 per
3117 4057 3427 4109 creaturam.

1370 4274 1746 4367 LIBER
1846 4272 2449 4384 QUARTUS.

256 4428 496 4500 Explicat
527 4427 592 4477 ad
614 4426 740 4500 quid
772 4426 965 4500 missus
988 4428 1057 4476 sit
1082 4426 1239 4500 [filius
1260 4426 1346 4474 Dei
1368 4441 1387 4500 ε.
1400 4426 1604 4500 Christo
1636 4425 1886 4500 fidelicet
1905 4440 2001 4500 pro
2020 4425 2384 4500 peccatoribus
2405 4424 2668 4500 moriente
2691 4424 3125 4500 persuadendum
3144 4426 3309 4500 nobis.
3327 4427 3491 4500 fuisse
3514 4429 3613 4479 im-

195 4487 383 4554 primis
406 4496 459 4539 et
486 4487 744 4553 quantum
762 4503 860 4537 nos
889 4490 1135 4537 dilexerit
1156 4491 1225 4537 De
1238 4504 1319 4545 us,
1344 4493 1396 4537 et
1414 4489 1601 4554 quales
1620 4488 1883 4554 dilexerit.
1907 4488 2217 4551 Opportune
2245 4489 2403 4554 etiam
2418 4492 2477 4554 ut
2497 4487 2568 4554 ad
2585 4487 3054 4554 contemplandum
3080 4490 3242 4554 Deum
3266 4494 3318 4537 et
3337 4491 3610 4540 cohaeren-

201 4551 332 4602 dum
359 4556 464 4602 Deo
492 4551 893 4609 mundaremur,
913 4555 1139 4601 verbum
1160 4566 1214 4599 in
1246 4566 1405 4600 carne
1437 4553 1665 4600 venisse.
1702 4552 1871 4613 Ipsius
1896 4558 2062 4600 morte
2093 4565 2199 4599 una
2220 4556 2272 4599 et
2294 4553 2517 4613 simplici
2541 4551 2805 4613 duplicem
2830 4555 3067 4598 nostram
3091 4553 3320 4601 solutam
3352 4567 3496 4611 esse;
3522 4556 3611 4603 ubi

198 4616 448 4665 edisserit
476 4614 926 4678 quemadmodum
954 4615 1202 4676 simplum
1231 4616 1263 4663 S
1283 4614 1521 4678 ilvatoris
1548 4611 1900 4678 nostri—duplo
1925 4618 2107 4661 nostro
2129 4611 2818 4678 concinatad_salutem,get
2845 4613 2909 4661 de
2942 4612 3265 4678 perfectione
3298 4618 3503 4665 numeri
3536 4632 3615 4664 se-

202 4680 359 4733 narii.
384 4680 437 4726 in
460 4676 618 4738 quem
651 4691 932 4725 numerum
966 4678 1078 4738 ipsa
1103 4678 1275 4735 simpli
1298 4677 1361 4724 ad
1388 4677 1605 4737 duplum
1634 4676 1764 4723 ratio
1797 4678 2095 4730 deducitur,
2120 4677 2290 4723 fusius
2310 4676 2430 4737 agit.
2468 4676 2628 4724 Docet
2649 4676 2819 4721 colligi
2856 4688 3040 4723 omnes
3064 4691 3124 4724 ex
3159 4677 3337 4725 multis
3360 4680 3409 4725 in
3445 4693 3610 4728 unum

196 4755 294 4803 per
320 4754 484 4789 unum
516 4740 861 4789 mediatorem
885 4741 1008 4789 vita:
1025 4740 1309 4798 Christum,
1327 4754 1419 4801 per
1435 4754 1592 4802 quem
1612 4739 1784 4786 solum
1807 4752 1933 4803 vera
1954 4739 2214 4786 ﬁtauimze
2240 4741 2792 4803 purgatiostJmterum
2814 4738 3002 4787 Filium
3027 4739 3137 4803 Dei,
3160 4754 3466 4803 quanquam
3484 4743 3607 4789 uiis-

197 4799 351 4852 sioue
378 4804 549 4852 factus
581 4802 838 4851 sitminor
862 4809 1075 4865 propter
1111 4799 1337 4850 formam
1367 4799 1502 4850 servi
1526 4816 1682 4863 quam
1704 4802 1955 4865 auset-pit,
1976 4814 2081 4849 non
2101 4806 2281 4865 tamen
2303 4799 2424 4848 ideo
2456 4799 2713 4865 minorem
2739 4802 2885 4847 Putre
2912 4799 3207 4851 secundum
3233 4799 3459 4853 formam
3512 4804 3605 4853 Dei

194 4866 322 4930 quia
352 4867 418 4915 ab
440 4866 554 4928 ipso
577 4866 770 4914 missus
790 4862 903 4917 est:
926 4862 1275 4927 eamdemque
1298 4865 1361 4913 ds
1385 4862 1611 4927 Spiritus
1642 4866 1805 4911 sancti
1829 4864 2079 4913 missione
2110 4864 2373 4911 rationem
2397 4875 2513 4911 esse
2544 4862 2904 4912 demonstrat.

268 5056 719 5108 Paoosmum.-—
737 5052 784 5106 1.
820 5052 1067 5106 Scientia
1088 5051 1185 5105 Dei
1207 5067 1236 5104 a
1264 5051 1365 5105 Deo
1383 5050 1633 5121 petenda.
1658 5050 1847 5105 Scien-

194 5141 336 5196 tiam
366 5140 730 5195 terrestrium
765 5139 1208 5210 cmlestiumque
1240 5156 1432 5193 rerum
1464 5139 1660 5210 magni
1686 5139 1845 5193 azsti-

196 5246 355 5285 mare
369 5229 514 5285 solet
529 5245 713 5301 genus
726 5228 800 5283 hu
813 5245 1051 5284 manum
1070 5246 1082 5283 :
1101 5228 1155 5282 in
1174 5245 1286 5299 quo
1307 5227 1559 5299 profecto
1576 5227 1844 5283 meliores

191 5324 332 5375 sunt
354 5319 453 5391 qui
474 5317 611 5373 huic
629 5316 880 5373 scientiae
900 5321 1246 5390 prazponunt
1268 5333 1440 5372 nosse
1461 5317 1841 5388 semetipsos;

191 5406 662 5479 laudabiliorque
682 5411 770 5462 est
790 5407 1022 5461 animus
1045 5406 1133 5460 cui
1163 5410 1300 5461 nota
1322 5409 1409 5460 est
1428 5405 1515 5459 vel
1532 5405 1843 5459 inﬁrmitas

193 5515 322 5569 sua,
344 5514 523 5569 quam
549 5498 646 5568 qui
671 5513 739 5551 ea
760 5513 874 5551 non
908 5494 1317 5566 respecta,vias
1340 5494 1597 5549 siderum
1618 5499 1840 5550 scruta-

191 5592 290 5642 tur
311 5586 489 5642 etiam
535 5585 895 5655 cogniturus,
937 5590 1041 5639 aut
1070 5582 1169 5654 qui
1207 5584 1327 5654 jam
1369 5583 1628 5654 cognitas
1662 5588 1837 5650 tenet,

192 5676 473 5749 ignorans
496 5676 620 5747 ipse
643 5690 757 5744 qua
788 5672 1152 5744 ingrediatur
1173 5673 1242 5726 ad
1279 5671 1525 5726 salutem
1564 5688 1628 5725 ac
1655 5672 1839 5725 ﬁrmi-

188 5769 371 5822 tatem
406 5780 600 5820 suam.
634 5761 740 5828 Qui
770 5760 1038 5832 verojam
1061 5759 1351 5833 evigilavit
1388 5761 1445 5816 in
1495 5760 1837 5832 Deum,Spi-

1957 5051 2105 5105 ritus
2137 5049 2323 5105 sancti
2360 5048 2548 5104 calore
2578 5050 2888 5117 excitatus,
2928 5055 3106 5121 atque
3136 5052 3195 5107 in
3240 5052 3369 5121 ejus
3407 5070 3605 5109 amore

1954 5155 2150 5194 coram
2174 5156 2233 5193 se
2248 5138 2509 5205 viluit,ad
2533 5155 2786 5209 cumque
2806 5138 3021 5193 intraro
3034 5139 3232 5195 volens
3258 5156 3363 5195 nec
3383 5139 3602 5213 valens,

1953 5244 2136 5299 eoque
2160 5226 2510 5283 sibilucente
2530 5227 2846 5281 attenditin
2870 5226 3293 5300 se.invenitque
3314 5246 3607 5295 se,suam-

1952 5333 2063 5388 que
2083 5316 2483 5388 {egritudian
2513 5315 2667 5370 illius
2698 5314 2998 5369 munditias
3027 5318 3602 5389 contemperari,non

1953 5422 2122 5477 posse
2145 5406 2449 5477 cognovit;
2477 5405 2611 5459 flere
2658 5403 2827 5458 dulce
2869 5404 3063 5468 habet,
3114 5420 3368 5476 eumque
3398 5408 3601 5481 depre-

1951 5495 2089 5564 cari,
2115 5500 2179 5549 ut
2203 5496 2377 5550 etiam
2403 5500 2575 5565 atque
2598 5493 2771 5547 etiam
2800 5493 3165 5559 misereatur,
3200 5495 3382 5551 donec
3430 5505 3602 5555 exuat

1950 5588 2131 5639 totam
2180 5584 2496 5649 miseriam,
2520 5587 2573 5636 et
2608 5582 2830 5653 precari
2880 5598 3011 5636 cum
3052 5582 3405 5655 ﬁduciajam
3439 5603 3598 5643 acce-

1950 5678 2045 5743 pto
2078 5675 2330 5744 gratuito
2363 5671 2601 5743 pignore
2633 5669 2860 5737 salutis,
2897 5687 2997 5741 per
3027 5672 3153 5741 ejus
3196 5674 3432 5728 unicum
3467 5676 3596 5730 Sal-

1948 5766 2205 5817 vatorem
2238 5758 2495 5815 hominis
2525 5764 2580 5814 et
2612 5758 3105 5817 illuminatorem:
3146 5760 3302 5818 hunc
3332 5758 3415 5819 ita
3447 5781 3593 5838 agon
