4160 6504
403 411 525 475 887

402 545 552 601 ῑθωί
586 542 952 599 etdolentem
990 540 1235 597 scientia
1266 556 1379 596 non
1415 538 1601 603 inflat,
1642 538 1779 609 quia
1799 536 2053 591 Charitas

412 634 728 703 aediﬁcata
765 632 883 688 Cor.
932 648 1056 695 VIII,
1084 631 1175 697 1);
1226 627 1544 701 praeposuit
1570 628 1724 681 enim
1753 625 2052 682 scientiam

412 718 1010 793 scientiae,pra3posuit
1038 719 1184 773 scire
1214 716 1613 772 inﬁrmitatem
1647 731 1837 780 suam,
1866 712 2054 784 magis

411 826 589 882 quam
622 811 770 864 scire
803 808 1006 864 mundi
1041 807 1276 875 moenia,
1322 805 1704 860 fundamenta
1743 810 2051 866 terrarum,

410 904 467 955 et
498 897 730 969 fasrigia
747 898 1024 953 caelorum
1051 912 1064 950 :
1098 901 1156 950 et
1186 895 1336 950 hanc
1368 893 1708 965 apponendo
1727 890 2053 956 scientiam,

417 987 692 1059 apposuit
713 985 970 1042 dolorem
1003 985 1198 1051 (Ecrte.
1232 984 1419 1052 1,18);
1453 982 1707 1037 dolorem
1729 979 2056 1051 peregrina-

416 1076 595 1131 tionis
638 1092 757 1130 suae
787 1090 857 1129 ex
900 1071 1188 1128 desiderio
1234 1071 1432 1143 patriae
1464 1087 1604 1135 suae,
1638 1074 1693 1124 et
1740 1066 2056 1123 conditoris

413 1165 542 1236 ejus
574 1163 727 1219 beati
764 1163 859 1219 Dei
890 1161 1002 1218 sui.
1035 1163 1097 1216 In
1144 1161 1251 1216 hoc
1282 1175 1487 1231 genere
1517 1157 1843 1220 hominum,
1876 1156 1937 1210 in
1969 1154 2057 1209 fa-

417 1253 581 1308 milia
610 1252 825 1307 Christi
850 1252 956 1317 tui,
996 1250 1233 1305 Domine
1269 1250 1417 1303 Deus
1441 1263 1625 1311 meus,
1660 1248 1704 1301 si
1733 1245 1884 1301 inter
1916 1260 2055 1315 pau-

421 1358 587 1413 peres
622 1346 755 1396 tuos
785 1356 973 1411 gemo,
1010 1339 1081 1392 da
1112 1336 1255 1392 mihi
1289 1337 1359 1391 de
1391 1351 1538 1407 pane
1570 1339 1669 1390 tuo
1711 1333 2061 1403 respondere

420 1430 757 1486 hominibus
811 1430 908 1498 qui
955 1443 1069 1482 non
1114 1425 1380 1481 esuriunt
1427 1428 1484 1477 et
1519 1422 1729 1479 sitiunt
1768 1420 2059 1492 justitiam

421 1518 640 1588 (Matth.
666 1535 718 1583 ν,
749 1519 826 1583 6),
856 1516 952 1570 sed
988 1515 1182 1570 satiati
1216 1518 1357 1569 sunt
1386 1522 1435 1568 et
1470 1512 1787 1567 abundant.
1822 1511 2064 1566 Satiavit

422 1612 619 1664 autem
642 1605 773 1661 illos
795 1605 1145 1677 phantasma
1160 1618 1500 1670 eorum,non
1518 1602 1732 1678 veritas
1748 1606 1869 1665 tua,
1884 1615 2061 1671 quam

423 1694 755 1767 repellendo
778 1692 1068 1761 resiliunt,
1102 1696 1159 1747 et
1187 1691 1245 1746 in
1278 1707 1445 1746 suam
1476 1690 1792 1745 vanitatem
1825 1688 2060 1743 cadunt.

426 1785 540 1857 Ego
571 1787 722 1839 certe
752 1782 937 1838 sentio
980 1798 1156 1853 quam
1188 1778 1374 1835 multa
1410 1780 1689 1851 ﬁgmenta
1736 1777 1923 1849 pariat
1970 1792 2068 1831 cor

425 1873 752 1928 humanum
789 1887 803 1927 :
847 1876 904 1926 et
932 1870 1069 1942 quid
1102 1874 1191 1925 est
1233 1885 1329 1925 cor
1351 1885 1568 1938 meum,
1597 1866 1707 1921 nisi
1743 1884 1841 1921 cor
1863 1866 2067 1920 huma-

431 1978 573 2016 num
592 1961 619 2015 ?
645 1959 755 2015 Sed
781 1959 889 2015 hoc
921 1975 1020 2014 oro
1056 1960 1232 2013 Deum
1256 1956 1447 2012 cordis
1470 1957 1605 2020 mei,
1633 1961 1696 2010 ut
1730 1954 1875 2009 nihil
1897 1970 1963 2009 ex
1985 1954 2069 2008 eis

434 2049 731 2122 ﬁgmentis
763 2064 865 2119 pro
887 2046 1073 2103 solido
1104 2063 1236 2102 vero
1273 2050 1571 2101 eructuem
1596 2045 1653 2099 in
1684 2045 1791 2099 has
1821 2044 2067 2106 litteras,

435 2139 536 2195 sed
558 2138 692 2193 inde
707 2137 903 2193 veniat
923 2137 983 2192 in
1004 2153 1102 2192 eas
1123 2136 1407 2207 quidquid
1431 2151 1531 2206 per
1552 2151 1645 2189 me
1662 2134 1854 2188 venire
1878 2138 2073 2203 potue-

435 2228 531 2295 rit,
554 2227 709 2283 unde
742 2225 906 2293 mihi,
949 2225 1213 2297 quamvis
1239 2226 1491 2295 projecto
1530 2240 1563 2279 a
1605 2222 1748 2278 facie
1771 2220 2072 2277 oculorum

436 2332 677 2372 suorum
708 2316 879 2383 (Psat.
904 2331 1033 2383 xxx,
1063 2314 1178 2382 23),
1209 2318 1265 2367 et
1303 2314 1372 2368 de
1404 2312 1722 2383 longinquo
1762 2311 1948 2365 redire
1979 2325 2072 2364 co-

435 2404 644 2469 nanti',
671 2420 773 2475 per
799 2403 949 2458 viam
972 2419 1144 2473 quam
1169 2401 1372 2455 stravit
1401 2398 1786 2455 humanitate'
1804 2397 2075 2452 divinitas

433 2492 728 2565 Unigeniti
745 2493 858 2558 sui,
876 2508 1020 2547 aura
1034 2490 1291 2545 veritatis
1312 2490 1439 2559 ejus
1456 2488 1997 2559 aspergitur.Quam
2018 2486 2075 2539 in

430 2586 659 2638 tantum
682 2580 818 2636 licet
837 2579 1137 2635 mutabilis
1155 2577 1447 2644 haurio,in
1465 2582 1749 2648 quantum
1766 2576 1825 2630 in
1848 2592 1915 2630 ea
1932 2573 2078 2629 nihil

433 2670 715 2727 mutabile
738 2670 925 2737 video,
959 2684 1063 2723 nec
1093 2667 1236 2723 locis
1257 2672 1313 2722 et
1357 2666 1741 2737 temporibus,
1776 2664 1929 2720 sicut
1954 2680 2077 2719 cor-

427 2775 591 2831 pora;
614 2775 716 2814 nec
730 2756 869 2813 solis
889 2756 1255 2828 temporibus
1277 2759 1333 2810 et
1362 2755 1533 2826 quasi
1554 2754 1717 2820 locis,
1738 2754 1892 2809 sicut
1916 2753 2081 2824 spiri-

432 2854 601 2904 tuum
636 2851 974 2903 nostrorum
999 2845 1399 2917 cogitationes;
1420 2860 1523 2899 nec
1546 2842 2083 2916 solistemporibus,

431 2943 489 2993 et
520 2936 681 2991 nulla
701 2934 783 2991 vel
811 2934 1066 3007 imagine
1093 2942 1371 3004 locorum,
1396 2932 1550 2988 sicut
1575 2933 1838 3003 quaedam
1855 2938 2080 2987 nostra-

429 3042 563 3082 rum
608 3024 893 3080 mentium
930 3023 1425 3078 ratiocinationes.
1477 3022 1727 3077 Omnino
1777 3022 1933 3076 enim
1988 3023 2083 3080 Dei

433 3115 710 3181 essentia,
743 3127 859 3185 qua
887 3117 995 3180 est,
1020 3111 1168 3167 nihil
1201 3110 1480 3166 mutabile
1509 3110 1820 3176 habet,nec
1852 3111 1907 3165 in
1928 3115 2085 3166 aiter-

434 3204 643 3269 nitate,
666 3218 771 3257 nec
800 3201 859 3257 in
880 3202 1141 3269 veritate,
1163 3217 1265 3257 nec
1287 3200 1345 3255 in
1368 3199 1694 3255 voluntate:
1721 3200 1859 3271 quia
1874 3205 2086 3256 aeterna

434 3292 518 3348 ibi
536 3290 874 3356 estveritas,
897 3294 1112 3345 aeterna
1149 3289 1437 3357 cbaritas;
1471 3295 1528 3345 et
1555 3306 1690 3345 vera
1711 3289 1790 3344 ibi
1820 3294 1907 3344 est
1949 3289 2085 3344 cha-

438 3380 606 3447 ritas,
648 3396 785 3435 vera
831 3380 1162 3447 aeternitas;
1198 3384 1255 3434 et
1299 3378 1476 3434 chara
1517 3378 1595 3433 ibi
1628 3383 1716 3435 est
1767 3380 2083 3444 aeternitas,

436 3466 616 3523 chara
644 3466 876 3521 veritas.

506 3555 739 3612 CAPUT
774 3554 1069 3610 PRIMUM.
1105 3586 1164 3595 -—
1185 3556 1238 3610 2.
1257 3556 1364 3610 Per
1384 3557 1716 3624 agnitionem
1748 3556 2087 3626 inﬁrmitatis

439 3649 646 3702 nostrae
665 3644 1008 3715 per/icimur.
1054 3646 1280 3701 Verbum
1312 3646 1661 3699 incarnatum
1686 3646 1932 3700 tenebras
1960 3661 2089 3700 nos-

439 3746 553 3793 tras
581 3737 758 3807 pellit.
783 3736 893 3791 Sed
927 3735 1203 3807 quoniam
1231 3734 1623 3790 exsulavimus
1654 3735 1725 3789 ab
1762 3737 2085 3791 incommu-

444 3823 610 3882 tabili
633 3824 869 3897 gaudio,
902 3840 1007 3879 nec
1034 3829 1232 3880 tamen
1255 3824 1390 3879 inde
1413 3824 1634 3895 prazcisi
1659 3830 1834 3896 atque
1858 3826 2089 3897 abrupti

443 3919 730 3985 sumus,ut
747 3930 859 3969 non
873 3914 1046 3969 etiam
1066 3914 1121 3968 in
1139 3914 1266 3969 istis
1286 3912 1667 3968 mutabilibus
1684 3920 1742 3968 et
1758 3915 2090 3985 temporali-

443 4002 558 4058 bus
582 4004 980 4067 aeternitatem,
1006 4006 1328 4058 veritatem.
1351 4001 1773 4055 beatitudinem
1806 4018 2090 4073 quaerere-

450 4094 726 4159 mus(nec
749 4091 893 4145 mori
921 4091 1099 4157 enim,
1135 4106 1240 4144 nec
1265 4088 1405 4153 falli,
1436 4104 1538 4143 nec
1576 4090 1897 4160 perturbari
1930 4091 2092 4146 volu-

452 4180 628 4249 mus);
664 4178 843 4235 missa
866 4184 1001 4233 sunt
1028 4177 1196 4234 nobis
1246 4176 1528 4233 divinitus
1556 4176 1680 4232 visa
1711 4195 1964 4251 congrua
1991 4196 2091 4251 pe-

449 4268 826 4341 regrinationi
862 4272 1093 4333 nostrae,
1128 4266 1343 4338 quibus
1378 4266 1828 4322 admoneremur
1857 4285 1967 4323 non
2002 4268 2093 4323 hic

448 4372 579 4413 esse
600 4358 753 4428 quod
776 4356 1116 4427 quaerimus,
1142 4355 1243 4409 sed
1269 4353 1407 4409 illuc
1430 4355 1501 4409 ab
1526 4355 1663 4410 ista‘
1688 4373 1815 4411 esse
1846 4358 2093 4412 redeun-

448 4445 772 4510 dum,unde
790 4445 901 4499 nisi
922 4444 1330 4515 penderemus,
1348 4442 1443 4497 hic
1458 4460 1524 4498 ea
1541 4460 1655 4499 non
1681 4462 2092 4518 quaereremus.

449 4540 529 4589 Ac
551 4535 807 4605 primum
831 4532 997 4588 nobis
1020 4532 1495 4603 persuadendum
1522 4534 1649 4603 fuit,
1674 4539 1961 4605 quantum
1988 4552 2095 4591 nos

450 4622 719 4694 diligeret
750 4623 999 4689 Deus,ne
1020 4621 1423 4693 desperatione
1448 4638 1561 4677 non
1582 4623 1928 4679 auderemus
1953 4624 2095 4697 erigi

450 4712 512 4767 in
537 4728 692 4767 eum.
727 4710 937 4774 Quales
969 4716 1160 4765 autem
1194 4710 1479 4777 dilexerit,
1504 4713 1731 4767 ostendi
1772 4714 2095 4784 oportebat,

454 4818 527 4857 ne
556 4806 834 4871 tanquam
866 4801 935 4853 de
961 4800 1183 4854 meritis
1207 4799 1426 4854 nostris
1449 4800 1877 4870 superbientes,
1912 4802 2098 4872 magis

455 4890 529 4945 ab
559 4905 625 4944 eo
667 4888 1026 4945 resiliremus
1074 4891 1131 4943 et
1172 4887 1231 4940 in
1278 4891 1480 4941 nostra
1527 4888 1864 4942 fortitudine
1912 4890 2100 4961 magis

457 4977 838 5033 deﬁceremus
871 4993 883 5033 :
919 4993 983 5032 ac
1012 4993 1115 5047 per
1150 4975 1252 5030 hoc
1283 4975 1402 5046 egit
1425 4974 1752 5047 nobiscum,
1779 4981 1955 5049 utper
1975 4979 2102 5049 ejus

458 5067 859 5122 fortitudinem
886 5065 1079 5137 potius
1101 5064 1535 5135 proﬁceremus,
1561 5068 1733 5134 atque
1753 5064 1832 5120 ita
1856 5066 1913 5121 in
1941 5067 2102 5122 inﬁr-

459 5156 662 5211 mitate
691 5155 1041 5210 humilitatis
1055 5153 1429 5226 perﬁceretur
1449 5154 1633 5208 virtus
1654 5153 1970 5210 cbaritetis.
1989 5155 2106 5211 Hoc

458 5244 754 5316 signiﬁcat
802 5243 859 5298 in
918 5242 1169 5307 Psalmo,
1228 5241 1328 5296 ubi
1360 5242 1442 5295 ait
1489 5266 1504 5297 ς
1541 5242 1792 5298 Ptuviam
1841 5243 2105 5301 volunta-

455 5334 603 5389 riam
650 5348 961 5405 segregans,
1011 5331 1153 5386 Deus
1182 5328 1504 5385 haereditati
1529 5333 1683 5396 tuae;
1728 5341 1780 5387 et
1825 5334 2109 5404 inﬁrmata

456 5429 556 5489 est,
574 5425 633 5476 tu
666 5437 790 5477 vero
821 5420 1104 5491 per/ecisti
1136 5433 1257 5473 eam
1286 5419 1459 5488 (Psal.
1492 5436 1662 5486 vau,
1703 5421 1811 5493 10).
1845 5420 2109 5479 Pluviam

522 5545 755 5616 [Oﬁmnes
784 5556 947 5616 prope
979 5543 1125 5616 nise”
1146 5542 1220 5616 ita
1249 5545 1493 5616 egentem.

527 5608 550 5642 ²
579 5607 858 5671 Remensis
886 5606 1316 5671 ’vestnstissimns
1354 5607 1538 5665 codex,
1570 5607 1703 5655 etde
1730 5606 2007 5671 longinquo
2034 5622 2113 5657 co-

466 5670 643 5728 nanti;
674 5670 890 5717 omisso.
920 5670 1108 5716 redire.

539 5733 559 5766 3
586 5730 745 5788 Editi,
774 5730 1088 5779 humanitati
1130 5729 1315 5780 Melius
1344 5731 1487 5790 Mss.,
1514 5730 1851 5779 humanitate.

535 5796 557 5827 ι
584 5791 1178 5857 Editi,adipsa.AtMss.
1213 5792 1297 5851 ,ab
1313 5794 1432 5855 ista;
1452 5792 1652 5842 scilicet
1667 5792 2114 5856 peregrinatione.

1540 406 1641 465 DE
1682 402 2130 475 TRINlTATE,
2178 399 2241 461 S.
2291 400 2721 461 AUGUSTINI

3693 394 3817 456 888

2161 532 2376 604 quippe
2405 530 2790 588 voluntariam
2815 533 3049 589 nonnisi
3081 532 3328 605 gratiam
3368 529 3492 586 vult
3536 529 3813 601 intelligi,

2160 639 2273 677 non
2310 621 2534 676 meritis
2579 622 2885 691 redditam,
2922 623 3021 678 sed
3056 623 3237 695 gratis
3285 624 3503 687 datam,
3554 620 3713 673 unde
3757 622 3817 673 et

2155 710 2343 780 gratia
2374 710 2745 766 nominatur:
2780 712 2938 766 dedit
2970 711 3123 767 enim
3159 728 3309 774 eam,
3345 728 3457 765 non
3483 711 3623 781 quia
3644 708 3813 778 digni

2158 814 2414 864 eramus,
2450 799 2549 852 sed
2585 798 2720 869 quia
2765 798 2966 853 voluit.
3002 799 3117 855 Hoc
3148 804 3551 870 cognocentes,
3588 813 3703 851 non
3738 796 3815 849 ti-

2159 887 2362 940 dentes
2393 886 2451 941 in
2485 888 2648 942 nobis
2679 888 2929 954 erimus;
2964 893 3018 942 et
3049 889 3155 942 hoc
3187 892 3276 943 est
3315 886 3620 940 inﬁrmari.
3680 884 3817 956 Ipse

2158 991 2291 1029 vero
2343 975 2565 1045 perﬁcit
2596 992 2723 1041 nos,
2758 977 2856 1047 qui
2890 977 3063 1031 etiam
3098 976 3274 1030 Paulo
3319 974 3581 1046 apostolo
3613 974 3766 1028 dixit
3801 988 3814 1026 :

2158 1063 2381 1135 Sufﬁcit
2427 1065 2531 1119 tibi
2583 1068 2765 1133 gratia
2816 1082 2965 1127 mea;
3008 1082 3147 1120 nam
3176 1067 3350 1120 virtus
3392 1068 3452 1119 in
3482 1064 3820 1133 inﬁrmitate

2158 1152 2440 1224 perﬁcitur
2468 1154 2540 1224 (Il
2574 1155 2693 1209 Cor.
2738 1171 2837 1220 xu,
2881 1155 2957 1224 9).
3006 1153 3480 1209 Persuadendum
3518 1169 3655 1222 ergo
3688 1156 3821 1207 erat

2163 1241 2385 1295 homini
2419 1248 2701 1312 quantum
2742 1260 2848 1298 nos
2878 1242 3141 1298 dilexerit
3195 1244 3363 1309 Deus,
3397 1248 3452 1297 et
3482 1241 3690 1312 quales
3717 1240 3817 1295 di-

2162 1329 2365 1385 lexerit
2389 1347 2400 1384 :
2424 1336 2812 1402 quantum,ne
2835 1333 3309 1403 desperaremus;
3344 1329 3569 1402 quales,
3606 1346 3678 1384 ne
3713 1346 3815 1385 su—

2167 1417 2932 1490 perbireinus.Hunclocum
2967 1419 3278 1490 Apostolus
3309 1418 3817 1490 pernecessarium

2165 1508 2249 1562 sic
2281 1506 2527 1578 explicat
2560 1526 2572 1563 ε
2609 1509 2960 1564 Commendat
2990 1513 3194 1576 autem,
3243 1508 3454 1579 inquit,
3479 1524 3637 1561 suam
3682 1507 3821 1561 cha-

2167 1598 2383 1650 ritatem
2419 1601 2561 1651 Deus
2592 1599 2649 1650 in
2679 1597 2859 1663 nobis,
2882 1598 3145 1668 quoniam
3172 1613 3295 1651 cum
3311 1596 3488 1651 adhuc
3510 1599 3821 1666 peccatores

2165 1700 2425 1751 essemus,
2458 1684 2702 1740 Christus
2727 1702 2827 1757 pro
2857 1688 3011 1740 nobis
3042 1690 3283 1740 mortuus
3312 1693 3410 1751 est;
3431 1685 3602 1739 multo
3636 1686 3823 1755 magis

2160 1773 2461 1845 justiﬁcati
2499 1791 2646 1829 nunc
2691 1775 2753 1829 in
2797 1777 3067 1845 sanguine
3108 1777 3303 1845 ipsius,
3336 1776 3478 1829 salvi
3513 1775 3721 1829 erimus
3750 1772 3823 1827 ab

2169 1864 2260 1917 ira
2296 1880 2399 1929 per
2430 1865 2633 1931 ipsum.
2668 1865 2726 1918 Si
2746 1866 2895 1919 enim
2922 1881 3045 1918 cum
3088 1865 3311 1918 inimici
3337 1879 3594 1929 essemus,
3625 1878 3821 1917 recon-

2170 1952 2350 2007 ciliati
2376 1969 2566 2006 sumus
2595 1953 2699 2007 Deo
2714 1969 2815 2024 per
2844 1962 3074 2008 mortem
3098 1952 3237 2007 Filii
3259 1954 3410 2023 ejus;
3435 1952 3607 2007 multo
3637 1954 3824 2020 magis

2172 2043 2519 2096 reconciliati
2544 2043 2688 2096 salvi
2714 2043 2917 2097 erimus
2950 2044 3006 2096 in
3038 2043 3151 2096 vita
3173 2043 3345 2112 ipsius
3366 2042 3540 2113 (Rom.
3564 2040 3818 2111 V,8-IO).

2175 2136 2312 2185 item
2344 2130 2455 2185 alio
2485 2130 2609 2186 loco
2645 2147 2657 2186 :
2694 2131 2831 2198 Quid
2859 2146 3008 2200 ergo,
3044 2130 3256 2202 inquit,
3285 2131 3527 2185 dicemus
3559 2130 3632 2185 ad
3660 2131 3781 2185 haec
3807 2132 3835 2182 .9

2176 2220 2236 2275 Si
2265 2222 2404 2275 Deus
2429 2238 2531 2290 pro
2560 2221 2733 2289 nobis,
2758 2222 2878 2292 quis
2900 2225 3091 2275 contra
3118 2237 3214 2275 nos
3234 2224 3259 2273 .9
3292 2221 3394 2288 Qui
3416 2221 3637 2290 proprio
3683 2220 3833 2273 Filio

2177 2326 2288 2364 non
2314 2311 2572 2380 pepercit,
2607 2311 2700 2364 sed
2742 2325 2841 2381 pro
2892 2309 3050 2363 nobis
3105 2309 3357 2365 omnibus
3403 2308 3634 2371 tradidit
3666 2308 3836 2362 illum

2180 2398 2439 2470 quomodo
2469 2414 2578 2453 non
2606 2402 2655 2451 et
2687 2415 2810 2453 cum
2840 2398 2940 2452 illo
2961 2399 3114 2452 nobis
3144 2400 3329 2453 omnia
3356 2397 3578 2452 donavit
3600 2397 3701 2467 (Id.
3729 2412 3833 2460 vII,

2180 2487 2413 2557 31-32)?
2436 2488 2596 2552 Quod
2622 2492 2817 2541 autem
2846 2487 3061 2542 factum
3088 2487 3257 2541 nobis
3282 2485 3687 2549 annuntiatur,
3725 2484 3838 2538 hoc

2182 2577 2442 2630 futurum
2477 2576 2893 2630 ostendebatur
2907 2580 2963 2630 et
2990 2574 3530 2645 antiquisjustis,ut
3554 2589 3655 2646 per
3674 2590 3839 2628 eam-

2186 2667 2318 2720 dem
2361 2666 2535 2719 ﬁdem
2567 2665 2738 2718 etiam
2772 2664 2883 2734 ipsi
2936 2663 3227 2719 humiliati
3279 2663 3747 2729 inﬁrmarentor,
3782 2666 3843 2716 et

2184 2753 2464 2809 inﬁrmati
2499 2753 2935 2825 perﬁcerentur.

2255 2843 2306 2899 3.
2332 2842 2474 2906 Quia
2497 2842 2674 2913 igitur
2695 2858 2878 2896 unum
2892 2841 3145 2897 Verbum
3170 2840 3264 2897 Dei
3279 2845 3499 2912 est,per
3511 2840 3666 2911 quod
3690 2840 3845 2894 facta

2187 2937 2327 2987 sunt
2375 2931 2765 3001 omnia,quod
2807 2935 2895 2985 est
2926 2929 3424 2985 incommutabilis
3470 2929 3705 2993 veritas,
3759 2928 3840 2982 ibi

2188 3019 2616 3093 principaliter‘
2650 3025 2823 3091 atque
2856 3018 3413 3074 incommutabiliter
3456 3022 3595 3073 sunt
3642 3017 3847 3073 omnia

2189 3109 2404 3175 simul;
2444 3126 2555 3164 non
2588 3107 2778 3164 solum
2817 3125 2941 3179 quae
2975 3124 3128 3162 nunc
3152 3112 3291 3162 sunt
3331 3110 3387 3161 in
3430 3106 3536 3161 huc
3571 3107 3849 3161 universa

2189 3204 2473 3264 creatura,
2504 3215 2703 3253 verum
2729 3199 2903 3252 etiam
2937 3214 3060 3265 quas
3091 3197 3324 3251 fuerunt
3369 3201 3426 3251 et
3468 3213 3595 3268 qua:
3644 3196 3850 3250 futura

2191 3292 2347 3344 sunt.
2379 3287 2463 3343 Ibi
2496 3292 2689 3342 autem
2727 3303 2829 3342 nec
2860 3287 3113 3353 fuerunt,
3146 3301 3249 3340 nec
3300 3285 3497 3340 futura
3534 3290 3695 3353 sunt,
3742 3287 3845 3341 sed

2190 3378 2598 3433 tantummodo
2644 3382 2815 3441 sunt;
2849 3380 2905 3429 et
2950 3375 3149 3429 omnia
3176 3375 3293 3428 vita
3324 3378 3482 3439 sunt,
3542 3378 3599 3428 et
3647 3374 3853 3429 omnia

2192 3483 2373 3521 unum
2414 3470 2571 3529 sunt,
2604 3470 2661 3519 et
2690 3464 2881 3536 magis
2912 3480 3094 3518 unum
3126 3468 3215 3518 est
3247 3467 3303 3518 et
3335 3479 3452 3518 una
3483 3462 3599 3516 vita
3630 3462 3853 3519 est.Sic

2192 3555 2345 3610 enim
2381 3555 2578 3609 omnia
2610 3569 2710 3625 per
2742 3552 2936 3624 ipsum
2962 3552 3109 3606 facta
3131 3557 3290 3618 sunt,
3325 3556 3389 3606 ut
3418 3551 3706 3622 quidquid
3734 3552 3851 3607 fac-

2192 3652 2315 3699 tum
2342 3650 2430 3698 est
2460 3644 2515 3697 in
2550 3642 2661 3709 his,
2684 3642 2745 3696 in
2773 3641 2869 3696 illo
2892 3641 3007 3695 vita
3038 3640 3135 3711 sit,
3169 3645 3226 3697 et
3256 3641 3405 3695 facta
3429 3657 3543 3695 non
3577 3640 3654 3695 sit
3674 3657 3687 3696 :
3710 3642 3855 3712 quia

2192 3735 2254 3788 in
2284 3734 2557 3804 principio
2585 3748 2697 3785 non
2732 3732 2947 3785 factum
2995 3735 3083 3785 est
3116 3729 3394 3796 Verbum,
3426 3729 3527 3784 sed
3559 3738 3683 3784 erat
3731 3731 3853 3785 Ver-

2197 3821 2322 3876 bum
2351 3819 2498 3891 apud
2524 3820 2717 3887 Deum,
2751 3822 2803 3875 et
2836 3820 2971 3875 Deus
2999 3824 3121 3875 erat
3152 3820 3398 3887 Verbum,
3448 3824 3507 3875 et
3535 3821 3727 3874 omnia
3752 3836 3853 3891 per

2194 3912 2378 3981 ipsum
2409 3910 2558 3981 facta
2588 3916 2737 3974 sunt,
2764 3924 2866 3962 nec
2891 3925 2991 3979 per
3022 3908 3216 3979 ipsum
3238 3908 3434 3962 omnia
3452 3908 3603 3963 facta
3625 3912 3848 3974 essent,

2197 3998 2309 4054 nisi
2346 3998 2537 4068 ipsum
2562 4003 2715 4051 esset
2736 4002 2867 4051 ante
2898 3996 3117 4063 omnia,
3150 3998 3485 4067 facturaque
3519 4013 3635 4051 non
3672 4002 3847 4052 esset.

2198 4087 2259 4141 In
2292 4087 2364 4140 iis
2398 4091 2591 4140 autem
2624 4102 2750 4155 quae
2782 4101 2884 4155 per
2906 4086 3098 4155 ipsum
3135 4086 3285 4140 facta
3316 4091 3474 4151 sunt,
3512 4086 3689 4140 etiam
3723 4101 3853 4140 cor-

2199 4192 2306 4247 pus
2329 4175 2484 4246 quod
2519 4175 2636 4228 vita
2667 4189 2781 4227 non
2813 4178 2922 4241 est,
2950 4191 3050 4245 per
3082 4174 3273 4245 ipsum
3303 4190 3414 4229 non
3443 4174 3622 4241 ﬁeret,
3651 4175 3766 4228 nisi
3792 4174 3853 4229 in

2198 4264 2319 4341 illo,
2353 4269 2669 4334 antequam
2701 4264 2881 4328 ﬁeret,
2914 4264 3032 4317 vita
3060 4268 3230 4317 esset.
3266 4262 3415 4330 Quod
3445 4262 3602 4317 enim
3638 4264 3856 4333 factum

2198 4358 2296 4421 est,
2323 4353 2447 4424 jam
2467 4355 2523 4407 in
2553 4354 2650 4407 illo
2671 4356 2784 4407 vita
2813 4360 2956 4417 erat,
2989 4357 3046 4406 et
3076 4368 3189 4406 non
3222 4351 3672 4422 qualiscumque
3696 4352 3851 4407 vita:

2201 4459 2337 4497 nam
2370 4447 2427 4497 et
2457 4441 2654 4496 anima
2681 4444 2800 4494 vita
2837 4446 2926 4494 est
2973 4439 3253 4510 corporis,
3288 4440 3389 4494 sed
3440 4444 3499 4494 et
3548 4439 3669 4494 haec
3702 4441 3857 4495 facta

2201 4537 2311 4597 est,
2345 4530 2482 4603 quia
2515 4528 2818 4584 mutabilis
2850 4533 2975 4597 est;
3008 4534 3066 4583 et
3097 4545 3199 4599 per
3239 4528 3376 4599 quid
3414 4529 3567 4584 facta
3594 4532 3703 4595 est,
3742 4528 3855 4583 nisi

2202 4636 2303 4692 per
2333 4619 2432 4675 Dei
2464 4619 2713 4675 Verbum
2759 4616 3239 4672 incommutabile
3262 4616 3290 4671 ‘I
3321 4616 3521 4673 Omnia
3568 4617 3724 4674 enim
3756 4634 3859 4690 per

2203 4713 2386 4780 ipsum
2413 4712 2563 4780 facta
2590 4711 2739 4772 sunt,
2781 4711 2837 4762 et
2865 4709 2985 4762 sine
3015 4710 3126 4776 ipso
3158 4709 3367 4778 factum
3389 4710 3468 4762 est
3497 4708 3662 4762 nihil.
3697 4708 3859 4779 Quod

2204 4814 2338 4869 ergo
2404 4801 2608 4867 factum
2646 4800 2743 4859 est,
2779 4798 2900 4862 jam
2961 4796 3023 4848 in
3078 4796 3179 4848 illo
3237 4798 3348 4850 rita
3406 4804 3559 4861 erat,
3610 4801 3669 4850 et
3740 4814 3858 4853 non

2206 4886 2653 4959 qualiscumque
2701 4886 2841 4952 vita,
2896 4886 2996 4939 sed
3046 4886 3157 4938 vita
3208 4887 3326 4938 erat
3373 4885 3475 4938 tua:
3524 4884 3855 4941 hominum:

2206 4973 2302 5030 lux
2338 4975 2536 5046 utique
2581 4972 2954 5029 rationalium
3006 4972 3314 5037 mentium,
3339 4989 3443 5045 per
3481 4990 3630 5045 quas
3671 4974 3862 5030 homi-

2210 5081 2333 5131 nes,
2388 5080 2420 5118 a
2464 5063 2768 5135 pecoribus
2818 5063 3115 5123 differunt,
3147 5070 3203 5116 et
3234 5063 3361 5116 ideo
3394 5066 3533 5117 sunt
3563 5061 3859 5119 homines.

2208 5152 2333 5207 Non
2362 5167 2497 5223 ergo
2526 5151 2623 5205 lux
2643 5166 2936 5221 corporea,
2982 5166 3110 5221 quae
3161 5150 3261 5204 lux
3299 5156 3387 5205 est
3415 5151 3708 5214 carnium,
3741 5151 3866 5208 sive

2210 5242 2281 5297 de
2313 5242 2454 5296 ccelo
2489 5238 2729 5312 fulgeat,
2761 5240 2883 5295 sive
2912 5238 3161 5294 terrenis
3206 5238 3440 5311 ignibus
3482 5240 3860 5305 accendatur.

2214 5345 2318 5385 nec
2349 5329 2746 5384 humanarum
2776 5331 3005 5383 tantum
3037 5326 3324 5394 carnium,
3351 5326 3452 5382 sed
3501 5326 3678 5382 etiam
3740 5326 3869 5384 bel-

2212 5417 2510 5475 luinarum
2543 5422 2602 5473 et
2624 5432 2810 5488 usque
2831 5416 2901 5472 ad
2929 5414 3360 5471 minutissimas
3390 5430 3624 5487 quoque
3654 5416 3870 5472 vermi-

2214 5506 2399 5564 culos.
2423 5506 2631 5562 Omnia
2648 5505 2803 5561 enim
2830 5505 2951 5560 haec
2981 5504 3181 5560 vident
3202 5504 3377 5560 istam
3408 5503 3597 5560 lucem
3622 5520 3636 5559 :
3674 5509 3733 5560 at
3762 5504 3870 5562 illa

2283 5732 2298 5765 ¹
2332 5728 2414 5779 Sic
2436 5730 2559 5795 Mss.
2591 5726 2851 5795 plerique.
2879 5726 2947 5795 A_t
2975 5723 3123 5783 editi,
3154 5723 3243 5795 ubi
3265 5723 3640 5795 principiIatcr.
3663 5724 3731 5775 Et
3749 5737 3871 5776 rur.

2220 5805 2337 5841 sum
2365 5791 2528 5854 paulo
2556 5784 2696 5853 post,
2716 5784 2806 5839 tibi
2833 5792 3022 5850 autem,
3052 5799 3170 5851 pro,
3200 5784 3280 5836 ibi
3297 5784 3487 5837 autem.
