4160 6462
223 406 338 468 889

214 540 340 595 vita
362 541 461 597 lux
484 540 791 598 hominum
815 545 967 609 erat;
988 558 1092 597 nec
1113 540 1283 614 longe
1310 541 1495 612 posita
1514 542 1584 597 ab
1607 558 1871 614 unoquo-

217 645 337 701 que
367 637 631 685 nostrum
660 648 673 686 :
708 631 767 686 in
792 631 892 687 illa
912 633 1065 686 enim
1093 630 1366 697 vivimus,
1392 637 1447 686 et
1468 648 1788 699 movemur,
1814 634 1872 686 et

215 734 428 774 sumus
459 720 592 790 (Act.
628 738 765 787 xvu,
795 722 885 786 27,
913 722 1025 787 28),

288 808 521 864 CAPUT
554 809 619 864 ΙΙ.
656 841 721 849 -
744 810 794 863 4.
830 809 1104 878 Quomodo
1132 826 1230 881 per
1264 810 1489 864 Verbum
1523 812 1869 864 ineamatum

210 897 499 952 reddimur
520 898 729 953 habiles
749 899 1116 969 percipienda?
1128 900 1368 953 veritati.
1386 929 1450 940 —
1470 898 1571 953 Sed
1592 899 1692 952 tua:
1714 900 1768 951 in
1796 906 1868 952 te-

215 987 404 1040 nebris
426 987 587 1053 lucet,
606 992 661 1042 et
678 988 918 1044 tenebrae
936 1004 1060 1041 eam
1080 1004 1188 1043 non
1210 986 1745 1059 comprehenderunt.
1771 990 1867 1042 Te-

215 1075 407 1130 nebrae
440 1080 634 1131 autem
671 1080 809 1131 sunt
840 1075 1027 1129 stultae
1074 1081 1297 1131 mentes
1332 1076 1658 1146 hominum,
1692 1091 1869 1147 prava

210 1163 537 1234 cupiditate
560 1170 733 1236 atque
763 1163 818 1218 in
832 1164 1105 1219 fidelitate
1133 1169 1375 1220 caecata.
1403 1164 1516 1219 Has
1548 1169 1612 1219 ut
1641 1168 1868 1219 curaret

209 1256 388 1323 atque
419 1257 651 1308 sanaret
698 1254 943 1318 Verbum,
979 1269 1079 1324 per
1111 1254 1265 1324 quod
1299 1253 1448 1308 facta
1479 1257 1616 1308 sunt
1647 1252 1863 1321 omnia,

204 1357 336 1397 caro
368 1341 578 1412 factum
608 1344 702 1408 est,
750 1345 801 1398 et
831 1341 1107 1397 habitavit
1134 1343 1196 1397 in
1224 1344 1379 1397 nobis
1408 1344 1585 1414 (Joan.
1618 1359 1657 1411 ι,
1692 1343 1864 1412 1-14).

211 1430 576 1486 Illuminatio
608 1430 823 1503 quippe
853 1435 1052 1487 nostra
1074 1432 1437 1503 participatio
1458 1430 1630 1485 Verbi
1662 1434 1768 1496 est,
1800 1429 1866 1484 il—

212 1517 333 1573 lius
357 1518 572 1574 scilicet
596 1519 725 1574 vita:
755 1536 881 1590 quae
906 1518 1003 1574 lux
1033 1525 1120 1574 est
1151 1519 1475 1575 hominum.
1506 1519 1650 1573 Huic
1673 1524 1866 1573 autem

211 1608 646 1679 participationi
664 1625 905 1681 prorsus
924 1609 1233 1678 inhabiles,
1250 1610 1515 1664 etminus
1532 1608 1725 1663 idonei
1747 1624 1866 1663 era-

211 1712 371 1762 mus,
405 1703 641 1768 propter
672 1698 1106 1753 immunditiam
1135 1703 1525 1770 peccatorum.
1550 1698 1867 1753 Mundandi

208 1801 350 1852 ergo
381 1802 638 1841 eramus.
672 1786 847 1843 Porro
880 1787 1217 1859 iniquorum
1248 1792 1303 1843 et
1331 1788 1714 1859 superborum
1751 1804 1867 1843 una

216 1873 522 1930 mundatio
552 1880 642 1931 est
671 1876 912 1947 sanguis
936 1877 1108 1947 justi,
1140 1881 1196 1931 et
1225 1876 1528 1932 humilitas
1552 1877 1676 1932 Dei:
1701 1882 1765 1931 ut
1793 1877 1865 1932 ad

210 1964 729 2035 contemplandum
762 1965 940 2019 Deum
970 1966 1121 2036 quod
1148 1972 1355 2020 natura
1374 1982 1487 2020 non
1512 1982 1741 2032 sumus,
1765 1982 1868 2037 per

207 2068 343 2107 eum
364 2053 1011 2109 mundaremurt‘actum
1030 2055 1183 2126 quod
1202 2065 1405 2109 natura
1422 2071 1628 2110 sumus
1642 2055 1863 2126 etquod

218 2146 456 2213 peccato
481 2158 592 2197 non
617 2159 846 2197 sumus.
881 2143 1032 2198 Deus
1058 2142 1210 2198 enim
1248 2148 1453 2198 natura
1485 2160 1600 2198 non
1632 2160 1862 2199 sumus:

212 2229 485 2287 homines
520 2237 728 2286 natura
767 2248 995 2300 sumus,
1031 2232 1177 2303 justi
1210 2237 1443 2303 peccato
1484 2250 1598 2287 non
1636 2249 1860 2288 sumus.

211 2323 363 2374 Deus
394 2320 590 2392 itaque
624 2321 809 2375 factus
832 2320 1242 2392 homojustus,
1276 2321 1604 2377 intercessit
1626 2322 1740 2376 Deo
1761 2338 1865 2392 pro

209 2407 449 2464 homine
483 2415 801 2481 peccatore.
839 2410 963 2465 Non
996 2410 1151 2465 enim
1183 2410 1449 2483 congruit
1478 2415 1745 2482 peccator
1766 2411 1864 2481 ju-

211 2499 433 2559 sto.sed
450 2499 717 2571 congruit
734 2498 955 2554 homini
977 2498 1172 2554 homo.
1192 2500 1527 2570 Adjungens
1546 2515 1681 2570 ergo
1696 2498 1864 2553 nobis

211 2586 661 2643 similitudinem
683 2588 1068 2645 humanitatis
1086 2588 1473 2655 suae,abstulit
1495 2586 1864 2643 dissimilitu-

213 2676 413 2731 dinem
441 2679 456 2713 ¹
480 2677 808 2747 iniquitatis
838 2682 1076 2733 nostrae:
1110 2682 1167 2733 et
1189 2678 1373 2733 factus
1400 2678 1683 2749 particeps
1706 2694 1864 2732 mor-

212 2765 461 2821 talitatis
485 2771 720 2833 nostrae,
746 2767 877 2822 fecit
904 2784 1008 2823 nos
1037 2767 1349 2839 participes
1371 2766 1694 2822 divinitatis
1724 2784 1862 2822 suis.

214 2853 419 2909 Merito
443 2855 659 2927 quippe
682 2872 839 2911 mors
862 2856 1181 2927 peccatoris
1202 2856 1440 2911 veniens
1464 2873 1531 2910 ex
1547 2856 1867 2911 damnatio-

215 2942 309 2998 nis
333 2944 698 3009 necessitate,
733 2944 924 3000 soluta
946 2950 1032 2999 est
1053 2962 1154 3016 per
1183 2950 1426 2998 mortem
1454 2945 1601 3014 justi
1632 2944 1865 3000 venien-

215 3037 334 3087 tem
372 3049 438 3087 ex
464 3033 876 3088 misericordiae
907 3031 1224 3101 voluntate,
1259 3034 1397 3087 dum
1427 3033 1707 3105 simplum
1738 3035 1863 3105 ejus

214 3121 686 3193 congruitdnplo
718 3127 935 3177 nostro.
966 3122 1095 3177 Haec
1125 3123 1278 3176 enim
1312 3122 1709 3194 congruentia,
1744 3123 1863 3177 sive

210 3210 633 3276 convenientia,
676 3211 763 3266 vel
794 3211 1179 3277 concinentia,
1217 3210 1303 3266 vel
1345 3213 1745 3280 consonantia,
1775 3212 1862 3268 vel

211 3300 259 3356 si
297 3299 435 3372 quid
460 3300 825 3355 commodius
849 3301 1081 3366 dicitur,
1106 3301 1258 3371 quod
1296 3318 1476 3355 unum
1502 3305 1590 3356 est
1620 3302 1691 3356 ad
1724 3303 1860 3369 duo,

209 3390 272 3445 in
304 3389 462 3444 omni
495 3389 1147 3462 compaginatione,vel,
1175 3390 1220 3444 si
1259 3389 1465 3445 melius
1497 3390 1732 3458 dicitur,
1763 3408 1863 3447 co-

210 3479 508 3551 aptatione
539 3483 836 3545 creaturae,
864 3478 1014 3534 valet
1045 3479 1385 3551 plurimum.
1412 3479 1569 3535 Hanc
1591 3482 1744 3536 enim
1769 3498 1862 3537 co-

213 3568 598 3641 aptationem,
632 3568 785 3623 sicut
806 3568 950 3622 mihi
984 3585 1140 3623 nunc
1170 3568 1442 3637 occurrit,
1468 3568 1655 3624 dicere
1685 3571 1862 3636 volui,

212 3674 390 3730 quam
425 3656 602 3713 Graeci
632 3655 890 3728 ἁρμονίαν
916 3662 1141 3712 vocant.
1166 3657 1364 3728 Neque
1394 3675 1551 3713 nunc
1570 3658 1733 3713 locus
1754 3664 1861 3731 est,

212 3751 280 3802 ut
311 3746 613 3803 ostendam
638 3751 925 3817 quantum
951 3745 1135 3801 valeat
1165 3746 1544 3801 consonantia
1573 3747 1769 3819 simpli
1793 3748 1865 3804 ad

216 3834 487 3907 duplum,
514 3852 635 3906 qua:
658 3834 911 3889 maxima
931 3835 988 3889 in
1015 3835 1184 3889 nobis
1209 3836 1549 3906 reperitur”,
1573 3841 1627 3890 et
1649 3836 1730 3890 sic
1762 3854 1864 3892 uo-

218 3926 308 3981 bis
330 3925 508 3979 insita
540 3923 901 3991 naturaliter,
936 3926 993 3996 (a
1023 3941 1137 3995 quo
1169 3923 1390 3995 utique,
1425 3924 1534 3979 nisi
1568 3924 1640 3980 ab
1672 3942 1737 3981 eo
1766 3926 1863 3996 qui

214 4031 322 4069 nos
346 4014 607 4082 creavit?)
624 4017 688 4068 ut
702 4030 805 4069 nec
826 4013 1075 4085 imperiti
1103 4013 1467 4085 possinteam
1494 4030 1605 4068 non
1625 4015 1862 4083 sentire,

210 4104 332 4158 sive
362 4103 477 4176 ipsi
517 4108 840 4169 cantantes,
872 4102 992 4157 sive
1021 4102 1164 4157 alios
1207 4102 1548 4159 audientes:
1585 4119 1685 4175 per
1715 4105 1866 4161 hanc

211 4192 430 4265 quippe
450 4208 618 4247 voces
640 4193 927 4247 acutiores
949 4191 1363 4264 gravioresque
1385 4194 1756 4261 concordant,
1783 4193 1868 4250 ita

212 4289 279 4338 ut
309 4281 576 4354 quisquis
600 4282 672 4337 ab
696 4298 764 4336 ea
793 4282 1171 4352 dissonuerit,
1194 4298 1307 4335 non
1342 4282 1663 4350 scientiam,
1698 4286 1867 4354 cujus

210 4377 476 4442 expertes
507 4374 647 4426 sunt
686 4370 945 4443 plurimi,
993 4371 1092 4426 sed
1126 4370 1316 4441 ipsum
1351 4388 1586 4427 sensum
1631 4373 1867 4429 auditus

215 4461 400 4517 nostri
432 4460 805 4516 vehementer
829 4459 1107 4515 offendat.
1136 4460 1246 4515 Sed
1280 4458 1389 4514 hoc
1419 4465 1483 4515 ut
1513 4462 1868 4518 demonstre-

213 4556 330 4615 tur,
363 4549 537 4622 longo
566 4565 834 4605 sermone
874 4564 1022 4621 opus
1050 4552 1178 4604 est:
1213 4548 1357 4621 ipsis
1401 4554 1593 4605 autem
1627 4550 1868 4608 auribus

211 4639 470 4695 exhiberi
504 4644 695 4711 potest
724 4638 794 4693 ab
824 4654 891 4693 eo
941 4637 1039 4709 qui
1071 4638 1227 4693 novit
1271 4638 1328 4693 in
1363 4639 1612 4711 regulari
1665 4657 1866 4697 mono-

216 4728 456 4785 chordo.

287 4817 521 4875 CAPUT
553 4818 651 4873 III.
684 4848 751 4857 —
780 4817 833 4874 5.
874 4817 991 4873 Una
1014 4832 1160 4873 mors
1192 4820 1243 4873 et
1272 4820 1593 4874 resurrectio
1621 4821 1867 4891 corporis

215 4909 441 4975 Christi,
470 4905 681 4980 duplici
707 4916 913 4965 nostra?
934 4908 1108 4963 morti
1134 4923 1199 4962 ac
1218 4910 1611 4963 resurrectioni
1627 4911 1867 4981 corporis

209 5001 265 5057 et
295 4999 503 5055 animae
551 4998 786 5053 concinit
812 4997 883 5051 ad
928 4997 1174 5052 salutem.
1230 4997 1424 5068 Duplae
1459 5000 1626 5053 morti
1667 5008 1863 5055 nostrae

212 5090 483 5160 quomodo
493 5087 693 5158 simpla
714 5102 858 5142 mors
874 5086 1085 5143 Christi
1094 5086 1362 5156 impensa.
1380 5086 1590 5141 Verum
1608 5090 1759 5158 quod
1785 5088 1866 5143 in-

213 5181 335 5233 stat
364 5176 424 5231 in
450 5174 757 5248 presentia
776 5176 816 5243 ³,
837 5180 1121 5246 quantum
1146 5174 1324 5230 donat
1344 5179 1515 5243 Deus,
1542 5175 1865 5232 edisseren-

212 5265 964 5335 dumestquemadmodum
988 5262 1269 5336 simplum
1286 5263 1516 5320 Domini
1534 5269 1592 5320 et
1614 5264 1869 5322 Salvato-

212 5355 296 5411 ris
315 5353 499 5410 nostri
519 5353 659 5411 Jesu
679 5352 894 5410 Christi
908 5352 1087 5425 duplo
1109 5357 1306 5408 nostro
1328 5358 1632 5425 congruat,
1649 5359 1707 5410 et
1722 5370 1865 5426 quo-

279 5536 296 5571 ί
330 5532 415 5583 Sic
446 5533 568 5582 Mss.
598 5530 664 5581 At
692 5529 838 5589 editi,
868 5528 1281 5580 similitudinem.

278 5597 300 5631 ι
332 5596 427 5659 Hic
454 5595 659 5659 aliquot
686 5593 810 5659 Mss.
842 5593 1117 5659 omittunt.
1148 5594 1200 5641 in
1230 5590 1390 5642 nobis.
1423 5592 1561 5651 Post,
1591 5594 1865 5659 reperitur,

217 5659 346 5711 editi
369 5656 629 5715 ferebant,
661 5660 718 5704 ut
744 5658 812 5703 sit
837 5656 998 5704 nobis.
1032 5656 1305 5717 Corrupto.

279 5722 300 5756 ³
335 5722 447 5771 Am.
481 5724 533 5770 et.
561 5720 739 5782 plures
770 5719 913 5769 Mss.:
948 5719 1125 5767 Verum
1155 5718 1293 5783 quod
1318 5718 1475 5767 instat
1497 5717 1863 5783 impr-asentia-

207 5799 323 5833 rum
333 5819 346 5832 .

1596 410 1832 471 LIBER
1874 408 2272 482 QUARTUS.

3511 408 3632 468 890

1982 540 2115 595 dam
2140 542 2314 596 modo
2337 541 2604 597 concinat
2628 542 2698 596 ad
2723 540 2992 597 salutem.
3018 540 3133 596 Nos
3156 543 3327 606 certe,
3353 539 3503 611 quod
3527 555 3627 595 ne-

1982 647 2076 686 mo
2099 631 2449 687 christianus
2474 632 2737 701 ambigit,
2761 637 2819 687 et
2839 632 3033 685 anima
3056 636 3111 685 et
3141 646 3379 700 corpore
3410 630 3627 684 mortui

1980 736 2187 775 sumus
2213 737 2225 776 :
2256 722 2472 791 anima,
2498 728 2728 791 propter
2750 724 3078 791 peccatum;
3105 735 3363 790 corpore,
3390 724 3627 790 prOpter

1980 825 2207 881 pmnam
2235 811 2471 881 peccati,
2501 828 2565 864 ac
2583 827 2684 882 per
2704 809 2811 864 hoc
2832 815 2887 863 et
2909 826 3146 880 corpore
3168 813 3401 879 propter
3423 824 3624 879 pecca-

1977 902 2122 952 tum.
2154 898 2388 971 Utrique
2413 905 2605 954 autem
2642 899 2720 953 rei
2746 905 2979 969 nostrae,
3014 898 3071 954 id
3108 902 3213 965 est,
3245 902 3301 952 et
3332 898 3539 953 animas
3572 901 3629 954 et

1978 988 2221 1058 corpori,
2247 989 2538 1043 medicina
2560 993 2615 1043 et
2644 988 3066 1043 resurrectione
3088 990 3104 1022 ¹
3132 1003 3277 1058 opus
3304 990 3445 1057 erat,
3480 986 3623 1042 utin

1978 1075 2188 1131 melius
2207 1082 2579 1133 renovaretur
2598 1078 2751 1148 quod
2786 1081 2908 1131 erat
2928 1077 2983 1130 in
3015 1075 3269 1131 deterius
3300 1080 3624 1129 commuta-

1974 1168 2123 1219 tum.
2150 1166 2300 1220 Mors
2318 1170 2512 1221 autem
2532 1166 2740 1221 animos
2756 1165 3029 1236 impietas
3042 1168 3158 1231 est;
3180 1168 3234 1219 et
3248 1180 3405 1219 mors
3418 1179 3620 1234 corpo-

1976 1253 2075 1322 ris,
2110 1255 2586 1327 oorruptibilitas.
2618 1271 2721 1326 per
2742 1271 2917 1326 quam
2952 1254 3012 1308 ﬁt
3035 1259 3091 1308 et
3121 1254 3328 1308 animae
3359 1270 3391 1308 a
3420 1268 3622 1324 corpo-

1976 1358 2036 1396 re
2066 1342 2393 1400 abscessus.
2427 1344 2591 1399 Sicut
2628 1344 2784 1398 enim
2817 1344 3014 1398 anima
3045 1348 3153 1397 Deo
3185 1343 3504 1408 deserente,
3537 1342 3623 1397 sic

1975 1446 2187 1503 corpus
2218 1432 2409 1488 anima
2440 1434 2740 1488 deserente
2764 1433 3048 1487 moritur:
3082 1432 3237 1486 unde
3261 1430 3362 1485 illa
3394 1431 3456 1485 {it
3483 1428 3623 1485 iusi-

1975 1520 2168 1591 piens;
2205 1521 2332 1587 hoc,
2358 1522 2638 1576 exanime.
2666 1521 3066 1577 Resuscitatur
3087 1521 3238 1575 enim
3264 1520 3497 1575 anima’
3520 1536 3621 1590 per

1976 1610 2397 1680 paenitentiam,
2422 1616 2475 1664 et
2497 1610 2555 1664 in
2579 1626 2815 1682 corpore
2841 1610 3031 1665 adhuc
3062 1609 3287 1665 mortali
3322 1608 3617 1663 renovatio

1972 1696 2099 1751 vitae
2122 1697 2476 1753 inchoatura
2500 1700 2627 1763 fide,
2645 1716 2758 1770 qua
2775 1700 3031 1754 creditur
3052 1699 3107 1752 in
3123 1715 3253 1754 eum
3282 1697 3379 1769 qui
3396 1697 3618 1767 justiﬁ-

1975 1791 2067 1841 cat
2115 1786 2364 1859 impium
2393 1789 2564 1859 (Rom.
2600 1805 2675 1855 Iv,
2706 1790 2784 1855 5),
2814 1788 3098 1859 bonisque
3141 1787 3403 1843 moribus
3441 1801 3619 1858 auge-

1975 1881 2073 1931 tur
2096 1881 2152 1931 et
2175 1877 2563 1932 rohoraturde
2578 1878 2667 1933 die
2690 1878 2745 1931 in
2766 1877 3087 1943 diem,cum
3104 1876 3290 1949 magis
3313 1875 3618 1948 magisque

1976 1972 2283 2020 renovatur
2306 1966 2544 2021 interior
2574 1966 2747 2021 homo
2774 1967 2847 2035 (II
2875 1966 2993 2022 Cor.
3019 1983 3095 2031 ιν,
3131 1965 3240 2037 16).
3273 1968 3491 2036 Corpus
3523 1980 3617 2019 ve-
3662 1986 3667 2005 κ

1974 2070 2037 2109 ro
2060 2060 2338 2126 tanquam
2363 2055 2536 2110 homo
2562 2056 2828 2119 exterior,
2854 2062 3073 2126 quanto
3095 2059 3183 2108 est
3206 2054 3326 2108 haec
3347 2052 3463 2107 vita
3488 2053 3618 2107 diu-
3674 2050 3675 2053 “

1973 2144 2220 2208 turnior,
2236 2150 2400 2200 tanto
2424 2145 2609 2215 magis
2631 2145 2933 2215 magisque
2955 2141 3473 2214 corrumpitur,vel
3496 2146 3624 2197 asta-

1973 2238 2048 2301 te,
2071 2232 2158 2286 vel
2192 2234 2414 2301 morbo,
2445 2233 2532 2288 vel
2562 2233 2736 2288 variis
2758 2232 3192 2295 afflictionibus,
3225 2233 3408 2287 donec
3429 2231 3624 2286 veniat

1975 2321 2044 2376 ad
2080 2321 2343 2376 ultimam
2370 2323 2391 2357 ³
2421 2338 2549 2393 quas
2580 2323 2651 2376 ab
2691 2322 2966 2377 omnibus
2999 2338 3153 2375 mors
3190 2326 3444 2375 vocatur.
3479 2320 3621 2391 Ejus

1975 2415 2166 2465 autem
2192 2411 2538 2466 resurrectio
2560 2411 2826 2466 differtur
2844 2410 2900 2464 in
2926 2410 3129 2476 ﬁnem;
3155 2425 3289 2464 cum
3307 2413 3364 2464 et
3385 2409 3620 2481 ipsaju-

1974 2499 2244 2555 stiflcatio
2276 2506 2475 2555 nostra
2496 2499 2825 2571 perficietur
2854 2497 3244 2553 ineﬂ‘abiliter.
3276 2500 3431 2552 Tunc
3462 2498 3619 2555 enim

1974 2588 2196 2644 similes
2218 2588 2267 2644 ei
2286 2592 2525 2659 erimus,
2550 2589 2826 2661 quoniam
2841 2587 3169 2643 videbimus
3186 2604 3320 2643 eum
3340 2588 3509 2642 sicuti
3534 2593 3624 2643 est

1972 2679 2018 2750 (Ι
2070 2680 2227 2735 Joau.
2275 2696 2361 2747 ιιι,
2393 2679 2467 2749 2).
2517 2678 2683 2733 Nunc
2718 2694 2851 2733 vero
2890 2678 3168 2749 quamdiu
3220 2694 3429 2749 corpus
3462 2677 3618 2748 quod

1974 2768 2370 2839 corrumpitur
2398 2772 2677 2840 aggravet
2707 2767 2963 2822 animam
2996 2766 3144 2837 (Sap.
3178 2783 3255 2831 Ix,
3280 2766 3389 2837 15),
3417 2770 3475 2820 et
3500 2765 3620 2820 vita

1974 2855 2234 2911 humana
2263 2872 2441 2928 super
2466 2860 2682 2911 terram
2712 2860 2832 2911 tota
2861 2856 3103 2911 tentatio
3134 2860 3220 2911 est
3249 2855 3388 2927 (Job.
3422 2872 3518 2923 vn,
3544 2854 3619 2926 1),

1975 2962 2086 2999 non
2114 2945 2541 3014 justificabitur
2578 2945 2637 2999 in
2676 2948 2988 3016 conspectu
3029 2945 3156 3015 ejus
3200 2944 3392 2999 omnis
3420 2942 3618 2999 vivens

1973 3034 2147 3107 (Psal.
2181 3051 2349 3102 cxm,
2380 3036 2457 3107 2),
2491 3034 2549 3089 in
2572 3033 3007 3107 comparatione
3022 3032 3267 3104 justitim
3298 3050 3413 3105 qua
3432 3049 3622 3105 aequa-

1973 3124 2169 3179 bimur
2200 3124 2456 3195 Angelis,
2490 3128 2545 3179 et
2575 3124 2770 3196 glorias
2802 3140 2929 3195 quae
2960 3123 3311 3179 revelabitur
3339 3123 3397 3177 in
3430 3122 3619 3178 nobis.

1977 3214 2052 3269 De
2068 3218 2251 3269 morte
2264 3219 2458 3269 autem
2474 3214 2681 3269 animae
2697 3231 2729 3268 a
2744 3212 3622 3286 mortecorporisdistinguenda

1974 3302 2112 3376 quid
2134 3304 2301 3374 plura
2317 3303 2668 3358 documenta
2683 3318 3133 3358 commemorem
3151 3320 3164 3370 ;
3183 3318 3315 3356 cum
3343 3302 3621 3356 Dominus

1974 3392 2033 3447 in
2058 3409 2173 3447 una
2190 3393 2477 3447 sententia
2493 3390 2825 3463 evangelica
2841 3397 3152 3463 utramque
3170 3396 3413 3446 mortem
3439 3389 3619 3445 cuivis

1974 3480 2144 3537 facile
2176 3481 2619 3536 discernendum
2643 3480 2920 3552 posuerit,
2956 3481 3052 3536 ubi
3081 3480 3199 3535 ait:
3224 3480 3355 3535 Sine
3380 3483 3619 3535 mortuos

1971 3570 2203 3642 sepelire
2232 3575 2479 3624 mortuos
2509 3585 2633 3624 suos
2662 3568 2869 3640 (Matth.
2902 3586 3026 3635 vm,
3057 3568 3179 3640 22)?
3208 3568 3616 3639 Sepeliendum

1974 3660 2188 3731 quippe
2210 3675 2421 3730 corpus
2440 3662 2734 3713 mortuum
2759 3662 2909 3713 erat:
2931 3657 3254 3729 sepultores
3275 3662 3469 3713 autem
3494 3658 3621 3728 ejus

1973 3765 2077 3819 per
2093 3747 2453 3803 infidelitatis
2470 3746 2830 3818 impietatem
2844 3748 2866 3781 ⁴
2886 3747 2942 3801 ἱιι
2959 3747 3156 3802 anima
3175 3752 3435 3802 mortuos
3458 3745 3622 3801 intel-

1972 3836 2073 3909 ligi
2105 3836 2307 3902 voluit,
2333 3835 2535 3908 quales
2556 3836 2882 3892 excitantur
2901 3852 3030 3890 cum
3060 3836 3292 3903 dicitur,
3316 3836 3508 3907 Surge,
3531 3839 3626 3907 qui

1972 3926 2195 3993 dormis,
2227 3936 2278 3981 et
2302 3942 2535 3997 exsurge
2551 3943 2584 3980 a
2609 3926 2857 3991 mortuis,
2881 3930 2933 3981 et
2950 3926 3293 3981 illuminabit
3314 3935 3363 3980 te
3385 3924 3626 3982 Christus

1973 4016 2184 4087 (Ephes.
2216 4033 2271 4082 v,
2308 4015 2416 4085 14).
2442 4014 2773 4069 Detestatur
2798 4019 2991 4069 autem
3026 4016 3341 4084 quamdam
3378 4020 3621 4070 mortem

1974 4103 2309 4175 Apostolus,
2345 4103 2543 4158 dicens
2577 4104 2649 4158 de
2694 4102 2900 4158 vidua:
2954 4104 3083 4171 Quae
3111 4108 3292 4157 autem
3320 4104 3377 4157 in
3410 4103 3625 4158 deliciis

1972 4195 2105 4265 agit,
2136 4195 2323 4248 vivens
2371 4201 2583 4247 mortua
2618 4202 2701 4247 est
2749 4192 2793 4263 (Ι
2827 4193 2957 4246 Tim.
3000 4209 3053 4262 ν,
3083 4193 3159 4256 6).
3209 4192 3415 4247 Anima
3445 4192 3625 4265 igitur

1967 4284 2091 4354 jam
2117 4282 2230 4354 pia,
2257 4298 2384 4354 qua:
2410 4282 2516 4336 fuit
2536 4281 2736 4354 impia,
2755 4280 3295 4354 propterjustitiam
3320 4280 3454 4336 ﬁdei
3481 4281 3622 4336 dici-

1973 4376 2070 4428 tur
2099 4388 2167 4428 ex
2195 4376 2379 4428 morte
2416 4370 2695 4428 revixisse
2726 4374 2901 4443 atque
2934 4371 3143 4426 vivere.
3175 4372 3397 4443 Corpus
3428 4376 3620 4427 autem

1975 4478 2089 4517 non
2122 4467 2350 4516 tantum
2384 4460 2732 4516 moriturum
2768 4464 3002 4531 propter
3031 4459 3239 4515 animm
3282 4460 3621 4515 abscessum

1975 4550 2075 4624 qui
2109 4551 2341 4605 futurus
2385 4555 2492 4618 est,
2527 4550 2625 4605 sed
2664 4554 2900 4621 propter
2928 4553 3150 4604 tantam
3184 4549 3581 4604 inﬁrmitatem
3605 4550 3627 4584 ⁵

1974 4640 2166 4695 carnis
2195 4645 2253 4696 et
2297 4639 2624 4711 sanguinis,
2667 4639 2919 4710 quodam
2954 4638 3010 4692 in
3052 4638 3175 4694 loco
3215 4640 3271 4693 in
3311 4639 3625 4709 Scripturis

1974 4730 2150 4785 etiam
2186 4735 2480 4785 mortuum
2507 4728 2742 4796 dicitur,
2768 4727 3040 4799 loquente
3067 4727 3379 4801 Apostolo:
3416 4728 3625 4799 Corpus

1974 4818 2209 4890 quidem,
2230 4817 2417 4890 inquit
2442 4823 2718 4872 mortuum
2737 4819 2815 4872 est
2828 4826 3051 4889 propter
3064 4823 3370 4889 peccatum,
3396 4818 3623 4887 spiritus

1974 4912 2154 4964 autem
2183 4909 2291 4962 vita
2316 4917 2391 4963 est
2400 4912 2621 4978 propter
2630 4908 2926 4979 justitiam.
2959 4906 3089 4962 Haec
3110 4906 3225 4962 vita
3245 4922 3314 4961 ex
3338 4906 3451 4960 fide
3475 4905 3623 4979 facta

1976 5002 2103 5063 est;
2136 4997 2412 5067 quoniam
2441 4999 2643 5067 justus
2675 5014 2744 5053 ex
2772 4998 2885 5052 ﬁde
2914 4995 3053 5050 vivit
3081 4997 3256 5068 (Rom.
3289 5012 3329 5059 ι,
3365 4995 3473 5063 17).
3509 4994 3619 5049 Sed

1975 5086 2114 5158 quid
2152 5087 2462 5158 sequitur?
2506 5085 2564 5141 Si
2594 5094 2778 5141 autem
2812 5085 3047 5158 Spiritus
3078 5086 3194 5157 ejus
3222 5084 3318 5157 qui
3344 5084 3625 5139 suscitavit

2037 5350 2055 5385 ί
2090 5347 2268 5396 Plures
2299 5344 2441 5403 Mss,
2472 5343 2725 5394 medicina
2752 5358 2817 5393 ea:
2843 5344 3229 5394 resurrectione.

2034 5411 2057 5447 ³
2089 5410 2266 5458 Plures
2296 5408 2439 5457 Mss.:
2474 5407 2812 5456 ﬂesuscitatur
2837 5421 2959 5469 ergo
2987 5407 3180 5457 anima.

2035 5474 2057 5508 ³
2085 5472 2170 5521 Er.
2201 5471 2371 5533 Lugd.
2390 5470 2515 5518 Ven.
2542 5471 2670 5533 Lov.
2687 5468 2909 5529 addunt,
2930 5469 3253 5533 aﬂtictionem
3273 5483 3294 5533 ,'
3317 5468 3371 5519 in
3394 5469 3622 5533 B.deest

1972 5533 2087 5584 haec
2116 5547 2256 5645 v01";
2284 5531 2378 5582 sed
2412 5535 2628 5582 notatur
2660 5532 2714 5581 in
2745 5531 2985 5595 margine
3008 5547 3020 5581 :
3055 5552 3079 5576 κ
3100 5531 3349 5593 subaudi,
3377 5531 3615 5597 a/ﬂictia-

1972 5610 2106 5645 nem.
2138 5613 2164 5643 ι
2254 5632 2265 5644 .

1970 5610 2106 5646 nem.
2138 5613 2164 5643 Ι
2196 5610 2265 5645 Μ.

2032 5660 2054 5695 ι
2084 5660 2283 5723 Αιιιηθῑ
2312 5669 2497 5706 omnes
2522 5655 2631 5723 tere
2654 5656 2795 5723 M_ss.,
2824 5671 2917 5719 per
2934 5655 3291 5720 inﬁdelitatem
3321 5659 3617 5723 impietatis.

2034 5720 2245 5787 {Editi,
2270 5722 2481 5787 propter
2511 5718 2865 5782 inﬁrmitatem
2896 5718 3114 5770 tantum.
3150 5724 3214 5771 At.
3243 5718 3623 5787 Mss.,'pmpter

1970 5784 2327 5846 inﬁrmitatem
2357 5784 2573 5831 tantam.
