4160 6448
509 374 623 435 891

509 509 700 561 Jesum
729 520 761 559 a
808 504 1063 570 mortuis,
1119 501 1340 557 habitat
1395 503 1456 557 in
1507 500 1689 563 vobis;
1739 503 1834 572 qui
1878 502 2160 556 suscitavit

513 593 789 648 Christum
817 594 999 648 Jesum
1021 609 1052 646 a
1082 594 1335 655 mortuis,
1359 590 1661 661 viviﬁcabit
1688 594 1738 644 et
1760 592 2017 645 mortalia
2040 606 2158 645 cor-

509 699 645 754 pora
680 690 850 737 vestra
879 698 976 751 per
1016 681 1430 736 inhabitantem
1459 681 1731 751 Spiritum
1760 681 1879 752 ejus
1911 682 1970 734 in
2015 680 2161 735 vobis

512 773 686 842 (Rom.
716 788 836 838 νιιι,
868 772 952 836 10,
990 772 1097 840 11).

585 862 638 916 6.
676 860 815 915 Huic
846 876 981 932 ergo
1014 858 1202 931 duplze
1236 858 1403 914 morti
1438 862 1645 913 nostra:
1677 857 1939 913 Salvator
1969 861 2165 913 noster

517 949 806 1021 impendit
827 948 1097 1020 simplam
1125 965 1319 1003 suam:
1346 953 1399 1002 et
1418 949 1487 1002 ad
1508 947 1829 1002 faciendam
1856 951 2162 1017 utramque

514 1038 1015 1094 resuscitationem
1042 1042 1326 1105 nostram,
1350 1036 1406 1090 in
1441 1042 1802 1091 sacramento
1823 1041 1879 1091 et
1899 1035 2162 1108 exemplo

514 1127 830 1200 praeposuit
853 1132 907 1182 et
929 1128 1228 1199 proposuit
1253 1143 1427 1180 unam
1449 1142 1637 1181 suam.
1660 1130 1855 1196 Neque
1877 1125 2028 1180 enim
2058 1126 2165 1180 fuit

512 1222 780 1287 peccator
799 1216 1152 1287 autimpius,
1172 1219 1235 1269 ut
1255 1216 1301 1270 ei
1331 1220 1607 1285 tanquam
1634 1213 1838 1285 spiritu
1862 1220 2087 1269 mortuo
2108 1215 2163 1269 in

509 1304 785 1360 interiore
820 1305 1055 1359 homine
1088 1304 1348 1358 renovari
1385 1319 1532 1374 opus
1572 1307 1744 1373 esset,
1789 1308 1845 1358 et
1888 1310 2165 1374 tanquam

514 1394 911 1466 resipiscendo
934 1394 1001 1448 ad
1024 1393 1202 1447 vitam
1217 1390 1459 1463 justitiaz
1492 1395 1774 1447 revocari:
1801 1392 1897 1446 sed
1922 1392 2166 1448 indutus

521 1497 692 1538 carne
723 1480 977 1547 mortali,
1009 1485 1065 1535 et
1104 1480 1229 1536 sola
1269 1480 1547 1548 moriens,
1581 1479 1705 1535 sola
1737 1496 2066 1552 resurgens,
2100 1497 2168 1536 ea

517 1570 641 1627 sola
656 1571 823 1625 nobis
838 1570 907 1625 ad
932 1574 1244 1640 utrumque
1264 1568 1580 1639 concinuit,
1596 1586 1728 1624 cum
1746 1569 1802 1623 in
1822 1586 1889 1625 ea
1908 1570 2069 1626 ﬁeret
2086 1570 2168 1625 in-

514 1659 747 1715 terioris
767 1659 1023 1715 hominis
1036 1658 1799 1723 sacramentum,exterioris
1813 1659 2164 1730 exemplum.

518 1748 820 1803 Interioris
848 1748 1003 1802 enim
1028 1747 1284 1803 hominis
1315 1748 1497 1802 nostri
1522 1752 1886 1802 sacramento
1918 1748 2052 1802 data
2082 1754 2171 1805 est

521 1836 619 1893 illa
638 1837 1073 1909 vox,pertinens
1102 1837 1173 1891 ad
1194 1840 1443 1891 mortem
1468 1837 1675 1890 animae
1709 1841 1917 1891 nostras
1944 1838 2168 1909 signiﬁ-

516 1927 757 1981 candam
774 1943 908 1994 ,non
932 1925 1119 1981 solum
1144 1925 1200 1980 in
1224 1924 1476 1991 Psalmo,
1498 1942 1695 1980 verum
1711 1926 1885 1981 etiam
1906 1926 1963 1981 in
1978 1944 2167 1986 cruce:

510 2016 649 2071 Deus
672 2032 847 2081 meus,
871 2016 1008 2069 Deus
1029 2031 1199 2080 meus,
1219 2014 1410 2085 utquid
1422 2030 1505 2068 me
1516 2014 1875 2086 dereliquisli(
1884 2016 2036 2071 Psal.
2051 2034 2168 2087 xxx,

524 2104 576 2170 1,
603 2108 655 2158 et
677 2103 860 2157 Matth.
880 2120 1054 2173 xxvu,
1075 2104 1193 2173 46)?
1210 2103 1310 2159 Cui
1334 2103 1454 2158 voci
1480 2103 1748 2175 congruit
1765 2104 2074 2175 Apostolus
2090 2105 2173 2160 di-

524 2208 690 2248 cens:
720 2192 955 2247 Scientes
970 2195 1100 2263 quia
1122 2197 1271 2247 vetus
1292 2192 1446 2248 homo
1466 2194 1648 2247 noster
1669 2192 1847 2247 simul
1875 2195 2173 2265 cruciﬁxus

522 2290 619 2354 est,
645 2288 703 2336 ut
726 2295 1020 2338 evacuetur
1039 2298 1237 2353 corpus
1254 2284 1480 2353 peccati,
1505 2289 1566 2337 ut
1580 2282 1729 2336 ultra
1746 2298 1856 2337 non
1870 2285 2175 2339 serviamus

515 2373 748 2444 peccato.
767 2370 1072 2425 Cruciﬁxio
1091 2370 1305 2442 quippe
1323 2370 1615 2426 interioris
1632 2370 1887 2427 hominis
1900 2373 2175 2443 poeniten'

522 2460 615 2515 tiae
640 2459 867 2515 dolores
896 2459 1334 2531 intelliguntur,
1358 2464 1413 2515 et
1433 2459 1798 2516 continentiae
1819 2462 2057 2533 quidam
2081 2479 2172 2519 sa-

511 2547 1025 2618 lubriscruciatus,
1051 2566 1154 2621 per
1187 2565 1364 2621 quam
1391 2554 1637 2604 mortem
1672 2566 1829 2605 mors
1857 2551 2173 2623 impietatis

519 2637 849 2708 perimitur,
875 2637 933 2692 in
956 2654 1070 2709 qua
1090 2654 1195 2693 nos
1218 2637 1453 2709 reliquit
1476 2638 1684 2694 Deus‘.
1711 2640 1776 2694 Et
1796 2639 1924 2695 ideo
1956 2657 2057 2712 per
2086 2647 2171 2698 ta-

513 2726 626 2782 lem
663 2743 895 2782 crucem
927 2734 1245 2783 evacuatur
1277 2744 1490 2799 corpus
1525 2729 1770 2800 peccati,
1821 2730 2025 2801 utjam
2060 2749 2174 2788 non

513 2815 893 2871 exhibeamus
916 2817 1173 2871 membra
1191 2822 1393 2872 nostra
1411 2834 1577 2871 arma
1596 2818 1923 2889 iniquitatis
1943 2827 2174 2890 peccato

516 2905 694 2976 (Rom.
741 2922 815 2971 vx,
854 2908 906 2973 6,
944 2906 1050 2975 13).
1102 2905 1245 2970 Quia
1295 2911 1350 2961 et
1393 2906 1633 2961 interior
1681 2908 1855 2963 homo
1890 2910 1938 2964 si
1974 2911 2174 2982 utique

515 2999 830 3049 renovatur
862 2995 930 3050 de
966 2995 1058 3049 die
1102 2994 1160 3049 in
1192 2995 1345 3049 diem
1388 2996 1459 3066 (ΙΙ
1494 2996 1616 3052 Car.
1650 3014 1724 3063 Iv,
1770 2999 1876 3069 16),
1919 3000 2172 3071 profecto

518 3088 687 3139 vetus
718 3089 807 3139 est
832 3089 1144 3154 antequam
1169 3090 1492 3139 renovetur.
1517 3088 1677 3140 Intus
1700 3103 1951 3159 namque
1982 3089 2175 3157 agitur

513 3173 668 3243 quod
692 3172 848 3227 idem
871 3171 1170 3244 apostolus
1199 3172 1370 3228 dicit:
1406 3175 1606 3228 Eruite
1624 3190 1713 3229 vos
1744 3184 1978 3231 veterem
1999 3177 2174 3232 homi.

513 3278 663 3325 nem,
693 3265 744 3316 et
775 3262 989 3317 induite
1020 3278 1241 3317 novum.
1268 3263 1429 3327 Quod
1459 3261 1539 3316 ita
1560 3269 1979 3334 consequenter
2001 3283 2171 3337 expo-

514 3350 641 3405 nit:
699 3350 1043 3421 Quapropter
1088 3352 1415 3421 deponentes
1469 3352 1834 3418 mendacium,
1885 3354 2177 3424 loquimini

512 3441 797 3495 veritatem
840 3440 1056 3511 (Ephes.
1096 3457 1176 3507 1v,
1210 3440 1425 3510 22-25).
1476 3440 1577 3497 Ubi
1625 3446 1819 3496 autem
1862 3443 2175 3514 deponitur

517 3529 914 3594 mendacium,
938 3528 1048 3584 nisi
1073 3529 1257 3595 intus,
1283 3535 1349 3584 ut
1368 3529 1653 3585 inhabitet
1672 3530 1729 3584 in
1757 3536 1952 3587 monte
1974 3538 2173 3589 sancto

521 3618 617 3671 Dei
649 3618 749 3689 qui
782 3617 1040 3689 loquitur
1076 3619 1381 3674 veritatem
1427 3619 1483 3673 in
1517 3620 1687 3675 corde
1718 3637 1824 3676 suo
1857 3622 2025 3693 (Psal.
2060 3640 2175 3692 xlv,

524 3710 572 3775 1,
604 3707 689 3776 3)?
722 3707 1090 3763 Resurrectio
1140 3724 1270 3763 vero
1302 3710 1559 3779 corporis
1602 3709 1831 3764 Domini
1878 3712 1947 3765 ad
1983 3728 2175 3768 sacra-

519 3800 781 3851 mentum
816 3795 1111 3851 interioris
1152 3796 1599 3851 resurrectionis
1634 3802 1842 3852 nostris
1893 3800 2177 3870 pertinere

521 3884 869 3955 ostenditur,
901 3884 1002 3940 ubi
1056 3890 1365 3957 postquam
1407 3886 1744 3952 resurrexit,
1794 3886 1875 3941 ait
1906 3887 2173 3946 mulieri:

521 3974 648 4030 Noli
675 3989 762 4028 me
811 3981 1073 4042 tangere;
1120 3976 1369 4029 nondum
1401 3975 1551 4028 enim
1598 3976 1819 4029 ascendi
1844 3975 1914 4030 ad
1958 3978 2178 4033 Patrem

524 4079 703 4117 meum
735 4063 909 4135 (Joan.
935 4080 1032 4129 xx,
1055 4063 1164 4135 17).
1197 4062 1297 4118 Cui
1328 4063 1604 4135 mysterio
1635 4064 1903 4135 congruit
1928 4068 2180 4137 Aposto-

521 4148 617 4205 lus
648 4150 876 4204 diccns:
915 4150 974 4205 Si
994 4160 1178 4206 autem
1199 4152 1626 4206 consurrexistis
1644 4167 1769 4206 cum
1795 4152 2029 4221 Christo,
2056 4172 2178 4228 quae

522 4256 743 4295 sursum
769 4248 898 4295 sunt
926 4242 1176 4311 quwrite,
1202 4240 1294 4294 ubi
1324 4240 1572 4295 Christus
1593 4244 1672 4295 est
1703 4241 1771 4296 ad
1789 4242 2067 4299 dea-terum
2086 4246 2182 4300 Dei

522 4330 750 4391 sedens;
798 4344 923 4401 qum
950 4346 1167 4383 sursum
1217 4334 1369 4395 sunt,
1400 4331 1578 4399 sapite
1626 4330 1846 4401 (Coloss.
1881 4349 1962 4399 ιιι,
2018 4335 2067 4401 1,
2101 4337 2174 4405 2).

529 4418 643 4472 Hoc
661 4417 918 4472 estenim
942 4416 1235 4473 Christum
1257 4435 1369 4473 non
1395 4422 1660 4490 tangere,
1685 4420 1795 4475 nisi
1821 4438 1953 4475 cum
1984 4440 2180 4477 ascen-

524 4506 674 4560 derit
704 4507 771 4559 ad
807 4506 1056 4570 Patrem,
1094 4523 1206 4560 non
1249 4507 1319 4560 de
1353 4507 1581 4562 Christo
1618 4526 1818 4580 sapere
1850 4511 2175 4569 carnaliter.

522 4594 654 4650 Jam
690 4611 820 4649 vero
861 4596 930 4648 ad
973 4595 1301 4665 exemplum
1348 4596 1552 4651 mortis
1583 4598 1883 4653 exterioris
1923 4598 2178 4657 hominis

528 4684 711 4739 nostri
735 4684 1041 4739 Dominicas
1062 4684 1250 4738 carnis
1270 4702 1427 4740 mors
1447 4686 1858 4758 pertinet,quia
1882 4705 1980 4759 per
1996 4689 2175 4746 talem

528 4773 863 4845 passionem
899 4772 1144 4827 maxime
1167 4771 1432 4828 hortatus
1454 4780 1542 4829 est
1562 4791 1758 4830 servos
1790 4792 1950 4844 suos,
1976 4782 2039 4832 ut
2061 4795 2174 4834 non

528 4861 772 4916 timeant
793 4878 890 4916 eos
917 4862 1014 4932 qui
1031 4878 1242 4931 corpus
1265 4862 1821 4929 occidunt,animam
1846 4868 2039 4919 autem
2061 4882 2175 4921 non

525 4956 776 5023 possunt
805 4950 1064 5006 occidere
1092 4951 1301 5022 (Matth.
1345 4968 1399 5021 x,
1433 4950 1545 5020 28).
1580 4951 1820 5023 Propter
1849 4953 2002 5023 quod
2038 4954 2179 5010 dicit

523 5039 870 5110 Apostolus:
936 5041 997 5096 Ut
1045 5040 1330 5110 suppleam
1377 5054 1499 5109 qua:
1544 5041 1743 5094 desunt
1792 5055 2178 5111 pressurarum

526 5130 729 5185 Christi
758 5131 817 5183 in
847 5145 1013 5184 carne
1040 5144 1164 5183 mea
1184 5129 1403 5197 (Coloss.
1440 5144 1478 5193 ι,
1510 5128 1621 5197 24).
1657 5128 1721 5182 Et
1752 5129 1822 5182 ad
1843 5130 2172 5202 exemplum

526 5218 970 5285 resurrectionis
1017 5216 1319 5271 exterioris
1368 5214 1624 5271 hominis
1664 5216 1846 5271 nostri
1887 5220 2176 5289 pertinere

524 5307 817 5362 invenitur
838 5322 967 5361 resu
980 5305 1184 5361 rrectio
1197 5305 1453 5376 corporis
1467 5304 2175 5379 Domini,quiadiscipulis

524 5395 640 5450 ait:
675 5396 917 5466 Palpate,
949 5399 1001 5449 et
1050 5395 1245 5465 videte,
1281 5396 1411 5465 quia
1451 5396 1677 5464 spiritus
1723 5412 1944 5451 carnem
1974 5403 2024 5451 et
2055 5414 2175 5453 ossa

593 5521 609 5553 1
644 5518 801 5576 Editi,
822 5519 875 5566 in
900 5532 999 5579 qua
1015 5531 1108 5565 nos
1120 5532 1220 5567 non
1244 5517 1513 5574 dereliquit
1526 5518 1675 5567 Deus.
1702 5521 1766 5568 At
1780 5520 2013 5569 melioris
2032 5527 2174 5572 notas

528 5581 673 5653 Mss.)
698 5583 883 5653 inqua
904 5594 993 5653 eqs
1020 5581 1229 5653 reliquit
1258 5581 1407 5653 (sive,
1438 5580 1702 5653 relinquit)
1734 5583 1897 5653 Deus:
2012 5590 2091 5653 est
2119 5588 2173 5633 in

527 5647 697 5691 morte
726 5649 778 5691 et
796 5642 1137 5691 eruciﬂxione
1160 5643 1425 5692 interioris
1444 5642 1675 5692 hominis
1696 5646 1880 5703 nostri,
1905 5646 2175 5697 doloribus

527 5704 773 5755 videlicet
800 5706 1131 5768 poenitentiae
1163 5721 1222 5756 ac
1253 5707 1595 5757 continentiae
1627 5707 1883 5756 cruciatu.

1630 371 1731 431 DE
1776 370 2219 443 THINITATE,
2270 373 2335 429 S.
2373 372 2801 453 AUCUSTINI

3800 370 3923 433 892

2266 517 2377 556 non
2407 502 2581 571 habet,
2602 504 2747 558 sicut
2773 520 2859 558 me
2888 502 3083 558 videtis
3114 502 3308 559 habere
3331 503 3480 574 (Luc.
3527 518 3678 567 xxiv,
3710 500 3819 571 39).
3856 501 3926 556 Et

2270 606 2425 644 unus
2456 608 2523 645 ex
2541 592 2847 663 discipulis
2866 593 3042 647 etiam
3067 592 3365 648 cicatrices
3381 594 3509 662 ejus
3528 596 3923 657 contrectans,

2268 679 2611 735 exclamavit
2627 681 2848 746 dicens,
2870 683 3130 737 Dominus
3148 698 3317 750 meus,
3339 690 3390 737 et
3413 685 3553 737 Deus
3566 698 3720 737 meus
3742 681 3924 751 (toan.

2268 786 2360 835 xx,
2388 770 2494 841 28)!
2525 771 2590 825 Et
2618 787 2750 825 cum
2781 770 2937 826 illius
2970 771 3163 827 carnis
3195 777 3315 835 tota
3342 771 3646 844 integritas
3678 785 3930 841 appare-

2272 865 2376 919 ret.
2411 860 2875 915 demonstratum
2910 866 2997 915 est
3036 861 3093 914 in
3126 878 3193 916 ea
3233 862 3386 932 quod
3427 877 3565 916 suos
3609 859 3931 915 exhortans

2273 949 2525 1003 dixerat:
2550 949 2802 1021 Capillus
2831 950 3043 1020 capitis
3065 951 3227 1005 vestri
3256 967 3362 1005 non
3392 951 3597 1021 peribit
3619 950 3771 1021 (Luc.
3806 965 3930 1011 xxx,

2274 1038 2381 1105 18).
2408 1037 2569 1093 Unde
2586 1038 2739 1094 enim
2761 1039 2970 1111 primo,
2992 1039 3117 1095 Noli
3136 1056 3220 1095 me
3239 1042 3481 1110 tangere,
3510 1038 3752 1093 nondum
3775 1038 3936 1092 enim

2271 1128 2489 1183 ascendi
2519 1132 2593 1184 ad
2620 1131 2837 1184 Patrem
2872 1146 3047 1183 meum
3068 1148 3090 1193 ;
3110 1134 3165 1183 et
3197 1129 3347 1183 unde
3376 1132 3690 1199 antequam
3725 1143 3930 1182 ascen-

2274 1218 2373 1272 dat
2414 1218 2483 1273 ad
2518 1222 2746 1273 Patrem
2779 1235 2811 1272 a
2837 1217 3143 1290 discipulis
3175 1218 3457 1288 tangitur,
3490 1217 3599 1272 nisi
3635 1216 3778 1288 quia
3809 1215 3933 1269 illic

2273 1306 2685 1361 insinuabatur
2713 1306 3008 1362 interioris
3049 1307 3305 1362 hominis
3343 1312 3801 1370 sacramentum,
3833 1303 3936 1359 hic

2276 1397 2642 1468 prmbebatur
2657 1396 2955 1452 exterioris
2967 1396 3328 1469 exemplum?
3343 1399 3427 1452 An
3450 1398 3592 1453 forte
3610 1396 3933 1468 quisquam

2277 1486 2355 1540 ita
2384 1490 2473 1541 est
2514 1486 2805 1541 absurdus
2849 1491 3025 1556 atque
3069 1503 3307 1542 aversus
3340 1503 3373 1541 a
3416 1502 3567 1556 vero,
3621 1490 3685 1540 ut
3716 1485 3939 1540 audeat

2277 1575 2467 1629 dicere
2496 1592 2529 1630 a
2557 1575 2698 1630 viris
2727 1592 2860 1630 eum
2888 1580 3101 1631 tactum
3134 1581 3450 1647 antequam
3483 1575 3861 1642 ascenderet;
3900 1590 3936 1628 a

2278 1663 2623 1719 mulieribus
2668 1668 2884 1731 autem,
2935 1680 3067 1718 cum
3108 1663 3507 1719 ascendisset?
3549 1664 3787 1733 Propter
3818 1662 3934 1717 hoc

2277 1752 2607 1824 exemplum
2639 1754 2848 1807 futurae
2874 1758 3084 1808 nostra
3108 1752 3550 1808 resurrectionis
3581 1752 3639 1807 in
3665 1768 3933 1823 corpore,

2278 1842 2430 1912 quod
2458 1842 2749 1912 praecessit
2778 1842 2837 1898 in
2869 1842 3137 1907 Domino,
3162 1842 3300 1897 dicit
3320 1842 3661 1914 Apostolus:
3697 1842 3935 1896 Initium

2280 1930 2541 1997 Christus,
2574 1930 2772 1987 deinde
2798 1934 2894 2004 qui
2920 1939 3050 1986 sunt
3096 1930 3305 1986 Christi
3334 1932 3376 2001 (Ι
3411 1931 3530 1986 Cor.
3562 1948 3653 1996 xv,
3703 1930 3817 1999 23).
3859 1935 3937 1983 De

2279 2019 2535 2091 corporis
2553 2019 2707 2075 enim
2729 2020 3150 2075 resurrectione
3176 2019 3272 2074 illo
3303 2019 3427 2074 loco
3459 2020 3759 2090 agebatur,
3796 2034 3934 2089 pro-

2281 2114 2407 2182 pter
2432 2125 2608 2180 quam
2630 2109 2801 2164 etiam
2828 2110 2972 2164 dicit
2996 2125 3009 2164 :
3040 2109 3501 2179 Transﬁguravit‘
3532 2124 3726 2179 corpus
3748 2107 3935 2161 humi-

2282 2200 2452 2254 litatis
2470 2208 2670 2255 nostrse
2686 2200 2964 2269 conforme
2983 2200 3197 2270 corpori
3220 2200 3418 2267 glorise
3436 2197 3826 2268 suee(Philipp.
3849 2213 3935 2261 ιιι,

2278 2288 2525 2359 21).Una
2541 2304 2676 2360 ergo
2695 2305 2852 2343 mors
2872 2288 3053 2343 nostri
3066 2287 3380 2342 Salvatoris
3397 2287 3626 2342 duabus
3644 2285 3940 2341 mortibus

2282 2378 2498 2432 nostris
2520 2376 2694 2432 saluti
2720 2378 2845 2431 fuit.
2869 2382 2932 2431 Et
2953 2394 3065 2431 una
3086 2378 3213 2446 ejus
3235 2375 3581 2432 resurrectio
3598 2375 3744 2430 duas
3766 2373 3942 2429 nobis

2283 2482 2373 2521 res
2384 2467 2739 2522 urrectiones
2770 2466 3061 2537 praestitit,
3079 2482 3211 2520 cum
3232 2482 3442 2537 corpus
3460 2466 3588 2536 ejus
3609 2464 3669 2519 in
3688 2469 3945 2533 utraque

2282 2572 2363 2623 re,
2391 2555 2445 2609 id
2479 2561 2586 2619 est,
2611 2561 2668 2610 et
2699 2556 2757 2609 in
2792 2560 2974 2610 morte
3006 2562 3061 2610 et
3091 2554 3149 2609 in
3182 2555 3633 2619 resurrectione,
3656 2558 3714 2608 et
3744 2569 3941 2608 sacra-

2283 2650 2479 2699 mento
2516 2643 2806 2700 interioris
2852 2644 3105 2699 hominis
3138 2645 3343 2711 nostri,
3395 2648 3453 2699 et
3483 2641 3748 2714 exemplo
3780 2646 3940 2697 exte-

2284 2733 2476 2799 rioris,
2518 2733 2848 2789 medicinali
2895 2733 3147 2804 quadam
3188 2733 3588 2789 convenientia
3637 2731 3943 2787 ministra-

2283 2828 2409 2878 tum
2442 2826 2549 2877 est.

2352 2910 2582 2967 CAPUT
2614 2910 2705 2965 IV.
2738 2941 2806 2952 -—-
2833 2912 2888 2965 7.
2924 2913 3079 2967 Ratio
3116 2912 3308 2982 simpli
3353 2910 3423 2966 ad
3453 2910 3683 2982 duplum
3713 2927 3783 2966 ea:
3808 2926 3938 2981 per-

2279 3004 2512 3073 fectione
2531 3002 2747 3055 senarii
2765 3002 3001 3057 numeri.
3026 3000 3255 3057 Senarii
3271 3002 3529 3072 perfectio
3553 3002 3611 3054 in
3640 2999 3942 3071 Scripturis

2281 3089 2676 3146 commendata.
2710 3091 2900 3145 Annus
2928 3093 3147 3145 senario
3185 3105 3413 3145 numero
3453 3090 3637 3161 pollet.
3671 3088 3802 3143 Haec
3835 3105 3939 3143 au-

2281 3183 2398 3235 tem
2425 3180 2569 3233 ratio
2593 3177 2795 3250 simpli
2811 3179 2881 3233 ad
2906 3178 3149 3250 duplum
3174 3177 3363 3233 oritur
3382 3178 3616 3249 quidem
3637 3175 3941 3232 aternario

2283 3284 2557 3333 numero;
2594 3284 2774 3322 unum
2819 3268 3034 3339 quippe
3065 3266 3135 3321 ad
3167 3268 3303 3332 duo,
3351 3266 3465 3321 tria
3494 3271 3663 3321 sunt:
3699 3265 3802 3320 sed
3835 3264 3944 3319 hoc

2283 3362 2471 3412 totum
2491 3357 2642 3427 quod
2673 3356 2811 3424 dixi,
2841 3357 2910 3412 ad
2936 3356 3231 3411 senarium
3256 3356 3544 3426 pervenit;
3579 3371 3761 3409 unum
3784 3354 3942 3408 enim

2282 3452 2339 3501 et
2362 3447 2475 3501 duo
2508 3450 2564 3500 et
2592 3445 2702 3500 tria
2726 3462 2824 3500 sex
2847 3446 3012 3500 ﬁunt.
3040 3445 3143 3511 Qui
3174 3461 3452 3499 numerus
3478 3449 3785 3515 propterea
3810 3459 3944 3513 per-

2285 3535 2470 3590 fectus
2504 3535 2717 3589 dicitur
2747 3536 2885 3605 quia
2917 3535 3182 3605 partibus
3213 3533 3337 3588 suis
3367 3532 3733 3603 completur:
3764 3532 3946 3587 habet

2283 3623 2436 3679 enim
2457 3623 2589 3678 illas
2606 3628 2743 3687 tres,
2760 3629 3005 3690 sextam,
3030 3622 3256 3677 tertiam
3270 3663 3283 3686 ,
3304 3621 3632 3689 dimidiam;
3654 3637 3760 3675 nec
3778 3620 3942 3675 nulla

2286 3730 2420 3785 pars
2451 3712 2584 3777 alia,
2614 3729 2740 3783 qua:
2771 3712 2883 3766 dici
2908 3712 3093 3782 possit
3122 3716 3299 3782 quota
3332 3711 3428 3778 sit,
3446 3709 3741 3765 invenitur
3766 3708 3826 3762 in
3852 3726 3937 3764 eo.

2283 3802 2453 3856 Sexta
2481 3817 2616 3872 ergo
2641 3802 2769 3872 ejus
2792 3817 2974 3855 unum
2998 3806 3114 3865 est;
3140 3798 3329 3870 tertia,
3354 3799 3493 3864 duo;
3514 3797 3781 3864 dimidia,
3806 3798 3934 3852 tria.

2284 3889 2476 3945 Unum
2491 3896 2685 3945 autem
2710 3895 2767 3945 et
2786 3890 2901 3945 duo
2921 3895 2978 3944 et
2997 3889 3107 3943 tria
3130 3893 3542 3944 consummant
3558 3887 3833 3943 eumdem
3855 3903 3940 3941 se-

2285 3979 2538 4035 narium.
2570 3978 2752 4049 Cujus
2775 3978 3186 4049 perfectionem
3222 3977 3389 4033 nohis
3417 3981 3619 4032 sancta
3640 3976 3940 4047 Scriptura

2285 4067 2678 4139 commendat,
2733 4067 2789 4120 in
2822 4083 2888 4121 eo
2932 4065 3183 4122 maxime
3223 4066 3377 4137 quod
3412 4070 3563 4120 Deus
3602 4081 3704 4120 sex
3732 4064 3941 4119 diebus

2287 4156 2524 4228 perfecit
2552 4172 2727 4227 opera
2757 4172 2885 4220 sua,
2926 4159 2983 4211 et
3012 4160 3172 4211 sexto
3204 4156 3295 4210 die
3324 4155 3512 4210 factus
3541 4159 3631 4209 est
3660 4153 3837 4209 homo
3869 4154 3940 4208 ad

2286 4246 2602 4317 imaginem
2649 4245 2742 4300 Dei
2776 4243 2932 4315 (Cen.
2973 4262 3011 4313 ι,
3043 4245 3155 4316 27).
3203 4246 3269 4299 Et
3302 4248 3463 4299 sexta
3491 4249 3659 4298 astate
3708 4244 3942 4315 generis

2286 4335 2550 4399 humani,
2578 4334 2760 4389 Filius
2787 4334 2880 4389 Dei
2904 4333 3059 4388 venit
3081 4340 3136 4388 et
3158 4334 3345 4388 factus
3368 4338 3455 4388 est
3477 4332 3636 4388 ﬁlius
3659 4332 3941 4399 hominis,

2290 4429 2354 4478 ut
2372 4440 2476 4477 nos
2502 4424 2843 4478 reicrmaret
2864 4422 2932 4476 ad
2956 4421 3269 4493 imaginem
3297 4421 3419 4476 Dei.
3446 4422 3525 4476 Ea
3549 4422 3766 4493 quippe
3788 4438 3942 4477 nunc

2286 4517 2426 4567 aetas
2457 4512 2671 4583 agitur,
2696 4513 2814 4567 sive
2833 4509 3053 4566 milleni
3082 4510 3219 4564 anni
3240 4510 3489 4582 singulis
3511 4510 3942 4566 distribuantur

2286 4602 2574 4668 aetatibus,
2598 4600 2719 4655 sive
2739 4600 2796 4654 in
2828 4600 3043 4655 divinis
3070 4599 3302 4655 Litteris
3320 4597 3731 4653 memorabiles
3764 4606 3939 4670 atque

2286 4691 2547 4762 insignes
2574 4689 2745 4760 quasi
2775 4688 3053 4744 articulos
3097 4695 3427 4759 temporum
3460 4687 3842 4760 vestigemus,
3877 4695 3939 4743 ut

2287 4781 2472 4852 prima
2495 4784 2633 4833 astas
2653 4777 2981 4833 inveniatur
3010 4777 3082 4831 ab
3115 4777 3296 4831 Adam
3324 4792 3511 4848 usque
3540 4776 3610 4830 ad
3644 4775 3781 4842 Noe,
3802 4777 3935 4831 inde

2284 4869 2543 4925 secunda
2573 4883 2759 4939 usque
2790 4867 2861 4923 ad
2891 4866 3209 4921 Abraham:
3234 4869 3291 4921 et
3307 4865 3937 4937 deinceps,sicutMat-

2282 4958 2473 5014 thseus
2503 4955 2865 5028 evangelista
2893 4955 3180 5021 distinxit,
3213 4955 3286 5009 ab
3319 4954 3613 5009 Abraham
3646 4970 3833 5025 usque
3866 4955 3933 5009 ad

2282 5046 2482 5111 David,
2509 5063 2542 5101 a
2563 5045 2735 5100 David
2766 5060 2953 5115 usque
2975 5044 3043 5099 ad
3072 5041 3649 5113 transmigrationem
3668 5040 3724 5095 in
3749 5043 3935 5114 Baby-

2284 5136 2524 5201 loniam,
2543 5140 2719 5206 atque
2738 5134 2874 5189 inde
2898 5148 3084 5205 usque
3103 5133 3173 5189 ad
3194 5131 3440 5203 virginis
3472 5136 3704 5202 partum
3726 5130 3934 5202 (Matth.

2284 5241 2322 5295 ι,
2359 5224 2466 5294 17).
2491 5226 2625 5288 Quae
2648 5227 2766 5277 tres
2787 5226 2983 5278 aetates
3001 5223 3326 5291 conjunctae
3350 5219 3468 5275 illis
3493 5220 3745 5285 duabus,
3765 5220 3936 5292 quin-

2282 5328 2395 5384 que
2419 5312 2656 5368 faciunt.
2680 5310 2928 5365 Proinde
2958 5315 3178 5365 sextam
3201 5308 3495 5364 inchoavit
3524 5309 3797 5364 nativitas
3831 5315 3933 5366 Do-

2284 5400 2448 5468 mini,
2481 5418 2608 5473 quae
2638 5416 2792 5455 nunc
2815 5399 3009 5471 agitur
3030 5414 3215 5469 usque
3245 5398 3317 5452 ad
3340 5396 3634 5453 occultum
3653 5399 3932 5470 temporis

2282 5490 2651 5546 ﬁnemﬂunc
2669 5488 2964 5544 senarium
2986 5503 3296 5542 numerum
3317 5486 3633 5557 quamdam
3654 5488 3930 5558 temporis

2280 5593 2478 5651 gerere
2503 5579 2771 5649 figuram,
2805 5574 2977 5630 etiam
2998 5575 3058 5628 in
3090 5574 3189 5629 illa
3220 5574 3444 5630 ratione
3472 5573 3779 5645 tripertitae
3811 5576 3929 5632 die-

2344 5712 2363 5747 ί
2392 5708 2608 5772 Aliquot
2640 5707 2785 5756 Mem:
2818 5702 3243 5767 Transﬁgurabit.
