4160 6444
170 384 288 442 893

160 515 511 570 tributionis
543 517 939 587 agnoscimus,
974 532 1088 587 qua
1115 532 1297 571 unum
1330 520 1561 588 tempus
1584 532 1822 586 compu-

163 608 365 659 tamus
389 610 521 658 ante
548 605 785 676 Legem;
813 604 1086 665 alterum.
1108 607 1216 659 sub
1238 606 1413 675 Lege;
1433 605 1692 667 tertium,
1714 604 1822 657 sub

160 692 370 765 gratia.
413 695 471 747 In
518 710 632 765 quo
668 700 930 764 tempore
962 700 1392 747 sacramentum
1427 692 1821 747 renovationis

164 781 529 852 accepimus:
568 781 708 835 utin
742 782 854 835 ﬁne
884 780 1163 852 temporis
1190 780 1361 835 etiam
1402 780 1820 835 resurrectione

163 869 329 923 carni
363 869 521 923 omni
554 888 621 925 ex
655 874 813 941 parte
848 872 1124 933 renovati,
1160 871 1231 923 ab
1261 868 1549 936 universa,
1583 885 1694 923 non
1720 886 1814 923 so-

166 956 294 1011 lum
329 958 558 1019 animae,
591 972 790 1011 verum
815 956 989 1012 etiam
1014 958 1271 1029 corporis
1295 957 1631 1011 inﬁrmitate
1654 973 1818 1012 sane-

166 1063 323 1100 mur.
350 1045 511 1101 Unde
533 1045 881 1118 intelligitur
902 1046 1002 1101 illa
1027 1045 1235 1099 mulier
1254 1045 1311 1099 in
1338 1051 1472 1117 typo
1498 1044 1762 1100 Ecclesia:
1787 1061 1817 1097 a

163 1134 413 1189 Domino
427 1140 634 1189 sanata
653 1140 708 1189 et
727 1140 935 1201 erecta,
958 1152 1129 1204 quam
1151 1141 1487 1190 curvaverat
1506 1135 1816 1189 inﬁrmilas

160 1222 443 1294 alligante
475 1227 698 1278 satana.
732 1223 808 1278 De
842 1223 1059 1279 talibus
1091 1224 1247 1278 enim
1279 1222 1523 1279 occultis
1549 1223 1817 1277 hostibus

161 1312 395 1383 plangit
427 1312 525 1367 illa
557 1329 660 1367 vox
692 1312 903 1367 Psalini
931 1329 943 1367 :
980 1312 1351 1367 Curvaverunt
1380 1314 1625 1366 animam
1644 1327 1820 1365 meam

158 1403 340 1473 (Psat.
370 1419 477 1466 LVI,
496 1402 575 1471 7).
605 1401 937 1457 Haecautem
955 1401 1163 1456 mulier
1194 1403 1390 1456 decem
1414 1406 1470 1455 et
1494 1405 1620 1455 octo
1634 1416 1818 1454 annos

164 1489 423 1544 habebat
446 1491 499 1544 in
524 1490 888 1551 inﬁrmitate.
913 1492 1066 1561 quod
1092 1497 1177 1545 est
1200 1496 1285 1545 ter
1302 1491 1445 1543 seni.
1471 1489 1697 1545 Menses
1716 1506 1815 1543 au-

160 1583 279 1633 tem
303 1596 589 1633 annorum
612 1580 810 1635 decem
834 1585 890 1635 et
912 1585 1037 1634 octo
1077 1579 1452 1634 inveniuntur
1494 1579 1550 1632 in
1575 1593 1817 1633 numero

160 1668 339 1723 solidi
373 1668 640 1739 quadrati
673 1670 907 1735 senarii,
942 1670 1096 1740 quod
1127 1679 1211 1723 est
1243 1667 1429 1723 sexies
1459 1667 1607 1730 seni,
1634 1666 1819 1721 ethoc

159 1757 375 1811 sexies.
409 1758 585 1813 Juxta
614 1759 829 1829 quippe
860 1765 948 1814 est
994 1758 1053 1813 in
1087 1760 1289 1813 eodem
1343 1756 1633 1828 Evangelii
1668 1755 1817 1819 loco,

158 1849 340 1902 arbor
367 1865 598 1919 quoque
618 1848 717 1901 illa
750 1848 1020 1913 ﬁculnea,
1049 1850 1218 1919 cujus
1244 1848 1516 1902 miseram
1543 1844 1815 1901 sterilita-

158 1942 284 1992 tem
314 1939 489 1993 etiam
527 1938 734 1994 tertius
766 1956 956 1995 annus
987 1940 1290 2010 arguebat.
1333 1938 1439 1993 Sed
1494 1937 1575 1991 ita
1598 1954 1697 2008 pro
1723 1935 1820 1991 illa

174 2031 567 2085 intercessum
616 2038 722 2101 est,
776 2036 839 2085 ut
888 2032 1278 2085 dimitteretur
1327 2028 1425 2083 illo
1470 2045 1643 2092 anno,
1677 2032 1739 2082 ut
1770 2028 1817 2082 si

169 2121 431 2175 fructum
468 2122 658 2192 terret,
690 2122 873 2189 bene;
909 2122 999 2176 sin
1040 2122 1227 2187 aliter,
1277 2120 1638 2175 excideretur
1665 2119 1818 2190 (Luc.

166 2226 297 2273 XIII,
327 2211 505 2280 6-17).
540 2211 685 2265 Nam
718 2215 776 2266 et
810 2219 928 2266 tres
960 2210 1096 2265 anni
1128 2211 1198 2264 ad
1250 2210 1513 2264 eamdem
1564 2206 1820 2278 triparti-

165 2306 292 2356 tam
357 2302 832 2357 distributionem
893 2302 1208 2373 pertinent,
1260 2306 1315 2356 et
1366 2316 1594 2355 menses
1641 2298 1820 2352 trium

166 2407 462 2446 annorum
507 2391 862 2462 quadratum
915 2390 1207 2446 senarium
1262 2389 1502 2455 faciunt,
1552 2387 1703 2457 quod
1735 2391 1824 2441 est

166 2479 360 2535 sexies
392 2480 537 2535 seni.

238 2570 294 2624 8.
323 2572 518 2625 Annus
544 2570 719 2624 etiam
746 2586 921 2639 unus,
946 2569 995 2624 si
1020 2567 1325 2623 duodecim
1352 2582 1583 2622 menses
1610 2565 1819 2636 integri

166 2659 637 2725 considerentur,
693 2675 841 2730 quos
889 2658 1093 2712 triceni
1140 2657 1263 2712 dies
1295 2656 1590 2727 complent
1623 2653 1821 2726 (talem

168 2749 387 2819 quippe
413 2764 669 2803 mensem
690 2752 909 2802 veteres
928 2747 1401 2811 observaverunt,
1421 2760 1595 2816 quem
1615 2743 1823 2799 circui-

168 2838 271 2889 tus
303 2834 521 2890 lunaris
556 2835 852 2904 ostendit),
888 2834 1118 2889 senario
1154 2849 1398 2887 numero
1431 2831 1627 2903 pollet.
1661 2830 1821 2894 Quod

170 2924 331 2982 enim
363 2924 557 2979 valent
585 2940 685 2979 sex
714 2924 771 2978 in
809 2924 995 2995 primo
1040 2925 1241 2979 ordine
1292 2940 1690 2992 numerorum,
1725 2921 1825 2994 qui

172 3018 407 3070 constat
427 3029 493 3067 ex
514 3013 648 3067 unis
672 3018 735 3066 ut
757 3012 1126 3083 perveniatur
1148 3014 1217 3066 ad
1242 3013 1477 3078 decem;
1502 3011 1609 3065 hoc
1631 3010 1826 3065 valent

172 3102 478 3170 sexaginta
503 3102 558 3155 in
585 3102 842 3156 secundo
867 3101 1090 3167 ordine,
1115 3100 1213 3171 qui
1237 3105 1464 3156 constat
1485 3117 1550 3155 ex
1578 3098 1743 3153 denis
1761 3102 1825 3153 ut

173 3190 548 3264 perveniatur
569 3190 640 3243 ad
665 3194 921 3244 centum.
948 3189 1368 3259 Sexagenarius
1389 3205 1523 3260 ergo
1544 3204 1825 3243 numerus

172 3280 429 3343 dierum,
463 3284 625 3334 sexta
657 3296 793 3349 pars
825 3278 961 3333 anni
993 3283 1102 3333 est.
1137 3278 1381 3333 Proinde
1405 3295 1505 3349 per
1527 3276 1823 3333 senarium

173 3368 353 3441 primi
387 3385 610 3432 versus,
646 3366 1104 3438 multiplicatur‘
1140 3372 1418 3438 tanquam
1451 3368 1720 3421 senarius
1741 3383 1827 3422 se-

175 3458 356 3514 cundi
388 3474 589 3512 versus
622 3462 677 3511 et
719 3457 869 3511 ﬁunt
916 3458 1103 3512 sexies
1152 3456 1448 3528 sexageni,
1501 3457 1739 3511 trecenti
1772 3461 1829 3512 et

176 3547 482 3619 sexaginta
510 3547 656 3610 dies,
691 3546 789 3617 qui
822 3551 961 3601 sunt
989 3545 1198 3617 integri
1229 3546 1533 3601 duodecim
1570 3562 1821 3601 menses.

177 3637 286 3691 Sed
316 3636 595 3708 quoniam
617 3634 763 3689 sicut
786 3652 1047 3690 mensem
1082 3635 1359 3691 circuitus
1394 3635 1545 3691 lunae
1575 3635 1829 3690 ostendit

178 3724 635 3793 hominibus,sic
648 3741 835 3779 annus
850 3724 1092 3779 circuitu
1109 3724 1248 3778 solis
1262 3724 1701 3779 animadversus
1714 3728 1829 3791 est;

180 3819 409 3871 restant
432 3820 620 3868 autem
648 3813 909 3884 quinque
931 3813 1057 3867 dies
1078 3818 1133 3868 et
1152 3813 1449 3884 quadrans
1484 3813 1619 3881 diei,
1648 3818 1711 3867 ut
1740 3815 1823 3867 sol

180 3903 261 3958 im
274 3903 674 3973 pleatcursum
692 3918 863 3956 suum
882 3917 1220 3972 annumque
1233 3901 1561 3957 concludat:
1578 3908 1829 3972 quatuor

180 3993 337 4047 enim
362 3992 712 4063 quadrantes
736 3990 956 4045 faciunt
979 4007 1160 4045 unum
1186 3990 1363 4061 diem,
1392 4007 1565 4061 quem
1595 4006 1829 4046 necesse

180 4082 239 4135 in
266 4078 597 4135 interealari
619 4095 858 4135 excurso
885 4079 1291 4150 quadriennio,
1315 4080 1468 4150 quod
1505 4080 1827 4136 bissextum

177 4175 408 4235 vocant,
434 4185 506 4224 ne
529 4175 856 4239 temporum
872 4169 1013 4223 ordo
1029 4168 1323 4222 turbetur:
1346 4168 1521 4223 etiam
1537 4170 1693 4239 ipsos
1706 4170 1831 4225 dies

184 4255 445 4327 quinque
472 4260 529 4311 et
556 4255 942 4326 quadrantem
976 4254 1024 4309 si
1072 4255 1531 4326 consideremus,
1563 4256 1831 4311 senarius

180 4360 467 4399 numerus
494 4344 551 4398 in
570 4343 655 4397 eis
681 4341 1001 4414 plurimum
1024 4342 1194 4397 valet.
1221 4343 1502 4410 Primum,
1528 4344 1665 4414 quia
1681 4345 1832 4400 sicut

182 4434 308 4488 ﬁeri
334 4432 479 4487 solet
502 4436 607 4486 uta
630 4436 792 4502 parte
806 4436 991 4485 totum
1021 4438 1409 4503 computetur,
1432 4450 1544 4487 non
1561 4435 1829 4504 suntjam

180 4524 308 4578 dies
330 4522 610 4592 quinque,
638 4521 736 4575 sed
766 4521 960 4590 potius
984 4537 1102 4587 sex,
1137 4527 1198 4575 ut
1239 4522 1534 4593 quadrans
1559 4521 1653 4577 ille
1676 4524 1829 4577 acci-

183 4614 379 4683 piatur
403 4628 505 4682 pro
538 4610 648 4663 die.
676 4609 909 4678 Deinde,
937 4609 1149 4680 quiain
1175 4610 1318 4681 ipsis
1341 4612 1601 4683 quinque
1624 4612 1829 4667 diebus

182 4705 344 4756 sexta
365 4716 499 4771 pars
532 4698 752 4754 mensis
773 4705 861 4753 est
883 4716 896 4753 :
919 4698 1041 4768 ipse
1056 4703 1258 4757 autem
1286 4700 1581 4770 quadrans
1604 4717 1703 4756 sex
1722 4699 1829 4757 ho-

182 4807 277 4846 ras
307 4789 500 4844 babet.
533 4788 715 4843 Totus
746 4785 903 4841 enim
938 4787 1082 4853 dies,
1114 4785 1170 4841 id
1205 4792 1315 4859 est,
1346 4805 1478 4843 cum
1511 4806 1619 4844 sua
1646 4794 1827 4858 nocte,

189 4877 395 4951 viginti
423 4881 675 4949 quatuor
690 4875 844 4931 hora
862 4878 1023 4939 sunt,
1038 4892 1287 4947 quarum
1304 4894 1437 4948 pars
1452 4882 1683 4950 quarta,
1704 4896 1828 4950 quea

180 4972 271 5024 est
294 4967 591 5038 quadrans
615 4964 750 5031 diei,
776 4980 878 5020 sex
902 4963 1053 5019 bore:
1076 4964 1477 5021 inveniuntur:
1506 4967 1585 5021 ita
1609 4967 1664 5021 in
1690 4970 1827 5024 anni

179 5074 357 5113 cursu
387 5054 655 5111 senarius
688 5070 971 5109 numerus
1003 5053 1323 5125 plurimum
1352 5056 1524 5111 valet.

253 5144 482 5201 CAPUT
510 5143 576 5197 V.
609 5173 678 5183 -—
706 5143 759 5197 9.
794 5141 1053 5198 Senarius
1085 5145 1217 5199 item
1246 5145 1306 5199 in
1323 5145 1691 5215 aediﬁcatione
1708 5164 1824 5202 cor-

174 5238 326 5307 poris
358 5234 561 5289 Christi
587 5250 652 5288 ac
684 5234 881 5303 templi
907 5232 1359 5305 Jerosotymitani
1394 5237 1824 5292 commendatus.

179 5325 293 5380 Nec
325 5323 618 5379 immerito
652 5323 706 5377 in
742 5321 1123 5377 aediﬁcatione
1154 5322 1411 5394 corporis
1434 5324 1741 5393 Dominici,
1768 5327 1827 5382 in

179 5416 349 5486 cujus
372 5414 561 5484 ﬁgura
582 5410 867 5482 templum
888 5426 921 5464 a
939 5409 1158 5467 Judaais
1176 5413 1538 5468 destructum
1560 5413 1752 5470 triduo
1766 5432 1830 5472 se

180 5506 665 5559 resuscitaturum
689 5516 817 5555 esse
839 5499 1088 5569 dicebat,
1114 5517 1394 5557 numerus
1415 5502 1541 5573 ipse
1560 5505 1828 5560 senarius

243 5685 257 5717 ι
294 5680 446 5737 Editi,
466 5677 901 5744 multiplicantur.
929 5675 1117 5726 Melius
1146 5678 1700 5744 Mss..multiplicatur:
1729 5694 1825 5732 nu-

181 5758 357 5795 merus
391 5739 636 5792 videlicet
674 5739 933 5789 senarius.

1548 384 1781 443 LIBER
1826 382 2217 453 QUARTUS.

3454 380 3573 440 894

1938 530 2038 585 pro
2068 530 2219 569 anno
2252 512 2473 584 positus
2506 511 2869 584 intelligitur.
2904 512 3178 567 Dixerunt
3207 510 3394 567 enim:
3436 513 3574 580 Qua-

1934 605 2193 674 draginta
2217 611 2267 657 et
2286 620 2383 657 sea:
2401 605 2564 656 annis
2585 604 2918 671 aediﬁcatum
2940 607 3016 657 est
3038 602 3315 671 templum.
3342 602 3405 656 Et
3430 619 3573 673 qua-

1933 693 2162 764 dragies
2195 693 2380 747 sexies
2412 692 2556 758 seni,
2595 692 2741 745 ﬁunt
2770 692 3003 746 ducenti
3052 691 3423 763 septuaginta
3452 707 3571 747 sex.

1931 781 2038 847 Qui
2072 798 2350 835 numerus
2383 781 2607 835 dierum
2642 780 2891 848 complet
2920 796 3119 835 novem
3148 796 3375 833 menses
3398 784 3451 834 et
3474 796 3574 834 sex

1927 872 2072 938 dies,
2099 874 2195 943 qui
2212 878 2494 942 tanquam
2510 872 2705 925 decem
2724 887 2952 925 menses
2970 871 3329 941 parientibus
3346 870 3577 927 feminis

1926 961 2326 1033 imputantur:
2355 978 2467 1015 non
2494 960 2631 1032 quia
2660 976 2864 1014 omnes
2902 960 2971 1015 ad
3011 966 3237 1014 sextum
3261 960 3412 1015 diem
3448 964 3579 1030 post

1927 1068 2145 1105 nonum
2182 1067 2439 1105 mensem
2472 1050 2837 1121 perveniunt,
2872 1049 2970 1103 sed
2997 1050 3134 1119 quia
3156 1048 3283 1119 ipsa
3307 1050 3576 1119 perfectio

1926 1140 2183 1211 corporis
2212 1139 2435 1193 Domini
2464 1139 2769 1193 totdiebus
2787 1138 2856 1192 ad
2879 1144 3109 1209 partum
3131 1138 3404 1208 perducta
3422 1154 3577 1193 com-

1927 1229 2167 1300 peritur,
2193 1230 2345 1282 sicut
2359 1245 2390 1281 a
2404 1228 2727 1297 majoribus
2746 1227 3024 1281 traditum
3046 1226 3372 1296 suspiciens
3388 1225 3576 1281 Eccle-

1927 1316 2025 1370 siae
2047 1316 2301 1371 custodit
2323 1315 2661 1370 auctoritas.
2686 1315 2894 1370 Octavo
2911 1314 3065 1370 enim
3087 1314 3359 1369 calendas
3378 1314 3577 1386 aprilis

1927 1410 2244 1475 conceptus
2276 1404 2550 1471 creditus,
2587 1422 2700 1475 quo
2732 1409 2787 1458 et
2820 1420 3030 1474 passus
3058 1421 3068 1459 :
3098 1403 3177 1458 ita
3202 1409 3577 1459 monumento

1928 1509 2073 1548 novo
2108 1509 2223 1561 quo
2258 1493 2521 1563 sepultus
2549 1498 2655 1563 est,
2692 1492 2789 1546 ubi
2820 1491 3015 1547 nullus
3046 1498 3170 1546 erat
3210 1501 3577 1547 mortuorum

1928 1581 2156 1654 positus
2180 1583 2358 1653 (Joan.
2379 1600 2494 1651 x1x,
2517 1583 2603 1647 41,
2630 1583 2741 1652 42),
2767 1598 2871 1637 nec
2896 1586 3048 1648 ante,
3072 1598 3174 1636 nec
3197 1586 3415 1653 postea,
3440 1598 3576 1636 con-

1927 1672 2083 1745 gruit
2098 1672 2551 1744 uterusvirginis
2567 1689 2681 1743 quo
2696 1678 3011 1743 conceptus
3028 1676 3135 1739 est,
3154 1673 3248 1726 ubi
3269 1670 3469 1726 nullus
3492 1687 3578 1726 se-

1929 1762 2291 1817 minatusest
2306 1761 2662 1815 mortalium.
2690 1765 3083 1816 Natusautem
3103 1761 3354 1815 traditur
3379 1766 3577 1817 octavo

1929 1851 2538 1920 calendasjanuarias.
2564 1850 2647 1905 Ab
2671 1850 2768 1905 illo
2791 1867 2926 1919 ergo
2952 1850 3041 1905 die
3077 1866 3261 1922 usque
3293 1850 3363 1905 ad
3398 1850 3576 1906 istum

1930 1940 2308 2010 computati',
2339 1939 2572 1993 ducenti
2607 1939 2978 2010 septuaginta
3008 1943 3063 1993 et
3085 1955 3184 1993 sex
3211 1939 3578 2009 reperiuntur

1930 2027 2073 2094 dies,
2095 2026 2190 2097 qui
2216 2027 2511 2081 senarium
2538 2043 2847 2081 numerum
2875 2026 3222 2098 quadragies
3254 2026 3437 2081 sexies
3468 2026 3575 2082 ha-

1930 2117 2087 2171 bent.
2104 2118 2224 2181 Quo
2242 2132 2483 2171 numero
2498 2133 2783 2170 annorum
2801 2115 3082 2187 templum
3100 2116 3450 2170 aediﬁcatum
3466 2119 3573 2184 est,

1930 2205 2145 2277 quiaeo
2160 2220 2403 2260 numero
2417 2205 2780 2260 senariorum
2794 2204 3241 2276 corpusDomini
3256 2204 3507 2276 perfectu
3520 2220 3575 2259 m

1931 2294 2199 2364 est.quod
2215 2294 2418 2348 mortis
2434 2294 2699 2363 passione
2713 2295 3100 2359 destructum,
3118 2293 3310 2347 triduo
3326 2292 3574 2349 resusci-

1930 2383 2092 2437 tavit.
2126 2383 2345 2437 Dicebat
2375 2382 2529 2438 enim
2565 2382 2671 2439 hoc
2703 2382 2767 2438 de
2800 2383 2996 2453 tempto
3015 2385 3253 2453 corporis
3274 2384 3364 2437 sui
3383 2382 3482 2453 (Id.
3510 2400 3571 2451 ιι,

1933 2472 2136 2543 19-21),
2171 2472 2323 2527 sicut
2352 2471 2791 2528 evidentissimo
2840 2477 2897 2528 et
2946 2472 3355 2528 robustissima
3385 2473 3573 2527 Evan-

1931 2560 2066 2633 gelii
2098 2562 2433 2617 testimonio
2467 2561 2810 2627 declaratur,
2844 2578 2960 2633 quo
2999 2562 3116 2617 ait:
3168 2561 3319 2617 Sicut
3346 2563 3453 2633 fuit
3481 2563 3573 2617 Jo-

1930 2667 2032 2705 nas
2063 2652 2121 2706 in
2150 2656 2340 2705 ventre
2371 2653 2475 2706 ceti
2506 2652 2687 2706 tribus
2715 2651 2929 2714 diebus,
2967 2655 3019 2707 et
3065 2651 3242 2706 tribus
3288 2650 3574 2713 noctibus;

1931 2742 2011 2795 sic
2037 2742 2141 2795 erit
2171 2740 2356 2797 Filius
2387 2740 2621 2795 hominis
2653 2742 2712 2795 in
2740 2740 2898 2795 corde
2945 2744 3110 2798 terrae
3156 2740 3334 2796 tribus
3363 2739 3572 2811 diebus,

1931 2833 1981 2885 et
2010 2829 2194 2884 tribus
2223 2830 2471 2884 noctibus
2492 2829 2730 2901 (Matth.
2764 2846 2863 2896 xu,
2898 2829 3005 2901 40).

2004 2919 2239 2976 CAPUT
2272 2921 2359 2976 VI.
2392 2950 2461 2961 —
2493 2921 2578 2974 10.
2614 2919 2879 2989 Triduum
2915 2920 3355 2990 resurrectionis,
3389 2921 3450 2974 in
3474 2934 3578 2991 quo

1935 3011 2107 3065 etiam
2138 3014 2365 3081 apparet
2396 3012 2536 3065 ratio
2565 3010 2756 3079 simpli
2784 3010 2857 3065 ad
2883 3009 3131 3078 duplum.
3165 3011 3356 3081 Ipsum
3382 3015 3578 3064 autem

1932 3098 2194 3153 triduum
2222 3116 2335 3153 non
2358 3103 2544 3153 totum
2562 3098 2864 3170 etplenum
2885 3098 3084 3163 fuisse,
3101 3097 3580 3169 Scripturatestis

1934 3192 2023 3243 est
2046 3204 2057 3241 :
2085 3188 2185 3242 sed
2210 3188 2435 3259 primus
2457 3187 2580 3241 dies
2604 3204 2637 3243 a
2662 3191 2821 3258 parte
2843 3191 3101 3243 extrema
3122 3193 3277 3243 totus
3299 3203 3580 3243 annume-

1935 3281 2096 3331 ratus
2126 3283 2249 3343 est;
2284 3276 2408 3332 dies
2455 3292 2587 3332 vero
2619 3276 2827 3331 tertius
2858 3294 2890 3331 a
2923 3282 3081 3347 parte
3131 3277 3338 3348 prima,
3371 3281 3429 3330 et
3459 3276 3581 3346 ipse

1934 3369 2133 3433 totus;
2158 3365 2389 3420 medius
2412 3370 2605 3420 autem
2632 3364 2783 3420 inter
2804 3381 2926 3429 eos,
2947 3364 3001 3419 id
3024 3370 3131 3434 est,
3152 3364 3441 3420 secundus
3460 3364 3581 3418 dies

1936 3454 2201 3510 absolute
2232 3459 2389 3509 totus
2420 3454 2623 3526 viginti
2657 3460 2906 3525 quatuor
2927 3454 3086 3509 boris
3108 3454 3253 3523 suis,
3276 3452 3576 3509 duodecim

1936 3544 2238 3599 nocturnis
2262 3548 2319 3597 et
2341 3544 2649 3599 duodecim
2676 3542 2923 3599 diurnis.
2956 3542 3277 3599 Cruciﬁxus
3309 3546 3397 3598 est
3425 3540 3581 3597 enim

1937 3632 2125 3705 primo
2142 3632 2477 3687 Judaaorum
2504 3632 2743 3687 vocibus
2766 3630 2909 3687 hora
2927 3631 3115 3697 tertia,
3135 3647 3265 3687 cum
3285 3635 3439 3685 esset
3460 3630 3581 3685 dies

1937 3728 2102 3779 sexta
2133 3721 2384 3776 sabbati.
2417 3720 2633 3775 Deinde
2666 3721 2721 3774 in
2754 3720 2884 3791 ipsa
2928 3736 3099 3776 cruce
3140 3736 3465 3791 suspensus
3495 3724 3583 3776 est

1938 3810 2081 3866 hora
2103 3815 2283 3880 sexta,
2307 3813 2364 3865 et
2383 3808 2657 3881 spiritum
2680 3808 2921 3864 tradidit
2942 3809 3084 3863 bora
3108 3825 3261 3864 nona
3280 3810 3385 3882 (Id.
3406 3826 3581 3876 xxvu,

1937 3901 2153 3970 23-50).
2178 3898 2451 3971 Sepultus
2473 3903 2561 3953 est
2586 3903 2777 3953 autem
2796 3915 2921 3953 cum
2939 3900 3051 3966 iam
3067 3915 3182 3954 sero
3197 3902 3407 3969 factum
3425 3904 3583 3970 esset,

1938 3989 2089 4045 sicut
2111 4005 2239 4044 sese
2263 3988 2477 4043 habent
2498 3988 2673 4043 verba
2705 3987 2994 4059 Evangelii
3018 3988 3203 4057 (Marc.
3236 4006 3329 4053 xv,
3362 3989 3431 4042 42
3460 3989 3543 4056 46)
3569 4006 3582 4057 ;

1939 4078 2091 4150 quod
2120 4076 2484 4147 intelligitur,
2502 4077 2559 4132 in
2576 4077 2833 4132 ﬁnediei.
2854 4077 3303 4150 Undelibetergo
3318 4078 3583 4149 incipias,

1939 4168 2111 4223 etiam
2148 4167 2195 4223 si
2229 4165 2345 4221 alia
2374 4165 2519 4222 ratio
2554 4166 2713 4221 reddi
2759 4171 2969 4237 potest,
3020 4170 3316 4238 quomodo
3367 4184 3479 4222 non
3512 4166 3588 4221 sit

1940 4264 2141 4312 contra
2162 4254 2537 4331 Evangelium
2577 4255 2824 4311 Joannis
2866 4256 3042 4326 (Joan.
3067 4272 3183 4321 x1x,
3209 4256 3315 4326 14),
3351 4260 3415 4311 ut
3444 4255 3588 4311 hora

1940 4347 2112 4401 tertia
2133 4345 2289 4417 ligno
2312 4361 2637 4415 suspensus
2659 4343 3049 4417 intelligatur;
3066 4349 3254 4400 totum
3268 4345 3420 4400 diem
3433 4345 3453 4379 ⁸
3470 4345 3586 4417 pri-

1941 4452 2103 4490 mum
2131 4451 2243 4488 non
2270 4433 2732 4506 comprehendis.
2763 4434 2911 4505 Ergo
2931 4450 2964 4489 a
2981 4440 3142 4505 parte
3159 4439 3412 4490 extrema
3433 4439 3588 4489 totus

1942 4524 2399 4596 computabitur,
2423 4523 2575 4577 sicut
2595 4523 2802 4578 tertius
2826 4540 2859 4578 a
2880 4528 3040 4593 parte
3064 4524 3272 4595 prima.
3292 4528 3413 4579 Nox
3431 4523 3586 4579 enim

1942 4614 2209 4685 usquead
2227 4611 2925 4679 diluculum,quoDomini
2941 4613 3589 4668 resurrectiodeclarala

1940 4708 2047 4772 est,
2072 4703 2143 4757 ad
2168 4700 2401 4756 tertium
2427 4701 2579 4755 diem
2607 4701 2882 4772 pertinet:
2900 4701 3038 4772 quia
3056 4701 3211 4757 Deus
3232 4701 3331 4773 qui
3353 4701 3495 4756 dixit
3517 4702 3586 4757 de

1940 4792 2196 4847 tenebris
2240 4790 2423 4843 lucem
2450 4788 2768 4844 clarescere
2791 4789 2863 4862 (II
2889 4790 3009 4846 Cor.
3034 4806 3111 4857 ιν,
3134 4792 3213 4863 6),
3242 4796 3303 4845 ut
3327 4807 3424 4862 per
3454 4806 3585 4859 gra-

1938 4884 2080 4937 tiam
2094 4880 2231 4935 Novi
2248 4877 2604 4933 Testamenti
2622 4882 2675 4932 et
2692 4878 3194 4950 participationem
3213 4878 3587 4934 resurrectio-

1940 4971 2032 5025 nis
2055 4969 2263 5024 Christi
2288 4968 2651 5032 audiremus,
2666 4968 2866 5023 Fuistis
2880 4969 3022 5023 enim
3040 4969 3142 5039 alii,
3153 4967 3332 5023 uendo
3346 4964 3589 5025 tenebrae

1937 5076 2084 5115 nunc
2112 5068 2295 5114 autem
2317 5058 2418 5111 tua:
2440 5058 2496 5111 in
2522 5057 2747 5112 Domino
2770 5057 2984 5129 (Ephes.
3013 5075 3062 5125 v,
3087 5058 3141 5129 8)
3167 5074 3180 5123 ;
3207 5058 3465 5113 insinuat
3488 5074 3587 5112 no-

1940 5149 2029 5204 bis
2060 5147 2313 5218 quodam
2347 5146 2519 5199 modo
2541 5146 2693 5216 quod
2721 5163 2753 5200 a
2775 5154 2939 5201 nocte
2962 5147 3086 5201 dies
3108 5153 3306 5202 sumat
3325 5147 3584 5202 initium.

1940 5239 2102 5293 Sicut
2130 5236 2283 5291 enim
2322 5234 2494 5305 primi
2527 5235 2647 5289 dies
2681 5241 2917 5305 propter
2937 5237 3199 5290 futurum
3225 5236 3479 5290 hominis
3501 5236 3587 5290 la-

1940 5342 2111 5399 psum
2134 5342 2167 5379 a
2187 5323 2314 5378 luce
2339 5323 2395 5377 in
2416 5329 2642 5378 noctem
2672 5320 2822 5391 (Gen.
2851 5341 2888 5389 I,
2916 5324 2967 5393 4,
2990 5325 3085 5395 5);
3114 5324 3195 5379 ita
3226 5325 3318 5380 isti
3356 5332 3590 5398 propter

1939 5414 2195 5471 hominis
2209 5411 2635 5484 reparationem
2652 5427 2685 5467 a
2700 5412 2955 5468 tenebris
2968 5413 3039 5468 ad
3055 5412 3240 5470 lucem
3255 5419 3590 5486 computan-

1936 5512 2051 5560 tur.
2073 5504 2157 5559 Ab
2177 5502 2320 5557 bora
2336 5516 2470 5571 ergo
2491 5499 2696 5554 mortis
2718 5518 2906 5572 usque
2926 5502 2997 5557 ad
3030 5502 3358 5559 diluculum
3386 5521 3584 5561 resur-

2001 5623 2016 5656 ¹
2048 5618 2219 5668 Editio
2249 5617 2400 5673 Ven.,
2442 5614 2741 5678 computari.
2772 5617 2839 5666 M.

1937 5746 1972 5797 ἀ
1999 5683 2193 5797 illo“
2225 5680 2271 5727 si
2300 5680 2459 5728 totum
2490 5677 2642 5727 diem.
2667 5679 2843 5741 Abest,
2866 5682 2913 5728 si
2933 5682 2997 5731 ab
3022 5682 3137 5732 aliis
3159 5682 3380 5743 libris,et
3401 5684 3586 5735 abesse

1975 5760 2003 5797 s
2041 5759 2070 5795 θ
2100 5780 2111 5793 .
