4160 6470
467 347 588 408 895

472 481 743 540 rectionis
764 484 916 541 hora
937 491 1075 542 sunt
1099 490 1511 562 quadraginta,
1543 492 1795 546 utetiam
1820 491 1950 563 ipsa
1970 490 2116 546 hora

472 587 627 627 nona
646 582 1116 634 connumeretur.
1142 578 1243 633 Cui
1265 596 1507 636 numero
1525 581 1791 653 congruit
1806 581 1979 636 etiam
1998 579 2117 635 vita

470 663 598 733 ejus
611 680 676 717 su
687 669 1007 735 perterram
1024 674 1155 739 post
1166 671 1647 726 resurrectionem
1660 672 1716 726 in
1733 669 2118 742 quadraginta

473 751 697 809 diebus.
724 754 793 808 Et
815 760 903 810 est
924 755 1033 812 iste
1056 775 1339 816 numerus
1360 759 1943 832 frequentissimusin
1963 758 2114 815 Scri-

473 841 661 911 pturis
692 843 760 897 ad
793 842 1213 902 insinuandum
1259 849 1602 921 mysterium
1654 847 2021 921 pertectionis
2054 848 2113 902 in

473 930 872 1003 quadriparito
896 937 1114 990 mundo
1135 939 1174 989 ¹.
1202 936 1429 993 Habent
1451 939 1604 993 enim
1631 938 1946 1009 quamdam
1982 953 2115 1007 per-

474 1018 778 1075 fectionem
811 1022 1037 1091 decem,
1065 1029 1123 1078 et
1152 1040 1218 1079 ea
1252 1032 1457 1096 quater
1487 1025 1874 1094 multiplicata
1898 1025 2121 1079 faciunt

473 1109 877 1179 quadraginta.
912 1114 955 1165 A
983 1129 1219 1185 vespere
1252 1120 1444 1169 autem
1478 1113 1787 1185 sepulturas
1828 1130 2014 1185 usque
2046 1113 2118 1167 ad

474 1196 797 1253 diluculum
823 1203 1264 1257 resurrectionis
1285 1203 1522 1274 triginta
1543 1220 1641 1257 sex
1664 1203 1817 1257 horai
1840 1207 1997 1270 sunt,
2019 1206 2118 1274 qui

470 1291 558 1341 est
582 1288 902 1358 quadratus
923 1291 1211 1346 senarius.
1238 1292 1504 1346 Refertur
1529 1295 1721 1347 autem
1746 1292 1817 1346 ad
1842 1290 1999 1346 illam
2025 1309 2117 1347 ra-

469 1374 687 1430 tionem
712 1378 905 1449 simpli
932 1380 1001 1433 ad
1021 1378 1292 1450 duplum.
1313 1380 1409 1435 ubi
1430 1385 1517 1435 est
1533 1380 1919 1452 coaptationis
1939 1381 2118 1436 maxi-

469 1479 566 1519 ma
588 1466 989 1521 consonantia.
1022 1468 1331 1523 Duodecim
1361 1468 1517 1524 enim
1540 1469 1607 1522 ad
1642 1468 1841 1541 viginti
1866 1474 2119 1540 quatuor

466 1551 677 1624 simplo
699 1555 768 1608 ad
794 1554 1039 1626 duplum
1062 1557 1443 1621 conveniunt,
1466 1563 1523 1611 et
1544 1558 1691 1612 ﬁunt
1712 1558 1951 1629 triginta
1972 1575 2111 1615 sex:

465 1658 578 1697 nox
597 1647 717 1697 tota
738 1659 870 1697 cum
894 1644 987 1699 die
1008 1649 1127 1700 toto
1150 1650 1207 1701 et
1236 1651 1404 1701 nocte
1443 1650 1583 1711 tota,
1620 1662 1810 1717 neque
1859 1646 1966 1702 hoc
1989 1647 2115 1703 sine

464 1729 562 1786 illo
586 1739 947 1788 sacramento
969 1735 1125 1805 quod
1150 1752 1327 1807 supra
1352 1736 1683 1791 memoravi.
1710 1735 1836 1791 Non
1860 1737 2114 1792 absurde

466 1821 680 1891 quippe
709 1823 981 1892 spiritum
1015 1824 1127 1878 diei
1167 1840 1576 1896 comparamus
1604 1843 1615 1892 ;
1650 1842 1861 1895 corpus
1894 1830 2111 1892 autem,

468 1910 646 1966 nocti.
672 1910 1038 1967 Dominicum
1062 1913 1216 1967 enim
1240 1930 1450 1985 corpus
1474 1914 1530 1968 in
1559 1919 1742 1969 morte
1769 1932 1834 1970 ac
1856 1931 2110 1970 resurre-

473 1999 681 2061 ctione,
704 2000 981 2072 etspiritu
1008 2002 1187 2056 nostri
1218 2003 1488 2072 ﬁguram,
1518 2007 1575 2057 et
1599 2003 1857 2074 corporis
1877 2004 2113 2075 gerebat

469 2088 821 2160 exemplum.
848 2090 1029 2145 Etiam
1054 2090 1137 2145 sic
1160 2108 1293 2163 ergo
1319 2097 1556 2163 apparet
1598 2091 1698 2147 illa
1737 2093 1883 2147 ratio
1915 2092 2112 2165 simpli

468 2178 539 2231 ad
566 2178 810 2249 duplum
834 2179 892 2233 in
914 2178 1075 2235 horis
1096 2180 1336 2251 triginta
1358 2198 1477 2246 sex,
1497 2197 1629 2236 cum
1649 2182 1955 2237 duodecim
1976 2199 2111 2238 con-

468 2266 733 2323 feruntur
752 2268 823 2322 ad
846 2268 1046 2341 viginti
1065 2270 1405 2341 quatuor.Et
1427 2269 1634 2325 horum
1650 2271 1884 2342 quidem
1907 2287 2109 2326 nume-

468 2372 665 2410 rorum
685 2372 913 2422 causas,
935 2374 1038 2412 cur
1054 2357 1110 2411 in
1136 2358 1453 2431 Scripturis
1491 2361 1709 2415 sanctis
1730 2359 1902 2431 positi
1936 2359 2109 2427 sint“,

469 2449 658 2516 potest
682 2444 829 2501 alius
852 2445 995 2501 alias
1018 2446 1312 2518 indagare,
1339 2448 1422 2502 vel
1460 2448 1672 2521 quibus
1693 2448 1819 2505 istae
1841 2467 1984 2520 quas
2005 2467 2111 2523 ego

469 2533 716 2599 reddidi,
743 2537 1139 2606 praeponendae
1164 2537 1302 2607 sint,
1326 2536 1411 2593 vel
1448 2555 1609 2609 eaque
1649 2538 1999 2611 probabiles,
2022 2539 2111 2595 vel

470 2620 600 2677 istis
622 2623 796 2678 etiam
824 2624 1239 2695 probabiliores
1263 2643 1279 2680 :
1305 2626 1520 2682 frustra
1544 2632 1738 2683 tamen
1763 2645 1861 2684 eos
1893 2645 2020 2685 esse
2051 2630 2110 2685 in

470 2711 695 2784 Scriptu
705 2712 786 2767 ris
805 2713 1044 2785 positos,
1064 2720 1120 2769 et
1137 2714 1328 2771 nullas
1346 2732 1555 2773 causas
1573 2734 1700 2774 esse
1719 2720 1992 2791 mysticae
2009 2736 2113 2774 cur

470 2800 587 2855 illic
611 2801 704 2856 isti
730 2803 958 2857 numeri
984 2811 1535 2870 commemorentur,
1561 2824 1730 2863 nemo
1752 2813 1870 2862 tam
1891 2808 2110 2863 stultus

470 2890 819 2962 ineptusque
842 2894 1222 2949 contenderit.
1247 2895 1362 2967 Ego
1382 2901 1574 2951 autem
1593 2914 1736 2968 quas
1754 2897 2000 2964 reddidi,
2021 2897 2110 2952 vel

471 2996 539 3035 ex
564 2979 827 3035 Ecclesia;
845 2982 1191 3038 auctoritate
1209 3000 1241 3037 a
1259 2986 1583 3054 majoribus
1610 2987 1855 3041 traditas
1869 2989 1909 3053 ³,
1936 2987 2021 3041 vel
2045 3002 2113 3042 ex

472 3068 797 3124 divinarum
832 3071 1166 3127 testimonio
1198 3074 1649 3145 Scripturarum,
1680 3076 1765 3130 vel
1797 3092 1863 3131 ex
1891 3076 2112 3132 ratione

474 3174 851 3214 numerorum
875 3160 1450 3235 similitudinumque
1466 3163 1690 3236 collegi.
1713 3166 1925 3221 Contra
1947 3166 2113 3221 ratio-

475 3263 608 3302 nem
641 3264 810 3304 nemo
841 3249 1093 3317 sobrius,
1128 3258 1328 3306 contra
1358 3254 1686 3324 Scripturas
1731 3272 1898 3310 nemo
1929 3256 2111 3311 chris-

479 3336 697 3400 tianus.
732 3343 933 3394 contra
963 3339 1277 3396 Ecclesiam
1314 3358 1482 3398 nemo
1533 3344 1812 3414 pacificus
1844 3345 2110 3401 senserit.

546 3426 776 3483 CAPUT
799 3429 917 3485 VII.
950 3461 1020 3469 —
1052 3431 1133 3484 11.
1162 3431 1431 3499 Quomodo
1451 3448 1550 3504 per
1568 3449 1739 3488 unum
1760 3434 2115 3491 Mediatorem

471 3532 544 3571 ea:
561 3518 753 3572 multis
771 3519 1103 3588 colligamur
1118 3520 1173 3574 in
1194 3537 1384 3575 unum.
1407 3521 1522 3576 Hoc
1538 3527 1992 3593 sacramentum,
2010 3525 2115 3579 hoc

474 3606 849 3672 sacriﬁcium,
874 3607 968 3661 hic
989 3610 1280 3675 sacerdos,
1326 3610 1421 3665 hic
1449 3617 1615 3681 Deus,
1640 3620 1949 3685 antequam
1976 3615 2113 3669 mis-

477 3711 579 3750 sus
598 3695 837 3761 veniret,
862 3696 1053 3751 factus
1075 3715 1141 3753 ex
1165 3698 1399 3768 femina,
1424 3702 1621 3755 omnia
1643 3719 1769 3772 qua:
1792 3708 2014 3758 sacrate
2033 3711 2116 3758 at-

479 3798 593 3855 que
614 3785 848 3855 mystice
872 3787 1135 3856 patribus
1158 3790 1374 3844 nostris
1412 3806 1512 3861 per
1552 3791 1812 3862 angelica
1835 3792 2119 3848 miracula

478 3880 893 3945 apparuerunt,
918 3875 1036 3930 sive
1058 3893 1182 3947 quae
1207 3880 1480 3950 peripsos
1498 3878 1644 3933 facta
1663 3897 1728 3934 su
1740 3886 1822 3949 nt,
1841 3882 2118 3936 similitu-

480 3962 648 4017 dines
662 3963 838 4034 hujus
852 3965 1101 4035 t’uerunt,
1116 3971 1180 4020 ut
1192 3967 1384 4022 omnis
1397 3973 1662 4024 creatura
1676 3969 1842 4025 factis
1860 3972 2115 4042 quodam

482 4054 654 4109 modo
678 4052 1013 4125 loqueretur
1046 4072 1228 4111 unum
1267 4057 1526 4111 futurum
1568 4056 1626 4111 in
1650 4074 1763 4130 quo
1784 4064 1937 4115 esset
1960 4059 2119 4116 salus

482 4142 886 4198 universorum
916 4160 949 4198 a
978 4150 1163 4199 morte
1191 4146 1669 4216 reparandorum.
1704 4147 1848 4213 Quia
1868 4149 2021 4203 enim
2046 4149 2119 4203 ab

478 4248 593 4287 uno
620 4249 755 4287 vero
787 4233 900 4287 Deo
932 4238 990 4287 et
1018 4250 1250 4289 summo
1282 4251 1383 4306 per
1412 4233 1730 4305 impietatis
1751 4236 2115 4308 iniquitatem

477 4321 800 4377 resilientes
813 4324 1245 4378 etdissonantes
1263 4324 1708 4392 defluxeramus,
1729 4332 1783 4381 et
1805 4344 2118 4382 evanuera-

479 4426 614 4464 mus
646 4410 705 4464 in
739 4411 943 4480 multa,
980 4412 1209 4467 discissi
1243 4428 1345 4485 per
1372 4414 1558 4470 multa
1594 4420 1651 4470 et
1684 4415 2027 4471 inhzerentes
2059 4416 2117 4471 in

478 4498 1025 4571 multiszoportebat
1047 4506 1191 4555 nutu
1217 4507 1271 4556 et
1295 4502 1537 4574 imperio
1565 4504 1655 4557 Dei
1682 4505 2035 4570 miserantis,
2055 4510 2120 4559 ut

480 4590 610 4660 ipsa
624 4604 676 4642 m
689 4588 809 4644 ulta
820 4594 1128 4645 venturum
1143 4591 1573 4648 conclamarent
1586 4610 1765 4649 unum
1778 4599 1853 4662 ;et
1867 4612 1899 4649 a
1912 4612 1965 4649 m
1978 4594 2119 4649 ultis

479 4676 876 4734 Conclamatus
906 4679 1127 4735 veniret
1158 4698 1331 4751 unus,
1364 4686 1421 4736 et
1451 4681 1637 4736 multa
1657 4688 2122 4739 contestarentur

479 4769 710 4824 venisse
741 4785 956 4834 unum;
989 4774 1045 4824 et
1075 4787 1108 4824 a
1139 4770 1339 4825 multis
1369 4770 1659 4827 exonerati
1695 4772 2025 4828 veniremus
2046 4773 2118 4828 ad

478 4874 685 4924 unum,
708 4862 763 4912 et
780 4858 981 4913 multis
1000 4862 1249 4929 peccatis
1269 4860 1327 4913 in
1346 4860 1542 4915 anima
1560 4862 1795 4925 mortui,
1815 4868 1871 4916 et
1887 4867 2121 4932 propter

479 4953 778 5019 peccatum
805 4948 862 5002 in
887 4963 1059 5003 carne
1077 4948 1366 5019 morituri,
1391 4965 1723 5003 amaremus
1740 4949 1866 5004 sine
1885 4955 2118 5022 peccato

480 5041 775 5092 mortuum
797 5036 852 5091 in
873 5053 1044 5092 carne
1057 5054 1157 5108 pro
1174 5037 1340 5092 nobis
1353 5037 1689 5105 unum;etin
1705 5041 2117 5096 resuscitatum

479 5126 798 5192 credentes,
823 5130 879 5183 et
899 5142 1031 5181 cum
1056 5126 1153 5182 illo
1180 5144 1283 5199 per
1302 5126 1474 5181 ﬁdem
1495 5126 1705 5198 spiritu
1724 5135 2115 5201 resurgentes,

471 5216 934 5288 justiticaremur
961 5215 1019 5271 in
1050 5232 1165 5270 uno
1189 5216 1352 5286 justo
1384 5215 1515 5271 facti
1538 5232 1721 5271 unum
1744 5232 1758 5271 :
1785 5234 1889 5272 nec
1911 5218 1967 5272 in
1991 5218 2119 5290 ipsa

480 5321 651 5361 carne
682 5321 787 5361 nos
808 5309 1237 5361 resurrecturos
1269 5304 1729 5375 desperaremus,
1765 5322 1899 5363 cum
1931 5308 2117 5363 multa

479 5393 742 5448 membra
764 5394 1126 5448 intueremur
1146 5394 1510 5464 praecessisse
1524 5400 2007 5467 noscaputunum
2024 5414 2037 5464 ;
2053 5396 2111 5451 in

480 5499 593 5554 quo
625 5499 779 5537 nunc
810 5499 911 5553 per
941 5482 1110 5536 ﬁdem
1145 5483 1431 5550 mundati,
1465 5488 1516 5539 et
1550 5488 1690 5540 tunc
1729 5502 1831 5557 per
1859 5486 2114 5557 speciem

480 5572 874 5642 redintegrati,
895 5575 951 5625 et
974 5587 1074 5642 per
1093 5571 1462 5628 Mediatorem
1485 5572 1600 5629 Deo
1623 5574 1980 5630 reconciliati
2003 5574 2117 5630 bte-

545 5690 561 5724 ¹
596 5686 811 5742 Editi,in
840 5686 1219 5749 quadripartito
1254 5687 1419 5737 modo.
1453 5689 1720 5739 Mendose.

545 5752 566 5787 ³
596 5750 681 5801 Sic
709 5750 831 5814 Mss,
850 5749 929 5814 ίΑι
962 5750 1111 5814 editi,
1139 5750 1318 5814 posita
1344 5752 1465 5801 sint.

544 5814 566 5850 ³
599 5813 785 5866 Plurel
814 5813 957 5874 Mem,
991 5812 1205 5864 tradita.

1584 357 1686 418 DE
1730 357 2178 431 TltINlTATE,
2222 354 2288 416 S.
2332 354 2760 418 AUGUSTINI

3754 356 3881 419 896

2222 504 2456 545 reamus
2506 489 2626 559 uni,
2680 489 2944 545 fruamur
2992 506 3130 558 uno,
3165 505 3615 562 permaneamus
3663 507 3874 547 unum.

2295 578 2526 634 CAPUT
2559 578 2702 634 VIII.
2728 610 2797 620 —-
2820 580 2903 634 12.
2952 579 3220 648 Quomodo
3258 579 3507 635 Christus
3542 580 3663 635 vult
3692 596 3880 636 omnes

2224 668 2282 722 in
2309 684 2365 723 se
2393 685 2563 724 unum
2591 684 2717 725 esse.
2753 668 2845 722 Sic
2877 669 2999 740 ipse
3031 668 3213 724 Filius
3245 668 3367 739 Dei,
3393 671 3648 725 Verbum
3677 670 3797 733 Dei,
3824 673 3883 723 et

2224 756 2376 812 idem
2400 757 2524 829 ipse
2548 758 2830 813 mediator
2850 758 2947 813 Dei
2980 762 3037 813 et
3065 757 3367 829 hominum
3405 758 3585 813 Filius
3618 757 3882 813 hominis

2224 845 2269 916 (Ι
2304 848 2436 901 Tim.
2464 864 2524 915 ιι,
2546 848 2623 914 5),
2645 846 2881 918 aequalis
2906 847 3056 901 Patri
3083 864 3184 918 per
3202 847 3530 902 divinitatis
3563 847 3879 913 unitatem,

2225 939 2281 987 et
2304 935 2594 1006 particeps
2618 938 2844 989 noster1
2870 952 2971 1006 per
3002 935 3387 990 humanitatis
3414 936 3878 1007 susceptionem,

2230 1021 2455 1078 Patrem
2480 1023 2857 1094 interpellans
2881 1040 2982 1094 pro
3001 1024 3168 1079 nobis
3190 1040 3291 1095 per
3312 1024 3368 1078 id
3387 1025 3537 1095 quod
3558 1024 3735 1078 homo
3755 1029 3885 1078 erat

2226 1111 2400 1181 (Rom.
2434 1129 2552 1181 VIII,
2584 1112 2696 1183 34),
2730 1128 2832 1167 nec
2864 1118 3058 1167 tamen
3106 1116 3306 1167 tacens
3353 1113 3509 1185 quod
3554 1112 3710 1167 Deus
3744 1129 3881 1167 cum

2228 1200 2390 1257 Patre
2416 1218 2597 1255 unum
2622 1206 2766 1271 erat,
2794 1201 2943 1256 inter
2964 1206 3168 1257 caetera
3190 1203 3272 1255 ita
3303 1200 3598 1272 loquitur:
3629 1203 3742 1258 Non
3776 1216 3882 1273 pro

2224 1289 2310 1343 his
2340 1298 2523 1345 autem
2550 1306 2698 1359 rogo,
2723 1290 2935 1361 inquit,
2964 1294 3199 1357 tantum,
3223 1290 3315 1345 sed
3335 1298 3385 1345 et
3408 1308 3509 1363 pro
3531 1294 3610 1345 eis
3641 1292 3738 1363 qui
3756 1306 3881 1346 cre-

2223 1378 2398 1434 dituri
2425 1388 2552 1434 sunt
2577 1396 2677 1448 per
2706 1380 2924 1435 verbum
2956 1396 3149 1436 eorum
3178 1383 3235 1435 in
3266 1396 3388 1435 me:
3412 1384 3473 1435 ut
3494 1396 3679 1436 omnes
3702 1396 3884 1434 unum

2222 1470 2355 1536 sint,
2377 1469 2520 1524 sicut
2550 1472 2610 1523 tu
2641 1470 2802 1524 Pater
2829 1471 2887 1523 in
2908 1485 3016 1533 me,
3039 1474 3093 1525 et
3113 1485 3208 1539 ego
3232 1472 3288 1524 in
3316 1478 3385 1532 te,
3407 1478 3467 1525 ut
3488 1477 3539 1524 et
3561 1471 3673 1541 ipsi
3695 1471 3756 1524 in
3778 1485 3881 1524 no-

2224 1557 2305 1612 bis
2328 1574 2501 1612 unum
2521 1560 2667 1621 sint;
2698 1567 2758 1613 ut
2786 1558 3021 1613 mundus
3049 1560 3254 1621 credat,
3286 1561 3415 1630 quia
3447 1568 3503 1614 tu
3531 1576 3619 1613 me
3646 1560 3878 1613 misisti.

2221 1647 2286 1700 Et
2315 1663 2412 1715 ego
2442 1649 2750 1703 claritatem
2777 1664 2942 1719 quam
2974 1649 3186 1704 dedisti
3214 1650 3373 1715 mihi,
3406 1648 3532 1704 dedi
3558 1650 3656 1719 eis,
3690 1656 3751 1703 ut
3768 1650 3883 1701 sint

2221 1752 2417 1799 unum,
2449 1738 2587 1791 sicut
2618 1742 2667 1791 et
2697 1754 2793 1791 nos
2830 1754 2999 1791 unum
3046 1754 3230 1793 sumus
3276 1739 3452 1809 (Joan.
3486 1755 3621 1805 xvn,
3653 1738 3877 1806 20-22).

2292 1824 2519 1879 CAPUT
2576 1824 2663 1879 IX.
2725 1856 2791 1866 -—-—
2852 1826 3113 1897 Sequitur
3165 1826 3230 1881 de
3286 1826 3469 1883 eodem
3526 1835 3878 1896 argumento.

2224 1911 2347 1967 Non
2383 1912 2547 1981 dixit,
2581 1930 2688 1985 ego
2719 1914 2906 1985 etipsi
2941 1931 3121 1969 unum
3150 1931 3163 1982 ;
3199 1915 3467 1987 quamvis
3499 1932 3599 1987 per
3626 1913 3680 1968 id
3718 1916 3878 1985 quod

2224 2001 2491 2057 Ecclesiae
2522 2007 2696 2075 caput
2726 2008 2813 2057 est
2843 2008 2899 2057 et
2933 2020 3145 2075 corpus
3190 2007 3318 2071 eius
3368 2003 3624 2059 Ecclesia
3653 2005 3876 2074 (Ephcs.

2222 2108 2260 2157 ι,
2292 2092 2379 2153 22,
2414 2092 2526 2162 23),
2556 2096 2753 2163 posset
2794 2092 3003 2157 dicere,
3056 2093 3170 2165 Ego
3220 2097 3277 2147 et
3326 2092 3460 2165 ipsi,
3513 2108 3623 2148 non
3659 2110 3870 2161 unum,

2220 2180 2321 2235 sed
2358 2198 2533 2244 unus,
2566 2180 2703 2253 quia
2732 2187 2908 2253 caput
2938 2187 2994 2237 et
3023 2198 3236 2254 corpus
3268 2199 3421 2237 unus
3451 2186 3540 2237 est
3560 2181 3869 2238 Christus:

2221 2270 2321 2323 sed
2356 2269 2716 2325 divinitatem
2763 2288 2929 2325 suam
2980 2270 3546 2327 consubstantialem
3582 2271 3737 2327 Patri
3776 2289 3871 2326 os-

2219 2358 2503 2412 tendens’
2532 2359 2794 2429 (propter
2851 2360 3006 2430 quod
3064 2364 3121 2414 et
3169 2359 3282 2415 alio
3338 2358 3463 2415 loco
3494 2359 3656 2430 dicit,
3688 2359 3794 2431 Ego
3824 2362 3877 2414 et

2225 2450 2391 2502 Pater
2418 2463 2592 2501 unum
2624 2464 2813 2502 sumus
2857 2447 3035 2520 [Ιοαη.
3089 2466 3145 2517 x,
3203 2450 3340 2520 30]),
3392 2449 3450 2503 in
3502 2465 3608 2504 suo
3639 2465 3873 2521 genere,

2220 2536 2327 2590 hoc
2355 2542 2443 2590 est
2473 2536 2532 2590 in
2565 2536 2828 2606 ejusdem
2865 2541 3082 2592 naturae
3135 2537 3624 2593 consubstantiali
3674 2537 3876 2609 parili-

2219 2629 2355 2692 tate,
2390 2624 2511 2680 vult
2542 2643 2670 2680 esse
2700 2643 2839 2682 suos
2870 2644 3073 2695 unum,
3108 2628 3210 2681 sed
3253 2627 3312 2681 in
3345 2627 3473 2699 ipso
3503 2644 3516 2695 ;
3548 2628 3684 2698 quia
3715 2627 3778 2682 in
3811 2644 3876 2682 se

2218 2714 2362 2788 ipsis
2394 2732 2507 2770 non
2541 2720 2794 2785 possent,
2827 2715 3122 2772 dissociati
3156 2718 3228 2771 ab
3259 2715 3509 2772 invicem
3556 2733 3657 2787 per
3682 2715 3871 2771 diver-

2218 2821 2314 2861 sas
2332 2804 2690 2876 voluptates3
2713 2810 2767 2858 et
2790 2805 3139 2877 cupiditates
3159 2811 3213 2859 et
3237 2805 3647 2861 immunditias
3671 2822 3875 2877 pecca-

2216 2898 2411 2948 torum
2438 2910 2451 2948 :
2478 2894 2631 2948 unde
2657 2894 3017 2949 mundantur
3038 2911 3139 2965 per
3160 2894 3561 2959 Mediatorem,
3583 2899 3647 2949 ut
3667 2894 3787 2949 sint
3810 2895 3869 2949 in

2218 2981 2317 3037 illo
2348 2999 2568 3047 unum;
2603 2999 2713 3037 non
2748 2987 2977 3038 tantum
3013 3000 3115 3055 per
3153 2984 3418 3038 eamdem
3448 2988 3719 3039 naturam
3753 3000 3870 3055 qua

2219 3088 2421 3127 omnes
2452 3088 2519 3126 ex
2550 3071 2922 3127 hominibus"
2965 3070 3309 3127 mortalibus
3342 3071 3594 3143 aequales
3628 3070 3869 3141 Angelis

2222 3159 2388 3225 ﬁunt,
2414 3161 2513 3215 sed
2534 3160 2708 3215 etiam
2744 3177 2845 3231 per
2874 3162 3136 3216 eamdem
3170 3161 3227 3215 in
3259 3161 3523 3216 eamdem
3558 3160 3870 3216 beatitudi-

2219 3265 2353 3304 nem
2376 3250 2806 3321 conspirantem
2830 3249 3346 3305 concordissimam
3369 3249 3727 3305 voluntatem
3744 3250 3784 3317 ⁵,
3809 3250 3870 3304 in

2222 3355 2404 3394 unum
2423 3339 2693 3409 spiritum
2721 3340 2973 3411 quodam
2993 3340 3165 3395 modo
3186 3340 3316 3412 igne
3333 3338 3635 3395 charitatis
3652 3338 3871 3394 conﬂa-

2221 3429 2394 3483 tam“.
2420 3430 2505 3483 Ad
2532 3429 2637 3482 hoc
2659 3428 2811 3483 enim
2837 3427 2986 3482 valet
3005 3428 3158 3500 quod
3181 3428 3282 3494 ait,
3311 3429 3372 3485 Ut
3390 3430 3501 3483 sint
3534 3444 3728 3490 unum,
3760 3429 3873 3482 sic-

2223 3521 2283 3571 ut
2307 3520 2359 3570 et
2388 3533 2483 3573 nos
2514 3534 2686 3572 unum
2716 3534 2944 3572 sumus:
2977 3521 3041 3571 ut
3088 3517 3583 3586 quemadmodum
3617 3518 3788 3571 Pater
3816 3520 3874 3571 et

2226 3605 2425 3669 Filius,
2450 3623 2561 3660 non
2588 3610 2814 3661 tantum
2838 3605 3166 3678 aequalitate
3187 3605 3549 3673 substantiae,
3572 3606 3670 3659 sed
3692 3606 3869 3660 etiam

2224 3695 2519 3752 voluntate
2552 3712 2734 3750 unum
2767 3703 2943 3761 sunt;
2978 3695 3054 3750 ita
3081 3700 3136 3750 et
3168 3695 3204 3748 ii
3238 3695 3389 3749 inter
3418 3711 3566 3765 quos
3599 3699 3655 3749 et
3689 3700 3869 3749 Deum

2228 3787 2511 3840 mediator
2530 3791 2617 3839 est
2643 3784 2842 3850 Filius,
2870 3800 2982 3839 non
3006 3788 3233 3838 tantum
3252 3784 3413 3854 per’id
3432 3784 3583 3855 quod
3600 3785 3869 3854 ejusdem

2228 3878 2619 3943 naturaesunt,
2643 3874 2741 3929 sed
2766 3874 2938 3928 etiam
2958 3874 3329 3945 pereamdem
3348 3872 3675 3928 dilectionis
3688 3874 3869 3928 socie-

2227 3969 2402 4020 tatem
2440 3980 2623 4017 unum
2656 3962 2790 4017 sint.
2826 3962 3043 4017 Deinde
3076 3961 3333 4034 idipsum
3384 3961 3535 4033 quod
3588 3961 3873 4016 Mediator

2228 4059 2339 4119 est,
2375 4070 2475 4124 per
2505 4068 2678 4124 quem
2712 4050 3158 4107 reconciliamur
3191 4052 3323 4117 Deo,
3357 4054 3441 4107 sic
3472 4050 3712 4116 indicat,
3735 4054 3871 4120 Ego,

2227 4143 2433 4211 inquit.
2469 4145 2527 4197 in
2555 4143 2654 4209 eis,
2684 4146 2736 4196 et
2785 4150 2843 4197 tu
2889 4143 2945 4196 in
2991 4157 3098 4208 me,
3156 4144 3217 4196 ut
3261 4142 3373 4196 sint
3412 4143 3783 4197 consummati
3814 4143 3870 4196 in

2229 4250 2402 4288 unum
2430 4233 2528 4298 (Id.
2562 4249 2695 4300 xvu,
2726 4232 2837 4299 23).

2300 4323 2530 4379 CAPUT
2560 4323 2623 4377 X.
2656 4352 2722 4362 -—-
2758 4322 2843 4376 t3.
2882 4321 2943 4378 Ut
2987 4319 3236 4385 Christus
3290 4321 3561 4376 mediator
3609 4321 3754 4387 vitae,
3790 4323 3871 4376 ita

2229 4412 2485 4469 diabolus
2517 4411 2784 4465 mediator
2812 4411 3023 4465 mortis.
3059 4408 3187 4464 Haec
3216 4414 3307 4464 est
3338 4425 3469 4464 vera
3499 4424 3629 4481 pax,
3661 4416 3717 4465 et
3738 4426 3871 4464 cum

2230 4504 2495 4556 Creatore
2526 4506 2722 4555 nostro
2757 4498 2925 4553 nobis
2958 4498 3126 4553 firma
3178 4498 3475 4564 connexio,
3523 4498 3789 4571 purgatis
3818 4503 3877 4554 et

2229 4590 2619 4646 reconciliatis
2651 4604 2752 4660 per
2781 4588 3155 4643 Mediatorem
3201 4587 3348 4658 vitm,
3398 4586 3552 4643 sicut
3595 4586 3873 4643 maculati

2228 4685 2285 4736 et
2313 4678 2547 4735 alienati
2591 4678 2663 4734 ab
2719 4694 2785 4733 eo
2848 4692 3278 4732 recesseramus
3330 4692 3433 4747 per
3491 4676 3872 4732 mediatorem

2230 4769 2453 4825 mortis.
2486 4769 2645 4822 b‘icut
2688 4766 2843 4822 enim
2895 4765 3162 4821 diabolus
3220 4766 3511 4836 superbus
3570 4764 3875 4820 hominem

2227 4858 2657 4930 superbientem
2705 4856 2975 4928 perduxit
3028 4855 3097 4909 ad
3158 4859 3445 4919 mortem;
3480 4855 3555 4908 ita
3605 4854 3875 4911 Christus

2227 4946 2470 5003 humilis
2500 4946 2797 5000 hominem
2846 4944 3209 4999 obedientem
3268 4943 3502 4999 reduxit
3546 4943 3617 4997 ad
3651 4943 3871 5003 vitam:

2225 5035 2362 5108 quia
2374 5036 2527 5091 sicut
2543 5033 2637 5088 ille
2651 5032 2839 5089 elatus
2856 5031 3872 5103 cecidit,etdejecitconsentientem:

2226 5124 2309 5183 sic
2324 5123 3144 5188 istehumiliatussurrexit,et
3164 5120 3713 5177 erexitcredentem.
3728 5122 3877 5186 Quia

2226 5215 2381 5272 enim
2414 5230 2529 5269 non
2560 5219 2901 5284 perverenat
2930 5209 3199 5267 diabolus
3230 5226 3347 5282 quo
3376 5208 3502 5283 ipse
3524 5210 3878 5283 perduxerat

2289 5380 2307 5412 ί
2326 5376 2430 5449 -S_ic
2466 5378 2583 5426 Am.
2618 5380 2671 5424 et
2696 5373 2945 5437 plerique
2980 5373 3104 5423 Mss.
3138 5373 3220 5423 At.
3245 5372 3331 5421 Er.
3362 5376 3415 5422 et
3443 5372 3592 5431 Lov.,
3615 5372 3879 5437 particeps

2226 5443 2499 5558 ηοῗίὲἁίιί,
2531 5497 2795 5554 osendem,
2829 5496 2923 5546 hoc
2948 5497 3041 5547 ait.
3078 5497 3255 5555 Abest,
3286 5496 3378 5545 hoc
3400 5497 3492 5554 ait,
3530 5510 3561 5546 a
3595 5497 3720 5546 Mss.

2290 5565 2311 5600 ³
2341 5563 2519 5612 Plures
2548 5564 2689 5614 Mss..
2730 5559 3030 5609 voluntates.

2290 5628 2311 5662 ι
2345 5625 2497 5681 Editi,
2527 5624 2754 5672 homines
2782 5636 2845 5671 ex
2874 5620 3178 5671 hominibus.
3222 5621 3400 5670 Minus
3429 5620 3587 5671 bene.

2290 5689 2310 5724 ⁸
2342 5688 2425 5737 Sic
2448 5689 2570 5736 Mss.
2590 5686 2726 5735 Editi
2750 5689 2948 5741 autem,
2966 5699 3061 5748 per
3079 5683 3309 5733 eamdem
3333 5684 3638 5748 charitatem
3659 5684 3715 5748 in
3739 5699 3875 5733 eam-

2230 5751 2345 5802 dem
2376 5750 2738 5798 beatitudinem
2768 5745 3115 5806 conspirantes
3157 5746 3553 5798 concordissima
3591 5745 3871 5798 voluntate.

2291 5814 2314 5850 ⁸
2340 5811 2567 5873 Quidam
2593 5810 2739 5872 κει,
2768 5809 2997 5876 conﬂati.
