  <div class='ocr_page' id='page_1' title='image "/cluster/home/n/w/nwhite01/storage/ocr_20150623/42/umn.31951d02850084t/452.png"; bbox 0 0 4160 6458; ppageno 0'>
   <div class='ocr_carea' id='block_1_1' title="bbox 308 418 422 480">
    <p class='ocr_par' dir='ltr' id='par_1_1' title="bbox 308 418 422 480">
     <span class='ocr_line' id='line_1_1' title="bbox 308 418 422 480; baseline 0.018 -2"><span class='ocrx_word' id='word_1_1' title='bbox 308 418 422 480; x_wconf 80' lang='lat'>897</span> 
     </span>
    </p>
   </div>
   <div class='ocr_carea' id='block_1_2' title="bbox 308 548 1956 623">
    <p class='ocr_par' dir='ltr' id='par_1_2' title="bbox 308 548 1956 623">
     <span class='ocr_line' id='line_1_2' title="bbox 308 548 1956 623; baseline -0.002 -16"><span class='ocrx_word' id='word_1_2' title='bbox 308 554 583 623; x_wconf 88' lang='lat' dir='ltr'>(mortem</span> <span class='ocrx_word' id='word_1_3' title='bbox 618 549 833 623; x_wconf 84' lang='lat' dir='ltr'>quippe</span> <span class='ocrx_word' id='word_1_4' title='bbox 857 548 1100 622; x_wconf 79' lang='lat' dir='ltr'>spiritus</span> <span class='ocrx_word' id='word_1_5' title='bbox 1131 548 1187 603; x_wconf 93' lang='lat' dir='ltr'>in</span> <span class='ocrx_word' id='word_1_6' title='bbox 1224 548 1519 622; x_wconf 78' lang='lat' dir='ltr'>impietate</span> <span class='ocrx_word' id='word_1_7' title='bbox 1539 552 1821 622; x_wconf 82' lang='lat' dir='ltr'>gestabat,</span> <span class='ocrx_word' id='word_1_8' title='bbox 1857 551 1956 604; x_wconf 88' lang='lat' dir='ltr'>sed</span> 
     </span>
    </p>
   </div>
   <div class='ocr_carea' id='block_1_3' title="bbox 311 639 1953 711">
    <p class='ocr_par' dir='ltr' id='par_1_3' title="bbox 311 639 1953 711">
     <span class='ocr_line' id='line_1_3' title="bbox 311 639 1953 711; baseline -0.001 -16"><span class='ocrx_word' id='word_1_9' title='bbox 311 646 558 697; x_wconf 84' lang='lat' dir='ltr'>mortem</span> <span class='ocrx_word' id='word_1_10' title='bbox 590 640 786 695; x_wconf 89' lang='lat' dir='ltr'>carnis</span> <span class='ocrx_word' id='word_1_11' title='bbox 816 656 928 694; x_wconf 94' lang='lat' dir='ltr'>non</span> <span class='ocrx_word' id='word_1_12' title='bbox 950 639 1228 709; x_wconf 79' lang='lat' dir='ltr'>subierat,</span> <span class='ocrx_word' id='word_1_13' title='bbox 1262 639 1521 711; x_wconf 87' lang='lat' dir='ltr'>quianec</span> <span class='ocrx_word' id='word_1_14' title='bbox 1547 641 1953 695; x_wconf 79' lang='lat' dir='ltr'>indumentum</span> 
     </span>
    </p>
   </div>
   <div class='ocr_carea' id='block_1_4' title="bbox 309 728 1958 802">
    <p class='ocr_par' dir='ltr' id='par_1_4' title="bbox 309 728 1958 802">
     <span class='ocr_line' id='line_1_4' title="bbox 309 728 1958 802; baseline -0.002 -16"><span class='ocrx_word' id='word_1_15' title='bbox 309 734 691 802; x_wconf 78' lang='lat' dir='ltr'>susceperat),</span> <span class='ocrx_word' id='word_1_16' title='bbox 728 746 975 801; x_wconf 87' lang='lat' dir='ltr'>magnus</span> <span class='ocrx_word' id='word_1_17' title='bbox 1008 728 1227 783; x_wconf 85' lang='lat' dir='ltr'>homini</span> <span class='ocrx_word' id='word_1_18' title='bbox 1264 728 1567 783; x_wconf 82' lang='lat' dir='ltr'>videbatur</span> <span class='ocrx_word' id='word_1_19' title='bbox 1598 730 1869 801; x_wconf 82' lang='lat' dir='ltr'>princeps</span> <span class='ocrx_word' id='word_1_20' title='bbox 1901 729 1958 783; x_wconf 90' lang='lat' dir='ltr'>in</span> 
     </span>
    </p>
   </div>
   <div class='ocr_carea' id='block_1_5' title="bbox 309 817 1959 892">
    <p class='ocr_par' dir='ltr' id='par_1_5' title="bbox 309 817 1959 892">
     <span class='ocr_line' id='line_1_5' title="bbox 309 817 1959 892; baseline -0.002 -18"><span class='ocrx_word' id='word_1_21' title='bbox 309 818 640 892; x_wconf 79' lang='lat' dir='ltr'>legionibus</span> <span class='ocrx_word' id='word_1_22' title='bbox 674 819 1027 883; x_wconf 68' lang='lat' dir='ltr'>daemonum,</span> <span class='ocrx_word' id='word_1_23' title='bbox 1051 834 1309 889; x_wconf 85' lang='lat' dir='ltr'>perquos</span> <span class='ocrx_word' id='word_1_24' title='bbox 1325 817 1681 872; x_wconf 77' lang='lat' dir='ltr'>fallaciarum</span> <span class='ocrx_word' id='word_1_25' title='bbox 1718 834 1959 889; x_wconf 84' lang='lat' dir='ltr'>regnum</span> 
     </span>
    </p>
   </div>
   <div class='ocr_carea' id='block_1_6' title="bbox 310 905 1962 978">
    <p class='ocr_par' dir='ltr' id='par_1_6' title="bbox 310 905 1962 978">
     <span class='ocr_line' id='line_1_6' title="bbox 310 905 1962 978; baseline -0.003 -13"><span class='ocrx_word' id='word_1_26' title='bbox 310 908 654 975; x_wconf 81' lang='lat' dir='ltr'>exercet,sic</span> <span class='ocrx_word' id='word_1_27' title='bbox 688 907 981 964; x_wconf 85' lang='lat' dir='ltr'>hominem</span> <span class='ocrx_word' id='word_1_28' title='bbox 1009 925 1108 978; x_wconf 89' lang='lat' dir='ltr'>per</span> <span class='ocrx_word' id='word_1_29' title='bbox 1131 905 1962 978; x_wconf 76' lang='lat' dir='ltr'>elationistyphum,potentiae</span> 
     </span>
    </p>
   </div>
   <div class='ocr_carea' id='block_1_7' title="bbox 313 995 1962 1071">
    <p class='ocr_par' dir='ltr' id='par_1_7' title="bbox 313 995 1962 1071">
     <span class='ocr_line' id='line_1_7' title="bbox 313 995 1962 1071; baseline -0.003 -17"><span class='ocrx_word' id='word_1_30' title='bbox 313 1015 492 1071; x_wconf 90' lang='lat' dir='ltr'>quam</span> <span class='ocrx_word' id='word_1_31' title='bbox 520 996 761 1070; x_wconf 72' lang='lat' dir='ltr'>justitiaa</span> <span class='ocrx_word' id='word_1_32' title='bbox 793 996 1176 1068; x_wconf 84' lang='lat' dir='ltr'>cupidiorem,</span> <span class='ocrx_word' id='word_1_33' title='bbox 1210 1000 1312 1050; x_wconf 88' lang='lat' dir='ltr'>aut</span> <span class='ocrx_word' id='word_1_34' title='bbox 1341 1012 1443 1067; x_wconf 90' lang='lat' dir='ltr'>per</span> <span class='ocrx_word' id='word_1_35' title='bbox 1473 995 1678 1050; x_wconf 81' lang='lat' dir='ltr'>falsam</span> <span class='ocrx_word' id='word_1_36' title='bbox 1704 995 1962 1067; x_wconf 90' lang='lat' dir='ltr'>philoso-</span> 
     </span>
    </p>
   </div>
   <div class='ocr_carea' id='block_1_8' title="bbox 316 1084 1963 1161">
    <p class='ocr_par' dir='ltr' id='par_1_8' title="bbox 316 1084 1963 1161">
     <span class='ocr_line' id='line_1_8' title="bbox 316 1084 1963 1161; baseline -0.004 -17"><span class='ocrx_word' id='word_1_37' title='bbox 316 1088 517 1161; x_wconf 83' lang='lat' dir='ltr'>phiam</span> <span class='ocrx_word' id='word_1_38' title='bbox 533 1087 720 1160; x_wconf 89' lang='lat' dir='ltr'>magis</span> <span class='ocrx_word' id='word_1_39' title='bbox 733 1087 1075 1153; x_wconf 84' lang='lat' dir='ltr'>inﬂans;aut</span> <span class='ocrx_word' id='word_1_40' title='bbox 1089 1103 1189 1158; x_wconf 86' lang='lat' dir='ltr'>per</span> <span class='ocrx_word' id='word_1_41' title='bbox 1202 1102 1368 1141; x_wconf 87' lang='lat' dir='ltr'>sacra</span> <span class='ocrx_word' id='word_1_42' title='bbox 1381 1084 1662 1156; x_wconf 77' lang='lat' dir='ltr'>sacrilega</span> <span class='ocrx_word' id='word_1_43' title='bbox 1675 1085 1687 1138; x_wconf 94' lang='lat' dir='ltr'>i</span> <span class='ocrx_word' id='word_1_44' title='bbox 1699 1085 1963 1150; x_wconf 89' lang='lat' dir='ltr'>rretiens,</span> 
     </span>
    </p>
   </div>
   <div class='ocr_carea' id='block_1_9' title="bbox 315 1172 1968 1250">
    <p class='ocr_par' dir='ltr' id='par_1_9' title="bbox 315 1172 1968 1250">
     <span class='ocr_line' id='line_1_9' title="bbox 315 1172 1968 1250; baseline -0.004 -17"><span class='ocrx_word' id='word_1_45' title='bbox 315 1177 379 1233; x_wconf 91' lang='lat' dir='ltr'>in</span> <span class='ocrx_word' id='word_1_46' title='bbox 406 1178 621 1250; x_wconf 86' lang='lat' dir='ltr'>quibus</span> <span class='ocrx_word' id='word_1_47' title='bbox 644 1176 819 1232; x_wconf 82' lang='lat' dir='ltr'>etiam</span> <span class='ocrx_word' id='word_1_48' title='bbox 839 1174 1076 1247; x_wconf 73' lang='lat' dir='ltr'>magicae</span> <span class='ocrx_word' id='word_1_49' title='bbox 1104 1172 1364 1241; x_wconf 66' lang='lat' dir='ltr'>fallaciae,</span> <span class='ocrx_word' id='word_1_50' title='bbox 1398 1173 1745 1229; x_wconf 88' lang='lat' dir='ltr'>curiosiorcs</span> <span class='ocrx_word' id='word_1_51' title='bbox 1769 1189 1968 1245; x_wconf 88' lang='lat' dir='ltr'>super-</span> 
     </span>
    </p>
   </div>
   <div class='ocr_carea' id='block_1_10' title="bbox 321 1262 1967 1338">
    <p class='ocr_par' dir='ltr' id='par_1_10' title="bbox 321 1262 1967 1338">
     <span class='ocr_line' id='line_1_10' title="bbox 321 1262 1967 1338; baseline -0.004 -16"><span class='ocrx_word' id='word_1_52' title='bbox 321 1267 631 1338; x_wconf 88' lang='lat' dir='ltr'>bioresque</span> <span class='ocrx_word' id='word_1_53' title='bbox 663 1264 891 1320; x_wconf 89' lang='lat' dir='ltr'>animas</span> <span class='ocrx_word' id='word_1_54' title='bbox 925 1264 1196 1335; x_wconf 87' lang='lat' dir='ltr'>deceptas</span> <span class='ocrx_word' id='word_1_55' title='bbox 1226 1262 1546 1334; x_wconf 90' lang='lat' dir='ltr'>illusasque</span> <span class='ocrx_word' id='word_1_56' title='bbox 1578 1262 1967 1335; x_wconf 64' lang='lat' dir='ltr'>praecipitans,</span> 
     </span>
    </p>
   </div>
   <div class='ocr_carea' id='block_1_11' title="bbox 317 1350 1968 1425">
    <p class='ocr_par' dir='ltr' id='par_1_11' title="bbox 317 1350 1968 1425">
     <span class='ocr_line' id='line_1_11' title="bbox 317 1350 1968 1425; baseline -0.004 -14"><span class='ocrx_word' id='word_1_57' title='bbox 317 1355 624 1411; x_wconf 91' lang='lat' dir='ltr'>subditum</span> <span class='ocrx_word' id='word_1_58' title='bbox 656 1354 882 1421; x_wconf 76' lang='lat' dir='ltr'>tenet‘;</span> <span class='ocrx_word' id='word_1_59' title='bbox 909 1351 1188 1425; x_wconf 88' lang='lat' dir='ltr'>pollicens</span> <span class='ocrx_word' id='word_1_60' title='bbox 1217 1352 1389 1407; x_wconf 90' lang='lat' dir='ltr'>etiam</span> <span class='ocrx_word' id='word_1_61' title='bbox 1417 1352 1817 1424; x_wconf 90' lang='lat' dir='ltr'>purgationem</span> <span class='ocrx_word' id='word_1_62' title='bbox 1846 1350 1968 1407; x_wconf 89' lang='lat' dir='ltr'>ani-</span> 
     </span>
    </p>
   </div>
   <div class='ocr_carea' id='block_1_12' title="bbox 319 1439 1970 1515">
    <p class='ocr_par' dir='ltr' id='par_1_12' title="bbox 319 1439 1970 1515">
     <span class='ocr_line' id='line_1_12' title="bbox 319 1439 1970 1515; baseline -0.002 -17"><span class='ocrx_word' id='word_1_63' title='bbox 319 1462 451 1513; x_wconf 66' lang='lat' dir='ltr'>mae,</span> <span class='ocrx_word' id='word_1_64' title='bbox 487 1460 587 1515; x_wconf 91' lang='lat' dir='ltr'>per</span> <span class='ocrx_word' id='word_1_65' title='bbox 618 1460 717 1498; x_wconf 89' lang='lat' dir='ltr'>eas</span> <span class='ocrx_word' id='word_1_66' title='bbox 744 1460 888 1514; x_wconf 88' lang='lat' dir='ltr'>quas</span> <span class='ocrx_word' id='word_1_67' title='bbox 910 1439 1129 1501; x_wconf 78' lang='grc' dir='ltr'>τελετάς</span> <span class='ocrx_word' id='word_1_68' title='bbox 1157 1439 1473 1515; x_wconf 89' lang='lat' dir='ltr'>appellant,</span> <span class='ocrx_word' id='word_1_69' title='bbox 1498 1440 1970 1513; x_wconf 80' lang='lat' dir='ltr'>transﬁgurando</span> 
     </span>
    </p>
   </div>
   <div class='ocr_carea' id='block_1_13' title="bbox 318 1530 1969 1606">
    <p class='ocr_par' dir='ltr' id='par_1_13' title="bbox 318 1530 1969 1606">
     <span class='ocr_line' id='line_1_13' title="bbox 318 1530 1969 1606; baseline -0.003 -17"><span class='ocrx_word' id='word_1_70' title='bbox 318 1551 385 1590; x_wconf 86' lang='lat' dir='ltr'>se</span> <span class='ocrx_word' id='word_1_71' title='bbox 419 1534 474 1588; x_wconf 92' lang='lat' dir='ltr'>in</span> <span class='ocrx_word' id='word_1_72' title='bbox 499 1532 768 1606; x_wconf 85' lang='lat' dir='ltr'>angelum</span> <span class='ocrx_word' id='word_1_73' title='bbox 795 1532 1030 1603; x_wconf 90' lang='lat' dir='ltr'>lucis(ll</span> <span class='ocrx_word' id='word_1_74' title='bbox 1059 1531 1179 1587; x_wconf 87' lang='lat' dir='ltr'>Cor.</span> <span class='ocrx_word' id='word_1_75' title='bbox 1204 1549 1282 1598; x_wconf 79' lang='lat' dir='ltr'>x1,</span> <span class='ocrx_word' id='word_1_76' title='bbox 1314 1532 1399 1602; x_wconf 79' lang='grc'>14)</span> <span class='ocrx_word' id='word_1_77' title='bbox 1427 1548 1524 1602; x_wconf 89' lang='lat' dir='ltr'>per</span> <span class='ocrx_word' id='word_1_78' title='bbox 1551 1530 1969 1586; x_wconf 80' lang='lat' dir='ltr'>multiformem</span> 
     </span>
    </p>
   </div>
   <div class='ocr_carea' id='block_1_14' title="bbox 320 1620 1865 1692">
    <p class='ocr_par' dir='ltr' id='par_1_14' title="bbox 320 1620 1865 1692">
     <span class='ocr_line' id='line_1_14' title="bbox 320 1620 1865 1692; baseline -0.003 -13"><span class='ocrx_word' id='word_1_79' title='bbox 320 1622 814 1679; x_wconf 84' lang='lat' dir='ltr'>machinationem</span> <span class='ocrx_word' id='word_1_80' title='bbox 848 1620 906 1675; x_wconf 92' lang='lat' dir='ltr'>in</span> <span class='ocrx_word' id='word_1_81' title='bbox 942 1620 1127 1692; x_wconf 82' lang='lat' dir='ltr'>signis</span> <span class='ocrx_word' id='word_1_82' title='bbox 1157 1626 1214 1677; x_wconf 92' lang='lat' dir='ltr'>et</span> <span class='ocrx_word' id='word_1_83' title='bbox 1248 1620 1527 1691; x_wconf 82' lang='lat' dir='ltr'>prodigiis</span> <span class='ocrx_word' id='word_1_84' title='bbox 1552 1620 1865 1674; x_wconf 88' lang='lat' dir='ltr'>mendacii.</span> 
     </span>
    </p>
   </div>
   <div class='ocr_carea' id='block_1_15' title="bbox 395 1709 1970 1781">
    <p class='ocr_par' dir='ltr' id='par_1_15' title="bbox 395 1709 1970 1781">
     <span class='ocr_line' id='line_1_15' title="bbox 395 1709 1970 1781; baseline -0.003 -14"><span class='ocrx_word' id='word_1_85' title='bbox 395 1711 626 1768; x_wconf 83' lang='lat' dir='ltr'>CAPUT</span> <span class='ocrx_word' id='word_1_86' title='bbox 659 1713 754 1766; x_wconf 88' lang='lat' dir='ltr'>XI.</span> <span class='ocrx_word' id='word_1_87' title='bbox 776 1742 843 1751; x_wconf 91' lang='lat'>-—</span> <span class='ocrx_word' id='word_1_88' title='bbox 870 1711 953 1765; x_wconf 84' lang='grc'>14.</span> <span class='ocrx_word' id='word_1_89' title='bbox 980 1710 1239 1765; x_wconf 82' lang='lat' dir='ltr'>Miracula</span> <span class='ocrx_word' id='word_1_90' title='bbox 1262 1725 1384 1781; x_wconf 60' lang='lat' dir='ltr'>quae</span> <span class='ocrx_word' id='word_1_91' title='bbox 1404 1728 1435 1764; x_wconf 92' lang='lat' dir='ltr'>a</span> <span class='ocrx_word' id='word_1_92' title='bbox 1457 1709 1795 1764; x_wconf 59' lang='lat' dir='ltr'>damonibus</span> <span class='ocrx_word' id='word_1_93' title='bbox 1807 1709 1970 1779; x_wconf 86' lang='lat' dir='ltr'>ﬁunt,</span> 
     </span>
    </p>
   </div>
   <div class='ocr_carea' id='block_1_16' title="bbox 320 1799 1972 1873">
    <p class='ocr_par' dir='ltr' id='par_1_16' title="bbox 320 1799 1972 1873">
     <span class='ocr_line' id='line_1_16' title="bbox 320 1799 1972 1873; baseline -0.003 -17"><span class='ocrx_word' id='word_1_94' title='bbox 320 1800 643 1873; x_wconf 84' lang='lat' dir='ltr'>spernenda.</span> <span class='ocrx_word' id='word_1_95' title='bbox 656 1800 840 1856; x_wconf 89' lang='lat' dir='ltr'>Facile</span> <span class='ocrx_word' id='word_1_96' title='bbox 863 1806 945 1856; x_wconf 87' lang='lat' dir='ltr'>est</span> <span class='ocrx_word' id='word_1_97' title='bbox 969 1802 1123 1855; x_wconf 89' lang='lat' dir='ltr'>enim</span> <span class='ocrx_word' id='word_1_98' title='bbox 1148 1799 1453 1872; x_wconf 88' lang='lat' dir='ltr'>spiritibus</span> <span class='ocrx_word' id='word_1_99' title='bbox 1472 1799 1849 1869; x_wconf 85' lang='lat' dir='ltr'>nequissimis</span> <span class='ocrx_word' id='word_1_100' title='bbox 1873 1812 1972 1869; x_wconf 88' lang='lat' dir='ltr'>per</span> 
     </span>
    </p>
   </div>
   <div class='ocr_carea' id='block_1_17' title="bbox 321 1887 1971 1962">
    <p class='ocr_par' dir='ltr' id='par_1_17' title="bbox 321 1887 1971 1962">
     <span class='ocr_line' id='line_1_17' title="bbox 321 1887 1971 1962; baseline -0.004 -15"><span class='ocrx_word' id='word_1_101' title='bbox 321 1908 492 1947; x_wconf 82' lang='lat' dir='ltr'>aerea</span> <span class='ocrx_word' id='word_1_102' title='bbox 509 1906 749 1962; x_wconf 91' lang='lat' dir='ltr'>corpora</span> <span class='ocrx_word' id='word_1_103' title='bbox 765 1891 950 1945; x_wconf 84' lang='lat' dir='ltr'>facere</span> <span class='ocrx_word' id='word_1_104' title='bbox 974 1888 1307 1958; x_wconf 71' lang='lat' dir='ltr'>multa,quae</span> <span class='ocrx_word' id='word_1_105' title='bbox 1331 1889 1620 1943; x_wconf 90' lang='lat' dir='ltr'>mirentur</span> <span class='ocrx_word' id='word_1_106' title='bbox 1637 1887 1842 1942; x_wconf 73' lang='lat' dir='ltr'>anima:</span> <span class='ocrx_word' id='word_1_107' title='bbox 1858 1890 1971 1941; x_wconf 88' lang='lat' dir='ltr'>ter-</span> 
     </span>
    </p>
   </div>
   <div class='ocr_carea' id='block_1_18' title="bbox 323 1976 1969 2051">
    <p class='ocr_par' dir='ltr' id='par_1_18' title="bbox 323 1976 1969 2051">
     <span class='ocr_line' id='line_1_18' title="bbox 323 1976 1969 2051; baseline -0.004 -15"><span class='ocrx_word' id='word_1_108' title='bbox 323 1980 485 2036; x_wconf 86' lang='lat' dir='ltr'>renis</span> <span class='ocrx_word' id='word_1_109' title='bbox 514 1978 852 2051; x_wconf 89' lang='lat' dir='ltr'>corporibus</span> <span class='ocrx_word' id='word_1_110' title='bbox 875 1983 1212 2050; x_wconf 70' lang='lat' dir='ltr'>aggravatas,</span> <span class='ocrx_word' id='word_1_111' title='bbox 1233 1977 1403 2033; x_wconf 89' lang='lat' dir='ltr'>etiam</span> <span class='ocrx_word' id='word_1_112' title='bbox 1424 1976 1681 2032; x_wconf 90' lang='lat' dir='ltr'>melioris</span> <span class='ocrx_word' id='word_1_113' title='bbox 1709 1977 1969 2031; x_wconf 75' lang='lat' dir='ltr'>affectus.</span> 
     </span>
    </p>
   </div>
   <div class='ocr_carea' id='block_1_19' title="bbox 322 2066 1974 2139">
    <p class='ocr_par' dir='ltr' id='par_1_19' title="bbox 322 2066 1974 2139">
     <span class='ocr_line' id='line_1_19' title="bbox 322 2066 1974 2139; baseline -0.004 -15"><span class='ocrx_word' id='word_1_114' title='bbox 322 2069 387 2124; x_wconf 90' lang='lat' dir='ltr'>Si</span> <span class='ocrx_word' id='word_1_115' title='bbox 420 2070 574 2124; x_wconf 90' lang='lat' dir='ltr'>enim</span> <span class='ocrx_word' id='word_1_116' title='bbox 608 2084 850 2139; x_wconf 88' lang='lat' dir='ltr'>corpora</span> <span class='ocrx_word' id='word_1_117' title='bbox 894 2068 1022 2139; x_wconf 90' lang='lat' dir='ltr'>ipsa</span> <span class='ocrx_word' id='word_1_118' title='bbox 1053 2072 1281 2122; x_wconf 88' lang='lat' dir='ltr'>terrena</span> <span class='ocrx_word' id='word_1_119' title='bbox 1323 2066 1619 2121; x_wconf 83' lang='lat' dir='ltr'>nonnullis</span> <span class='ocrx_word' id='word_1_120' title='bbox 1662 2066 1886 2121; x_wconf 91' lang='lat' dir='ltr'>artibus</span> <span class='ocrx_word' id='word_1_121' title='bbox 1917 2067 1974 2119; x_wconf 88' lang='lat' dir='ltr'>et</span> 
     </span>
    </p>
   </div>
   <div class='ocr_carea' id='block_1_20' title="bbox 323 2152 1974 2227">
    <p class='ocr_par' dir='ltr' id='par_1_20' title="bbox 323 2152 1974 2227">
     <span class='ocr_line' id='line_1_20' title="bbox 323 2152 1974 2227; baseline -0.004 -13"><span class='ocrx_word' id='word_1_122' title='bbox 323 2158 839 2214; x_wconf 81' lang='lat' dir='ltr'>exercitationibus</span> <span class='ocrx_word' id='word_1_123' title='bbox 860 2155 1211 2221; x_wconf 83' lang='lat' dir='ltr'>modificata,</span> <span class='ocrx_word' id='word_1_124' title='bbox 1228 2155 1285 2209; x_wconf 92' lang='lat' dir='ltr'>in</span> <span class='ocrx_word' id='word_1_125' title='bbox 1307 2154 1655 2227; x_wconf 86' lang='lat' dir='ltr'>spectaculis</span> <span class='ocrx_word' id='word_1_126' title='bbox 1674 2152 1974 2209; x_wconf 87' lang='lat' dir='ltr'>theatricis</span> 
     </span>
    </p>
   </div>
   <div class='ocr_carea' id='block_1_21' title="bbox 324 2244 1973 2316">
    <p class='ocr_par' dir='ltr' id='par_1_21' title="bbox 324 2244 1973 2316">
     <span class='ocr_line' id='line_1_21' title="bbox 324 2244 1973 2316; baseline -0.004 -13"><span class='ocrx_word' id='word_1_127' title='bbox 324 2253 491 2303; x_wconf 89' lang='lat' dir='ltr'>tanta</span> <span class='ocrx_word' id='word_1_128' title='bbox 526 2246 807 2302; x_wconf 90' lang='lat' dir='ltr'>miracula</span> <span class='ocrx_word' id='word_1_129' title='bbox 837 2245 1176 2302; x_wconf 89' lang='lat' dir='ltr'>hominibus</span> <span class='ocrx_word' id='word_1_130' title='bbox 1221 2245 1512 2313; x_wconf 85' lang='lat' dir='ltr'>exhibent,</span> <span class='ocrx_word' id='word_1_131' title='bbox 1539 2249 1600 2299; x_wconf 91' lang='lat' dir='ltr'>ut</span> <span class='ocrx_word' id='word_1_132' title='bbox 1632 2244 1667 2298; x_wconf 91' lang='lat' dir='ltr'>ii</span> <span class='ocrx_word' id='word_1_133' title='bbox 1703 2244 1798 2316; x_wconf 88' lang='lat' dir='ltr'>qui</span> <span class='ocrx_word' id='word_1_134' title='bbox 1825 2260 1973 2298; x_wconf 90' lang='lat' dir='ltr'>nun-</span> 
     </span>
    </p>
   </div>
   <div class='ocr_carea' id='block_1_22' title="bbox 324 2333 1973 2410">
    <p class='ocr_par' dir='ltr' id='par_1_22' title="bbox 324 2333 1973 2410">
     <span class='ocr_line' id='line_1_22' title="bbox 324 2333 1973 2410; baseline -0.003 -18"><span class='ocrx_word' id='word_1_135' title='bbox 324 2354 505 2410; x_wconf 88' lang='lat' dir='ltr'>quam</span> <span class='ocrx_word' id='word_1_136' title='bbox 532 2338 802 2392; x_wconf 91' lang='lat' dir='ltr'>viderunt</span> <span class='ocrx_word' id='word_1_137' title='bbox 824 2335 1223 2401; x_wconf 88' lang='lat' dir='ltr'>talia,narrata</span> <span class='ocrx_word' id='word_1_138' title='bbox 1245 2336 1339 2389; x_wconf 82' lang='lat' dir='ltr'>vix</span> <span class='ocrx_word' id='word_1_139' title='bbox 1360 2335 1622 2390; x_wconf 86' lang='lat' dir='ltr'>credant:</span> <span class='ocrx_word' id='word_1_140' title='bbox 1644 2333 1780 2405; x_wconf 90' lang='lat' dir='ltr'>quid</span> <span class='ocrx_word' id='word_1_141' title='bbox 1809 2348 1973 2404; x_wconf 89' lang='lat' dir='ltr'>mag-</span> 
     </span>
    </p>
   </div>
   <div class='ocr_carea' id='block_1_23' title="bbox 330 2421 1973 2497">
    <p class='ocr_par' dir='ltr' id='par_1_23' title="bbox 330 2421 1973 2497">
     <span class='ocr_line' id='line_1_23' title="bbox 330 2421 1973 2497; baseline -0.004 -14"><span class='ocrx_word' id='word_1_142' title='bbox 330 2444 474 2483; x_wconf 90' lang='lat' dir='ltr'>num</span> <span class='ocrx_word' id='word_1_143' title='bbox 508 2431 597 2481; x_wconf 88' lang='lat' dir='ltr'>est</span> <span class='ocrx_word' id='word_1_144' title='bbox 632 2425 859 2489; x_wconf 83' lang='lat' dir='ltr'>diabolo</span> <span class='ocrx_word' id='word_1_145' title='bbox 892 2430 947 2480; x_wconf 92' lang='lat' dir='ltr'>et</span> <span class='ocrx_word' id='word_1_146' title='bbox 993 2424 1218 2497; x_wconf 81' lang='lat' dir='ltr'>angelis</span> <span class='ocrx_word' id='word_1_147' title='bbox 1253 2426 1402 2495; x_wconf 87' lang='lat' dir='ltr'>ejus,</span> <span class='ocrx_word' id='word_1_148' title='bbox 1436 2424 1506 2478; x_wconf 90' lang='lat' dir='ltr'>de</span> <span class='ocrx_word' id='word_1_149' title='bbox 1537 2422 1829 2494; x_wconf 90' lang='lat' dir='ltr'>corporeis</span> <span class='ocrx_word' id='word_1_150' title='bbox 1862 2421 1973 2476; x_wconf 87' lang='lat' dir='ltr'>ele-</span> 
     </span>
    </p>
   </div>
   <div class='ocr_carea' id='block_1_24' title="bbox 322 2512 1971 2587">
    <p class='ocr_par' dir='ltr' id='par_1_24' title="bbox 322 2512 1971 2587">
     <span class='ocr_line' id='line_1_24' title="bbox 322 2512 1971 2587; baseline -0.004 -16"><span class='ocrx_word' id='word_1_151' title='bbox 322 2515 539 2572; x_wconf 89' lang='lat' dir='ltr'>mentis</span> <span class='ocrx_word' id='word_1_152' title='bbox 572 2533 672 2587; x_wconf 91' lang='lat' dir='ltr'>per</span> <span class='ocrx_word' id='word_1_153' title='bbox 704 2532 870 2570; x_wconf 88' lang='lat' dir='ltr'>aerea</span> <span class='ocrx_word' id='word_1_154' title='bbox 902 2519 1143 2586; x_wconf 81' lang='lat' dir='ltr'>cerpora</span> <span class='ocrx_word' id='word_1_155' title='bbox 1168 2515 1353 2569; x_wconf 86' lang='lat' dir='ltr'>facere</span> <span class='ocrx_word' id='word_1_156' title='bbox 1386 2531 1510 2586; x_wconf 61' lang='lat' dir='ltr'>quas</span> <span class='ocrx_word' id='word_1_157' title='bbox 1534 2530 1665 2568; x_wconf 89' lang='lat' dir='ltr'>caro</span> <span class='ocrx_word' id='word_1_158' title='bbox 1698 2512 1971 2579; x_wconf 87' lang='lat' dir='ltr'>miretur;</span> 
     </span>
    </p>
   </div>
   <div class='ocr_carea' id='block_1_25' title="bbox 322 2600 1973 2675">
    <p class='ocr_par' dir='ltr' id='par_1_25' title="bbox 322 2600 1973 2675">
     <span class='ocr_line' id='line_1_25' title="bbox 322 2600 1973 2675; baseline -0.004 -14"><span class='ocrx_word' id='word_1_159' title='bbox 322 2612 427 2661; x_wconf 88' lang='lat' dir='ltr'>aut</span> <span class='ocrx_word' id='word_1_160' title='bbox 448 2605 622 2660; x_wconf 77' lang='lat' dir='ltr'>etiazn</span> <span class='ocrx_word' id='word_1_161' title='bbox 647 2606 891 2659; x_wconf 87' lang='lat' dir='ltr'>occultis</span> <span class='ocrx_word' id='word_1_162' title='bbox 914 2602 1394 2675; x_wconf 85' lang='lat' dir='ltr'>inspirationibus</span> <span class='ocrx_word' id='word_1_163' title='bbox 1417 2603 1484 2657; x_wconf 93' lang='lat' dir='ltr'>ad</span> <span class='ocrx_word' id='word_1_164' title='bbox 1510 2601 1843 2656; x_wconf 90' lang='lat' dir='ltr'>illudendos</span> <span class='ocrx_word' id='word_1_165' title='bbox 1867 2600 1973 2655; x_wconf 92' lang='lat' dir='ltr'>hu-</span> 
     </span>
    </p>
   </div>
   <div class='ocr_carea' id='block_1_26' title="bbox 323 2689 1971 2765">
    <p class='ocr_par' dir='ltr' id='par_1_26' title="bbox 323 2689 1971 2765">
     <span class='ocr_line' id='line_1_26' title="bbox 323 2689 1971 2765; baseline -0.004 -15"><span class='ocrx_word' id='word_1_166' title='bbox 323 2712 534 2750; x_wconf 89' lang='lat' dir='ltr'>manos</span> <span class='ocrx_word' id='word_1_167' title='bbox 575 2711 787 2749; x_wconf 83' lang='lat' dir='ltr'>sensus</span> <span class='ocrx_word' id='word_1_168' title='bbox 824 2694 1238 2765; x_wconf 87' lang='lat' dir='ltr'>phantasmata</span> <span class='ocrx_word' id='word_1_169' title='bbox 1266 2692 1592 2763; x_wconf 88' lang='lat' dir='ltr'>imaginum</span> <span class='ocrx_word' id='word_1_170' title='bbox 1629 2689 1971 2755; x_wconf 90' lang='lat' dir='ltr'>machinari,</span> 
     </span>
    </p>
   </div>
   <div class='ocr_carea' id='block_1_27' title="bbox 324 2779 1975 2857">
    <p class='ocr_par' dir='ltr' id='par_1_27' title="bbox 324 2779 1975 2857">
     <span class='ocr_line' id='line_1_27' title="bbox 324 2779 1975 2857; baseline -0.002 -19"><span class='ocrx_word' id='word_1_171' title='bbox 324 2784 544 2857; x_wconf 88' lang='lat' dir='ltr'>quibus</span> <span class='ocrx_word' id='word_1_172' title='bbox 567 2782 876 2854; x_wconf 88' lang='lat' dir='ltr'>vigilantes</span> <span class='ocrx_word' id='word_1_173' title='bbox 890 2782 1313 2837; x_wconf 88' lang='lat' dir='ltr'>dormientesve</span> <span class='ocrx_word' id='word_1_174' title='bbox 1331 2780 1599 2851; x_wconf 84' lang='lat' dir='ltr'>decipiat,</span> <span class='ocrx_word' id='word_1_175' title='bbox 1616 2779 1699 2835; x_wconf 88' lang='lat' dir='ltr'>vel</span> <span class='ocrx_word' id='word_1_176' title='bbox 1718 2780 1975 2835; x_wconf 86' lang='lat' dir='ltr'>furentes</span> 
     </span>
    </p>
   </div>
   <div class='ocr_carea' id='block_1_28' title="bbox 326 2868 1973 2944">
    <p class='ocr_par' dir='ltr' id='par_1_28' title="bbox 326 2868 1973 2944">
     <span class='ocr_line' id='line_1_28' title="bbox 326 2868 1973 2944; baseline -0.004 -15"><span class='ocrx_word' id='word_1_177' title='bbox 326 2871 623 2944; x_wconf 76' lang='lat' dir='ltr'>exagitet?</span> <span class='ocrx_word' id='word_1_178' title='bbox 643 2872 751 2926; x_wconf 88' lang='lat' dir='ltr'>Sed</span> <span class='ocrx_word' id='word_1_179' title='bbox 786 2871 938 2926; x_wconf 87' lang='lat' dir='ltr'>sicut</span> <span class='ocrx_word' id='word_1_180' title='bbox 970 2870 1091 2925; x_wconf 83' lang='lat' dir='ltr'>fieri</span> <span class='ocrx_word' id='word_1_181' title='bbox 1120 2875 1304 2942; x_wconf 86' lang='lat' dir='ltr'>potest</span> <span class='ocrx_word' id='word_1_182' title='bbox 1328 2876 1391 2923; x_wconf 88' lang='lat' dir='ltr'>ut</span> <span class='ocrx_word' id='word_1_183' title='bbox 1411 2868 1585 2923; x_wconf 91' lang='lat' dir='ltr'>homo</span> <span class='ocrx_word' id='word_1_184' title='bbox 1614 2868 1730 2923; x_wconf 89' lang='lat' dir='ltr'>vita</span> <span class='ocrx_word' id='word_1_185' title='bbox 1752 2884 1818 2924; x_wconf 90' lang='lat' dir='ltr'>ac</span> <span class='ocrx_word' id='word_1_186' title='bbox 1851 2884 1973 2923; x_wconf 88' lang='lat' dir='ltr'>mo-</span> 
     </span>
    </p>
   </div>
   <div class='ocr_carea' id='block_1_29' title="bbox 326 2956 1975 3032">
    <p class='ocr_par' dir='ltr' id='par_1_29' title="bbox 326 2956 1975 3032">
     <span class='ocr_line' id='line_1_29' title="bbox 326 2956 1975 3032; baseline -0.003 -15"><span class='ocrx_word' id='word_1_187' title='bbox 326 2962 494 3018; x_wconf 89' lang='lat' dir='ltr'>ribus</span> <span class='ocrx_word' id='word_1_188' title='bbox 524 2961 731 3017; x_wconf 88' lang='lat' dir='ltr'>melior</span> <span class='ocrx_word' id='word_1_189' title='bbox 770 2965 990 3032; x_wconf 77' lang='lat' dir='ltr'>spectet</span> <span class='ocrx_word' id='word_1_190' title='bbox 1024 2958 1418 3031; x_wconf 87' lang='lat' dir='ltr'>nequissimos</span> <span class='ocrx_word' id='word_1_191' title='bbox 1466 2958 1755 3027; x_wconf 89' lang='lat' dir='ltr'>homines,</span> <span class='ocrx_word' id='word_1_192' title='bbox 1787 2956 1873 3012; x_wconf 88' lang='lat' dir='ltr'>vel</span> <span class='ocrx_word' id='word_1_193' title='bbox 1916 2957 1975 3012; x_wconf 93' lang='lat' dir='ltr'>in</span> 
     </span>
    </p>
   </div>
   <div class='ocr_carea' id='block_1_30' title="bbox 330 3047 1974 3118">
    <p class='ocr_par' dir='ltr' id='par_1_30' title="bbox 330 3047 1974 3118">
     <span class='ocr_line' id='line_1_30' title="bbox 330 3047 1974 3118; baseline -0.005 -11"><span class='ocrx_word' id='word_1_194' title='bbox 330 3052 469 3107; x_wconf 89' lang='lat' dir='ltr'>fune</span> <span class='ocrx_word' id='word_1_195' title='bbox 494 3050 883 3117; x_wconf 88' lang='lat' dir='ltr'>ambulantes,</span> <span class='ocrx_word' id='word_1_196' title='bbox 900 3048 987 3103; x_wconf 84' lang='lat' dir='ltr'>vel</span> <span class='ocrx_word' id='word_1_197' title='bbox 1013 3048 1376 3103; x_wconf 82' lang='lat' dir='ltr'>multimodis</span> <span class='ocrx_word' id='word_1_198' title='bbox 1393 3047 1647 3103; x_wconf 89' lang='lat' dir='ltr'>motibus</span> <span class='ocrx_word' id='word_1_199' title='bbox 1666 3063 1974 3118; x_wconf 90' lang='lat' dir='ltr'>corporum</span> 
     </span>
    </p>
   </div>
   <div class='ocr_carea' id='block_1_31' title="bbox 328 3136 1977 3202">
    <p class='ocr_par' dir='ltr' id='par_1_31' title="bbox 328 3136 1977 3202">
     <span class='ocr_line' id='line_1_31' title="bbox 328 3136 1977 3202; baseline -0.002 -6"><span class='ocrx_word' id='word_1_200' title='bbox 328 3140 520 3196; x_wconf 89' lang='lat' dir='ltr'>multa</span> <span class='ocrx_word' id='word_1_201' title='bbox 553 3138 920 3195; x_wconf 89' lang='lat' dir='ltr'>incredibilia</span> <span class='ocrx_word' id='word_1_202' title='bbox 953 3139 1248 3202; x_wconf 81' lang='lat' dir='ltr'>facientes,</span> <span class='ocrx_word' id='word_1_203' title='bbox 1304 3153 1406 3192; x_wconf 89' lang='lat' dir='ltr'>nec</span> <span class='ocrx_word' id='word_1_204' title='bbox 1442 3136 1558 3191; x_wconf 86' lang='lat' dir='ltr'>ullo</span> <span class='ocrx_word' id='word_1_205' title='bbox 1589 3137 1760 3191; x_wconf 92' lang='lat' dir='ltr'>modo</span> <span class='ocrx_word' id='word_1_206' title='bbox 1792 3138 1977 3192; x_wconf 78' lang='lat' dir='ltr'>facere</span> 
     </span>
    </p>
   </div>
   <div class='ocr_carea' id='block_1_32' title="bbox 328 3226 1977 3301">
    <p class='ocr_par' dir='ltr' id='par_1_32' title="bbox 328 3226 1977 3301">
     <span class='ocr_line' id='line_1_32' title="bbox 328 3226 1977 3301; baseline -0.003 -16"><span class='ocrx_word' id='word_1_207' title='bbox 328 3229 471 3285; x_wconf 88' lang='lat' dir='ltr'>talia</span> <span class='ocrx_word' id='word_1_208' title='bbox 504 3228 901 3301; x_wconf 84' lang='lat' dir='ltr'>concupiscat,</span> <span class='ocrx_word' id='word_1_209' title='bbox 926 3244 1030 3283; x_wconf 85' lang='lat' dir='ltr'>nec</span> <span class='ocrx_word' id='word_1_210' title='bbox 1062 3244 1159 3283; x_wconf 88' lang='lat' dir='ltr'>eos</span> <span class='ocrx_word' id='word_1_211' title='bbox 1184 3232 1485 3299; x_wconf 86' lang='lat' dir='ltr'>propterea</span> <span class='ocrx_word' id='word_1_212' title='bbox 1509 3226 1618 3282; x_wconf 89' lang='lat' dir='ltr'>sibi</span> <span class='ocrx_word' id='word_1_213' title='bbox 1645 3242 1977 3298; x_wconf 67' lang='lat' dir='ltr'>praeponen-</span> 
     </span>
    </p>
   </div>
   <div class='ocr_carea' id='block_1_33' title="bbox 326 3315 1974 3388">
    <p class='ocr_par' dir='ltr' id='par_1_33' title="bbox 326 3315 1974 3388">
     <span class='ocr_line' id='line_1_33' title="bbox 326 3315 1974 3388; baseline -0.002 -14"><span class='ocrx_word' id='word_1_214' title='bbox 326 3321 436 3375; x_wconf 84' lang='lat' dir='ltr'>dos</span> <span class='ocrx_word' id='word_1_215' title='bbox 464 3320 789 3375; x_wconf 83' lang='lat' dir='ltr'>existimet:</span> <span class='ocrx_word' id='word_1_216' title='bbox 834 3319 916 3373; x_wconf 90' lang='lat' dir='ltr'>sic</span> <span class='ocrx_word' id='word_1_217' title='bbox 948 3316 1140 3373; x_wconf 91' lang='lat' dir='ltr'>anima</span> <span class='ocrx_word' id='word_1_218' title='bbox 1174 3315 1361 3372; x_wconf 85' lang='lat' dir='ltr'>fidelis</span> <span class='ocrx_word' id='word_1_219' title='bbox 1391 3321 1447 3371; x_wconf 89' lang='lat' dir='ltr'>et</span> <span class='ocrx_word' id='word_1_220' title='bbox 1479 3317 1593 3388; x_wconf 87' lang='lat' dir='ltr'>pia,</span> <span class='ocrx_word' id='word_1_221' title='bbox 1638 3332 1751 3371; x_wconf 90' lang='lat' dir='ltr'>non</span> <span class='ocrx_word' id='word_1_222' title='bbox 1784 3315 1974 3371; x_wconf 91' lang='lat' dir='ltr'>solum</span> 
     </span>
    </p>
   </div>
   <div class='ocr_carea' id='block_1_34' title="bbox 327 3404 1975 3478">
    <p class='ocr_par' dir='ltr' id='par_1_34' title="bbox 327 3404 1975 3478">
     <span class='ocr_line' id='line_1_34' title="bbox 327 3404 1975 3478; baseline -0.002 -14"><span class='ocrx_word' id='word_1_223' title='bbox 327 3410 378 3464; x_wconf 90' lang='lat' dir='ltr'>si</span> <span class='ocrx_word' id='word_1_224' title='bbox 412 3408 620 3471; x_wconf 86' lang='lat' dir='ltr'>videat,</span> <span class='ocrx_word' id='word_1_225' title='bbox 655 3424 853 3463; x_wconf 88' lang='lat' dir='ltr'>verum</span> <span class='ocrx_word' id='word_1_226' title='bbox 889 3407 1063 3461; x_wconf 88' lang='lat' dir='ltr'>etiam</span> <span class='ocrx_word' id='word_1_227' title='bbox 1102 3406 1151 3461; x_wconf 89' lang='lat' dir='ltr'>si</span> <span class='ocrx_word' id='word_1_228' title='bbox 1181 3412 1415 3477; x_wconf 89' lang='lat' dir='ltr'>propter</span> <span class='ocrx_word' id='word_1_229' title='bbox 1446 3404 1814 3478; x_wconf 84' lang='lat' dir='ltr'>fragilitatem</span> <span class='ocrx_word' id='word_1_230' title='bbox 1852 3421 1975 3460; x_wconf 89' lang='lat' dir='ltr'>car-</span> 
     </span>
    </p>
   </div>
   <div class='ocr_carea' id='block_1_35' title="bbox 328 3494 1974 3561">
    <p class='ocr_par' dir='ltr' id='par_1_35' title="bbox 328 3494 1974 3561">
     <span class='ocr_line' id='line_1_35' title="bbox 328 3494 1974 3561; baseline -0.002 -8"><span class='ocrx_word' id='word_1_231' title='bbox 328 3499 422 3553; x_wconf 86' lang='lat' dir='ltr'>nis</span> <span class='ocrx_word' id='word_1_232' title='bbox 454 3497 757 3553; x_wconf 83' lang='lat' dir='ltr'>exhorreat</span> <span class='ocrx_word' id='word_1_233' title='bbox 790 3495 1070 3551; x_wconf 84' lang='lat' dir='ltr'>miracula</span> <span class='ocrx_word' id='word_1_234' title='bbox 1102 3496 1454 3561; x_wconf 69' lang='lat' dir='ltr'>daemonum,</span> <span class='ocrx_word' id='word_1_235' title='bbox 1482 3512 1593 3549; x_wconf 92' lang='lat' dir='ltr'>non</span> <span class='ocrx_word' id='word_1_236' title='bbox 1619 3494 1746 3549; x_wconf 91' lang='lat' dir='ltr'>ideo</span> <span class='ocrx_word' id='word_1_237' title='bbox 1780 3502 1974 3549; x_wconf 88' lang='lat' dir='ltr'>tamen</span> 
     </span>
    </p>
   </div>
   <div class='ocr_carea' id='block_1_36' title="bbox 328 3582 1975 3657">
    <p class='ocr_par' dir='ltr' id='par_1_36' title="bbox 328 3582 1975 3657">
     <span class='ocr_line' id='line_1_36' title="bbox 328 3582 1975 3657; baseline -0.002 -15"><span class='ocrx_word' id='word_1_238' title='bbox 328 3592 433 3642; x_wconf 91' lang='lat' dir='ltr'>aut</span> <span class='ocrx_word' id='word_1_239' title='bbox 465 3604 575 3641; x_wconf 80' lang='lat' dir='ltr'>non</span> <span class='ocrx_word' id='word_1_240' title='bbox 602 3603 661 3642; x_wconf 90' lang='lat' dir='ltr'>se</span> <span class='ocrx_word' id='word_1_241' title='bbox 695 3602 865 3657; x_wconf 86' lang='lat' dir='ltr'>posse</span> <span class='ocrx_word' id='word_1_242' title='bbox 897 3585 1034 3640; x_wconf 89' lang='lat' dir='ltr'>talia</span> <span class='ocrx_word' id='word_1_243' title='bbox 1063 3584 1301 3653; x_wconf 85' lang='lat' dir='ltr'>dolebit,</span> <span class='ocrx_word' id='word_1_244' title='bbox 1334 3588 1435 3639; x_wconf 91' lang='lat' dir='ltr'>aut</span> <span class='ocrx_word' id='word_1_245' title='bbox 1464 3584 1536 3639; x_wconf 91' lang='lat' dir='ltr'>ob</span> <span class='ocrx_word' id='word_1_246' title='bbox 1568 3583 1676 3638; x_wconf 88' lang='lat' dir='ltr'>hoc</span> <span class='ocrx_word' id='word_1_247' title='bbox 1700 3582 1830 3639; x_wconf 89' lang='lat' dir='ltr'>illos</span> <span class='ocrx_word' id='word_1_248' title='bbox 1857 3600 1975 3639; x_wconf 91' lang='lat' dir='ltr'>me-</span> 
     </span>
    </p>
   </div>
   <div class='ocr_carea' id='block_1_37' title="bbox 330 3672 1975 3745">
    <p class='ocr_par' dir='ltr' id='par_1_37' title="bbox 330 3672 1975 3745">
     <span class='ocr_line' id='line_1_37' title="bbox 330 3672 1975 3745; baseline -0.002 -16"><span class='ocrx_word' id='word_1_249' title='bbox 330 3677 507 3731; x_wconf 89' lang='lat' dir='ltr'>liores</span> <span class='ocrx_word' id='word_1_250' title='bbox 534 3693 661 3731; x_wconf 89' lang='lat' dir='ltr'>esse</span> <span class='ocrx_word' id='word_1_251' title='bbox 687 3675 1000 3745; x_wconf 85' lang='lat' dir='ltr'>judicabit:</span> <span class='ocrx_word' id='word_1_252' title='bbox 1038 3691 1169 3729; x_wconf 89' lang='lat' dir='ltr'>cum</span> <span class='ocrx_word' id='word_1_253' title='bbox 1204 3674 1316 3729; x_wconf 75' lang='lat' dir='ltr'>sit&#39;</span> <span class='ocrx_word' id='word_1_254' title='bbox 1347 3673 1664 3744; x_wconf 59' lang='lat' dir='ltr'>praesertim</span> <span class='ocrx_word' id='word_1_255' title='bbox 1690 3672 1747 3727; x_wconf 92' lang='lat' dir='ltr'>in</span> <span class='ocrx_word' id='word_1_256' title='bbox 1789 3672 1975 3728; x_wconf 82' lang='lat' dir='ltr'>socie-</span> 
     </span>
    </p>
   </div>
   <div class='ocr_carea' id='block_1_38' title="bbox 333 3761 1976 3835">
    <p class='ocr_par' dir='ltr' id='par_1_38' title="bbox 333 3761 1976 3835">
     <span class='ocr_line' id='line_1_38' title="bbox 333 3761 1976 3835; baseline -0.002 -16"><span class='ocrx_word' id='word_1_257' title='bbox 333 3770 451 3820; x_wconf 89' lang='lat' dir='ltr'>tate</span> <span class='ocrx_word' id='word_1_258' title='bbox 480 3770 838 3828; x_wconf 88' lang='lat' dir='ltr'>sanctorum,</span> <span class='ocrx_word' id='word_1_259' title='bbox 856 3764 950 3834; x_wconf 90' lang='lat' dir='ltr'>qui</span> <span class='ocrx_word' id='word_1_260' title='bbox 978 3780 1077 3835; x_wconf 90' lang='lat' dir='ltr'>per</span> <span class='ocrx_word' id='word_1_261' title='bbox 1098 3763 1368 3818; x_wconf 90' lang='lat' dir='ltr'>virtutem</span> <span class='ocrx_word' id='word_1_262' title='bbox 1386 3761 1483 3815; x_wconf 92' lang='lat' dir='ltr'>Dei</span> <span class='ocrx_word' id='word_1_263' title='bbox 1503 3761 1593 3816; x_wconf 89' lang='lat' dir='ltr'>cui</span> <span class='ocrx_word' id='word_1_264' title='bbox 1610 3766 1820 3816; x_wconf 90' lang='lat' dir='ltr'>cuncta</span> <span class='ocrx_word' id='word_1_265' title='bbox 1837 3762 1976 3816; x_wconf 92' lang='lat' dir='ltr'>sub-</span> 
     </span>
    </p>
   </div>
   <div class='ocr_carea' id='block_1_39' title="bbox 327 3850 1979 3924">
    <p class='ocr_par' dir='ltr' id='par_1_39' title="bbox 327 3850 1979 3924">
     <span class='ocr_line' id='line_1_39' title="bbox 327 3850 1979 3924; baseline -0.002 -15"><span class='ocrx_word' id='word_1_266' title='bbox 327 3856 486 3924; x_wconf 90' lang='lat' dir='ltr'>jecta</span> <span class='ocrx_word' id='word_1_267' title='bbox 515 3858 673 3918; x_wconf 90' lang='lat' dir='ltr'>sunt,</span> <span class='ocrx_word' id='word_1_268' title='bbox 708 3857 765 3907; x_wconf 88' lang='lat' dir='ltr'>et</span> <span class='ocrx_word' id='word_1_269' title='bbox 800 3851 1037 3907; x_wconf 89' lang='lat' dir='ltr'>minime</span> <span class='ocrx_word' id='word_1_270' title='bbox 1072 3852 1317 3915; x_wconf 81' lang='lat' dir='ltr'>fallacia,</span> <span class='ocrx_word' id='word_1_271' title='bbox 1342 3855 1399 3906; x_wconf 90' lang='lat' dir='ltr'>et</span> <span class='ocrx_word' id='word_1_272' title='bbox 1428 3850 1611 3906; x_wconf 81' lang='lat' dir='ltr'>multo</span> <span class='ocrx_word' id='word_1_273' title='bbox 1640 3851 1859 3922; x_wconf 90' lang='lat' dir='ltr'>majora</span> <span class='ocrx_word' id='word_1_274' title='bbox 1892 3851 1979 3907; x_wconf 87' lang='lat' dir='ltr'>fe-</span> 
     </span>
    </p>
   </div>
   <div class='ocr_carea' id='block_1_40' title="bbox 339 3940 1592 4013">
    <p class='ocr_par' dir='ltr' id='par_1_40' title="bbox 339 3940 1592 4013">
     <span class='ocr_line' id='line_1_40' title="bbox 339 3940 1592 4013; baseline -0.005 -14"><span class='ocrx_word' id='word_1_275' title='bbox 339 3947 565 4005; x_wconf 88' lang='lat' dir='ltr'>cerunt,</span> <span class='ocrx_word' id='word_1_276' title='bbox 600 3942 717 3997; x_wconf 88' lang='lat' dir='ltr'>sive</span> <span class='ocrx_word' id='word_1_277' title='bbox 749 3942 1038 4007; x_wconf 90' lang='lat' dir='ltr'>homines,</span> <span class='ocrx_word' id='word_1_278' title='bbox 1071 3941 1189 3995; x_wconf 90' lang='lat' dir='ltr'>sive</span> <span class='ocrx_word' id='word_1_279' title='bbox 1210 3940 1408 4013; x_wconf 87' lang='lat' dir='ltr'>Angeli</span> <span class='ocrx_word' id='word_1_280' title='bbox 1436 3940 1592 3995; x_wconf 91' lang='lat' dir='ltr'>boni.</span> 
     </span>
    </p>
   </div>
   <div class='ocr_carea' id='block_1_41' title="bbox 406 4028 1980 4100">
    <p class='ocr_par' dir='ltr' id='par_1_41' title="bbox 406 4028 1980 4100">
     <span class='ocr_line' id='line_1_41' title="bbox 406 4028 1980 4100; baseline 0 -13"><span class='ocrx_word' id='word_1_281' title='bbox 406 4031 637 4087; x_wconf 85' lang='lat' dir='ltr'>CAPUT</span> <span class='ocrx_word' id='word_1_282' title='bbox 669 4030 787 4085; x_wconf 84' lang='lat' dir='ltr'>XII.</span> <span class='ocrx_word' id='word_1_283' title='bbox 827 4061 893 4072; x_wconf 93' lang='lat'>--</span> <span class='ocrx_word' id='word_1_284' title='bbox 928 4032 1010 4085; x_wconf 90' lang='grc'>15.</span> <span class='ocrx_word' id='word_1_285' title='bbox 1035 4031 1291 4085; x_wconf 78' lang='lat' dir='ltr'>Diabolus</span> <span class='ocrx_word' id='word_1_286' title='bbox 1320 4031 1536 4100; x_wconf 85' lang='lat' dir='ltr'>mortis,</span> <span class='ocrx_word' id='word_1_287' title='bbox 1573 4028 1821 4085; x_wconf 77' lang='lat' dir='ltr'>Christus</span> <span class='ocrx_word' id='word_1_288' title='bbox 1850 4031 1980 4087; x_wconf 71' lang='lat' dir='ltr'>vita?</span> 
     </span>
    </p>
   </div>
   <div class='ocr_carea' id='block_1_42' title="bbox 330 4117 1980 4191">
    <p class='ocr_par' dir='ltr' id='par_1_42' title="bbox 330 4117 1980 4191">
     <span class='ocr_line' id='line_1_42' title="bbox 330 4117 1980 4191; baseline -0.003 -14"><span class='ocrx_word' id='word_1_289' title='bbox 330 4120 1002 4191; x_wconf 66' lang='lat' dir='ltr'>mediolanNequaquam</span> <span class='ocrx_word' id='word_1_290' title='bbox 1021 4117 1634 4191; x_wconf 81' lang='lat' dir='ltr'>igiturpersacrilegas</span> <span class='ocrx_word' id='word_1_291' title='bbox 1648 4118 1980 4173; x_wconf 87' lang='lat' dir='ltr'>similitudi-</span> 
     </span>
    </p>
   </div>
   <div class='ocr_carea' id='block_1_43' title="bbox 332 4208 1979 4282">
    <p class='ocr_par' dir='ltr' id='par_1_43' title="bbox 332 4208 1979 4282">
     <span class='ocr_line' id='line_1_43' title="bbox 332 4208 1979 4282; baseline -0.001 -16"><span class='ocrx_word' id='word_1_292' title='bbox 332 4226 439 4266; x_wconf 89' lang='lat' dir='ltr'>nes</span> <span class='ocrx_word' id='word_1_293' title='bbox 470 4215 525 4266; x_wconf 90' lang='lat' dir='ltr'>et</span> <span class='ocrx_word' id='word_1_294' title='bbox 544 4210 619 4265; x_wconf 95' lang='lat' dir='ltr'>im</span> <span class='ocrx_word' id='word_1_295' title='bbox 632 4209 754 4282; x_wconf 91' lang='lat' dir='ltr'>pias</span> <span class='ocrx_word' id='word_1_296' title='bbox 768 4208 1134 4265; x_wconf 89' lang='lat' dir='ltr'>curiositates</span> <span class='ocrx_word' id='word_1_297' title='bbox 1155 4213 1210 4263; x_wconf 90' lang='lat' dir='ltr'>et</span> <span class='ocrx_word' id='word_1_298' title='bbox 1233 4208 1490 4279; x_wconf 87' lang='lat' dir='ltr'>magicas</span> <span class='ocrx_word' id='word_1_299' title='bbox 1514 4208 1979 4264; x_wconf 87' lang='lat' dir='ltr'>consecrationes</span> 
     </span>
    </p>
   </div>
   <div class='ocr_carea' id='block_1_44' title="bbox 329 4296 1977 4371">
    <p class='ocr_par' dir='ltr' id='par_1_44' title="bbox 329 4296 1977 4371">
     <span class='ocr_line' id='line_1_44' title="bbox 329 4296 1977 4371; baseline -0.001 -16"><span class='ocrx_word' id='word_1_300' title='bbox 329 4299 538 4355; x_wconf 73' lang='lat' dir='ltr'>animae</span> <span class='ocrx_word' id='word_1_301' title='bbox 565 4304 890 4371; x_wconf 89' lang='lat' dir='ltr'>purgantur</span> <span class='ocrx_word' id='word_1_302' title='bbox 918 4304 975 4354; x_wconf 91' lang='lat' dir='ltr'>et</span> <span class='ocrx_word' id='word_1_303' title='bbox 996 4297 1443 4353; x_wconf 82' lang='lat' dir='ltr'>reconciliantur</span> <span class='ocrx_word' id='word_1_304' title='bbox 1461 4302 1573 4353; x_wconf 92' lang='lat' dir='ltr'>Deo</span> <span class='ocrx_word' id='word_1_305' title='bbox 1601 4314 1612 4351; x_wconf 90' lang='lat'>:</span> <span class='ocrx_word' id='word_1_306' title='bbox 1640 4296 1776 4368; x_wconf 89' lang='lat' dir='ltr'>quia</span> <span class='ocrx_word' id='word_1_307' title='bbox 1796 4299 1977 4353; x_wconf 80' lang='lat' dir='ltr'>falsus</span> 
     </span>
    </p>
   </div>
   <div class='ocr_carea' id='block_1_45' title="bbox 330 4385 1977 4458">
    <p class='ocr_par' dir='ltr' id='par_1_45' title="bbox 330 4385 1977 4458">
     <span class='ocr_line' id='line_1_45' title="bbox 330 4385 1977 4458; baseline -0.002 -14"><span class='ocrx_word' id='word_1_308' title='bbox 330 4388 616 4444; x_wconf 86' lang='lat' dir='ltr'>mediator</span> <span class='ocrx_word' id='word_1_309' title='bbox 630 4406 740 4443; x_wconf 89' lang='lat' dir='ltr'>non</span> <span class='ocrx_word' id='word_1_310' title='bbox 755 4390 863 4458; x_wconf 88' lang='lat' dir='ltr'>traj</span> <span class='ocrx_word' id='word_1_311' title='bbox 876 4386 973 4442; x_wconf 90' lang='lat' dir='ltr'>icit</span> <span class='ocrx_word' id='word_1_312' title='bbox 988 4388 1054 4440; x_wconf 92' lang='lat' dir='ltr'>ad</span> <span class='ocrx_word' id='word_1_313' title='bbox 1074 4386 1375 4457; x_wconf 88' lang='lat' dir='ltr'>superiora</span> <span class='ocrx_word' id='word_1_314' title='bbox 1393 4386 1489 4440; x_wconf 90' lang='lat' dir='ltr'>sed</span> <span class='ocrx_word' id='word_1_315' title='bbox 1501 4386 1611 4456; x_wconf 89' lang='lat' dir='ltr'>poti</span> <span class='ocrx_word' id='word_1_316' title='bbox 1624 4402 1691 4440; x_wconf 89' lang='lat' dir='ltr'>us</span> <span class='ocrx_word' id='word_1_317' title='bbox 1704 4385 1977 4441; x_wconf 85' lang='lat' dir='ltr'>obsidens</span> 
     </span>
    </p>
   </div>
   <div class='ocr_carea' id='block_1_46' title="bbox 328 4475 1975 4548">
    <p class='ocr_par' dir='ltr' id='par_1_46' title="bbox 328 4475 1975 4548">
     <span class='ocr_line' id='line_1_46' title="bbox 328 4475 1975 4548; baseline -0.001 -15"><span class='ocrx_word' id='word_1_318' title='bbox 328 4478 669 4533; x_wconf 83' lang='lat' dir='ltr'>intercludit</span> <span class='ocrx_word' id='word_1_319' title='bbox 693 4480 840 4533; x_wconf 86' lang='lat' dir='ltr'>viam</span> <span class='ocrx_word' id='word_1_320' title='bbox 861 4494 959 4548; x_wconf 90' lang='lat' dir='ltr'>per</span> <span class='ocrx_word' id='word_1_321' title='bbox 974 4477 1388 4547; x_wconf 78' lang='lat' dir='ltr'>atl‘ectus,quos</span> <span class='ocrx_word' id='word_1_322' title='bbox 1409 4480 1565 4531; x_wconf 90' lang='lat' dir='ltr'>tanto</span> <span class='ocrx_word' id='word_1_323' title='bbox 1582 4475 1975 4547; x_wconf 88' lang='lat' dir='ltr'>maligniores,</span> 
     </span>
    </p>
   </div>
   <div class='ocr_carea' id='block_1_47' title="bbox 329 4564 1976 4639">
    <p class='ocr_par' dir='ltr' id='par_1_47' title="bbox 329 4564 1976 4639">
     <span class='ocr_line' id='line_1_47' title="bbox 329 4564 1976 4639; baseline -0.002 -16"><span class='ocrx_word' id='word_1_324' title='bbox 329 4574 552 4639; x_wconf 88' lang='lat' dir='ltr'>quanto</span> <span class='ocrx_word' id='word_1_325' title='bbox 585 4568 954 4639; x_wconf 89' lang='lat' dir='ltr'>superbiores</span> <span class='ocrx_word' id='word_1_326' title='bbox 974 4583 1094 4620; x_wconf 61' lang='lat' dir='ltr'>sum</span> <span class='ocrx_word' id='word_1_327' title='bbox 1113 4566 1370 4620; x_wconf 88' lang='lat' dir='ltr'>societati</span> <span class='ocrx_word' id='word_1_328' title='bbox 1390 4564 1674 4637; x_wconf 79' lang='lat' dir='ltr'>3inspirat</span> <span class='ocrx_word' id='word_1_329' title='bbox 1694 4590 1708 4631; x_wconf 79' lang='lat'>,</span> <span class='ocrx_word' id='word_1_330' title='bbox 1729 4566 1826 4635; x_wconf 91' lang='lat' dir='ltr'>qui</span> <span class='ocrx_word' id='word_1_331' title='bbox 1861 4582 1976 4620; x_wconf 89' lang='lat' dir='ltr'>non</span> 
     </span>
    </p>
   </div>
   <div class='ocr_carea' id='block_1_48' title="bbox 330 4653 1977 4728">
    <p class='ocr_par' dir='ltr' id='par_1_48' title="bbox 330 4653 1977 4728">
     <span class='ocr_line' id='line_1_48' title="bbox 330 4653 1977 4728; baseline -0.002 -16"><span class='ocrx_word' id='word_1_332' title='bbox 330 4661 578 4728; x_wconf 89' lang='lat' dir='ltr'>possunt</span> <span class='ocrx_word' id='word_1_333' title='bbox 600 4658 669 4710; x_wconf 90' lang='lat' dir='ltr'>ad</span> <span class='ocrx_word' id='word_1_334' title='bbox 699 4656 1044 4711; x_wconf 85' lang='lat' dir='ltr'>evolandum</span> <span class='ocrx_word' id='word_1_335' title='bbox 1069 4670 1289 4725; x_wconf 82' lang='lat' dir='ltr'>pennas</span> <span class='ocrx_word' id='word_1_336' title='bbox 1315 4653 1536 4708; x_wconf 91' lang='lat' dir='ltr'>nutrire</span> <span class='ocrx_word' id='word_1_337' title='bbox 1566 4653 1977 4717; x_wconf 88' lang='lat' dir='ltr'>virtutum,sed</span> 
     </span>
    </p>
   </div>
   <div class='ocr_carea' id='block_1_49' title="bbox 328 4742 1975 4817">
    <p class='ocr_par' dir='ltr' id='par_1_49' title="bbox 328 4742 1975 4817">
     <span class='ocr_line' id='line_1_49' title="bbox 328 4742 1975 4817; baseline -0.002 -16"><span class='ocrx_word' id='word_1_338' title='bbox 328 4747 525 4817; x_wconf 87' lang='lat' dir='ltr'>potius</span> <span class='ocrx_word' id='word_1_339' title='bbox 560 4746 630 4800; x_wconf 90' lang='lat' dir='ltr'>ad</span> <span class='ocrx_word' id='word_1_340' title='bbox 662 4744 1119 4815; x_wconf 84' lang='lat' dir='ltr'>demergendum</span> <span class='ocrx_word' id='word_1_341' title='bbox 1145 4742 1403 4814; x_wconf 85' lang='lat' dir='ltr'>pondera</span> <span class='ocrx_word' id='word_1_342' title='bbox 1425 4758 1773 4813; x_wconf 85' lang='lat' dir='ltr'>exaggerare</span> <span class='ocrx_word' id='word_1_343' title='bbox 1812 4742 1975 4797; x_wconf 91' lang='lat' dir='ltr'>vitio-</span> 
     </span>
    </p>
   </div>
   <div class='ocr_carea' id='block_1_50' title="bbox 330 4831 1975 4904">
    <p class='ocr_par' dir='ltr' id='par_1_50' title="bbox 330 4831 1975 4904">
     <span class='ocr_line' id='line_1_50' title="bbox 330 4831 1975 4904; baseline -0.002 -15"><span class='ocrx_word' id='word_1_344' title='bbox 330 4850 485 4899; x_wconf 87' lang='lat' dir='ltr'>rum,</span> <span class='ocrx_word' id='word_1_345' title='bbox 526 4839 683 4888; x_wconf 90' lang='lat' dir='ltr'>tanto</span> <span class='ocrx_word' id='word_1_346' title='bbox 715 4832 951 4904; x_wconf 88' lang='lat' dir='ltr'>gravius</span> <span class='ocrx_word' id='word_1_347' title='bbox 993 4832 1189 4885; x_wconf 86' lang='lat' dir='ltr'>anima</span> <span class='ocrx_word' id='word_1_348' title='bbox 1220 4831 1465 4894; x_wconf 90' lang='lat' dir='ltr'>ruitura,</span> <span class='ocrx_word' id='word_1_349' title='bbox 1499 4835 1714 4900; x_wconf 89' lang='lat' dir='ltr'>quanto</span> <span class='ocrx_word' id='word_1_350' title='bbox 1748 4832 1859 4885; x_wconf 88' lang='lat' dir='ltr'>sibi</span> <span class='ocrx_word' id='word_1_351' title='bbox 1891 4831 1975 4885; x_wconf 90' lang='lat' dir='ltr'>vi-</span> 
     </span>
    </p>
   </div>
   <div class='ocr_carea' id='block_1_51' title="bbox 328 4918 1978 4991">
    <p class='ocr_par' dir='ltr' id='par_1_51' title="bbox 328 4918 1978 4991">
     <span class='ocr_line' id='line_1_51' title="bbox 328 4918 1978 4991; baseline -0.001 -13"><span class='ocrx_word' id='word_1_352' title='bbox 328 4924 500 4978; x_wconf 90' lang='lat' dir='ltr'>detur</span> <span class='ocrx_word' id='word_1_353' title='bbox 528 4928 721 4978; x_wconf 83' lang='lat' dir='ltr'>evecta</span> <span class='ocrx_word' id='word_1_354' title='bbox 742 4922 1074 4976; x_wconf 87' lang='lat' dir='ltr'>sublimius.</span> <span class='ocrx_word' id='word_1_355' title='bbox 1107 4918 1534 4988; x_wconf 86' lang='lat' dir='ltr'>Proinde,sicut</span> <span class='ocrx_word' id='word_1_356' title='bbox 1554 4919 1699 4991; x_wconf 83' lang='lat' dir='ltr'>Magi</span> <span class='ocrx_word' id='word_1_357' title='bbox 1720 4921 1978 4976; x_wconf 87' lang='lat' dir='ltr'>fecerunt</span> 
     </span>
    </p>
   </div>
   <div class='ocr_carea' id='block_1_52' title="bbox 328 5008 1975 5079">
    <p class='ocr_par' dir='ltr' id='par_1_52' title="bbox 328 5008 1975 5079">
     <span class='ocr_line' id='line_1_52' title="bbox 328 5008 1975 5079; baseline -0.001 -13"><span class='ocrx_word' id='word_1_358' title='bbox 328 5012 610 5067; x_wconf 90' lang='lat' dir='ltr'>divinitus</span> <span class='ocrx_word' id='word_1_359' title='bbox 631 5012 831 5066; x_wconf 88' lang='lat' dir='ltr'>moniti</span> <span class='ocrx_word' id='word_1_360' title='bbox 854 5009 1074 5079; x_wconf 80' lang='lat' dir='ltr'>(Matth.</span> <span class='ocrx_word' id='word_1_361' title='bbox 1102 5026 1163 5073; x_wconf 81' lang='grc' dir='ltr'>ιι,</span> <span class='ocrx_word' id='word_1_362' title='bbox 1202 5011 1312 5076; x_wconf 83' lang='lat'>12).</span> <span class='ocrx_word' id='word_1_363' title='bbox 1333 5025 1479 5079; x_wconf 91' lang='lat' dir='ltr'>quos</span> <span class='ocrx_word' id='word_1_364' title='bbox 1497 5009 1565 5062; x_wconf 92' lang='lat' dir='ltr'>ad</span> <span class='ocrx_word' id='word_1_365' title='bbox 1588 5008 1975 5064; x_wconf 90' lang='lat' dir='ltr'>humilitatem</span> 
     </span>
    </p>
   </div>
   <div class='ocr_carea' id='block_1_53' title="bbox 330 5098 1976 5169">
    <p class='ocr_par' dir='ltr' id='par_1_53' title="bbox 330 5098 1976 5169">
     <span class='ocr_line' id='line_1_53' title="bbox 330 5098 1976 5169; baseline -0.002 -13"><span class='ocrx_word' id='word_1_366' title='bbox 330 5100 558 5156; x_wconf 88' lang='lat' dir='ltr'>Domini</span> <span class='ocrx_word' id='word_1_367' title='bbox 591 5101 948 5156; x_wconf 90' lang='lat' dir='ltr'>adorandam</span> <span class='ocrx_word' id='word_1_368' title='bbox 982 5098 1147 5153; x_wconf 88' lang='lat' dir='ltr'>stella</span> <span class='ocrx_word' id='word_1_369' title='bbox 1181 5098 1584 5169; x_wconf 86' lang='lat' dir='ltr'>perduxit;ita</span> <span class='ocrx_word' id='word_1_370' title='bbox 1612 5102 1667 5152; x_wconf 92' lang='lat' dir='ltr'>et</span> <span class='ocrx_word' id='word_1_371' title='bbox 1699 5114 1827 5164; x_wconf 90' lang='lat' dir='ltr'>nos,</span> <span class='ocrx_word' id='word_1_372' title='bbox 1862 5115 1976 5153; x_wconf 87' lang='lat' dir='ltr'>non</span> 
     </span>
    </p>
   </div>
   <div class='ocr_carea' id='block_1_54' title="bbox 329 5184 1976 5261">
    <p class='ocr_par' dir='ltr' id='par_1_54' title="bbox 329 5184 1976 5261">
     <span class='ocr_line' id='line_1_54' title="bbox 329 5184 1976 5261; baseline -0.002 -16"><span class='ocrx_word' id='word_1_373' title='bbox 329 5207 447 5261; x_wconf 88' lang='lat' dir='ltr'>qua</span> <span class='ocrx_word' id='word_1_374' title='bbox 479 5189 770 5252; x_wconf 90' lang='lat' dir='ltr'>venimus,</span> <span class='ocrx_word' id='word_1_375' title='bbox 805 5190 904 5243; x_wconf 89' lang='lat' dir='ltr'>sed</span> <span class='ocrx_word' id='word_1_376' title='bbox 937 5204 1040 5260; x_wconf 83' lang='lat' dir='ltr'>per</span> <span class='ocrx_word' id='word_1_377' title='bbox 1060 5186 1231 5241; x_wconf 90' lang='lat' dir='ltr'>aliam</span> <span class='ocrx_word' id='word_1_378' title='bbox 1262 5184 1410 5239; x_wconf 84' lang='lat' dir='ltr'>viam</span> <span class='ocrx_word' id='word_1_379' title='bbox 1440 5187 1495 5239; x_wconf 91' lang='lat' dir='ltr'>in</span> <span class='ocrx_word' id='word_1_380' title='bbox 1518 5186 1763 5256; x_wconf 91' lang='lat' dir='ltr'>patriam</span> <span class='ocrx_word' id='word_1_381' title='bbox 1788 5187 1976 5243; x_wconf 90' lang='lat' dir='ltr'>redire</span> 
     </span>
    </p>
   </div>
   <div class='ocr_carea' id='block_1_55' title="bbox 329 5274 1977 5350">
    <p class='ocr_par' dir='ltr' id='par_1_55' title="bbox 329 5274 1977 5350">
     <span class='ocr_line' id='line_1_55' title="bbox 329 5274 1977 5350; baseline -0.002 -16"><span class='ocrx_word' id='word_1_382' title='bbox 329 5280 633 5342; x_wconf 89' lang='lat' dir='ltr'>debemus,</span> <span class='ocrx_word' id='word_1_383' title='bbox 653 5295 831 5350; x_wconf 88' lang='lat' dir='ltr'>quam</span> <span class='ocrx_word' id='word_1_384' title='bbox 862 5295 961 5332; x_wconf 78' lang='lat' dir='ltr'>rex</span> <span class='ocrx_word' id='word_1_385' title='bbox 992 5275 1233 5330; x_wconf 91' lang='lat' dir='ltr'>humilis</span> <span class='ocrx_word' id='word_1_386' title='bbox 1251 5274 1465 5342; x_wconf 89' lang='lat' dir='ltr'>docuit,</span> <span class='ocrx_word' id='word_1_387' title='bbox 1489 5281 1545 5327; x_wconf 91' lang='lat' dir='ltr'>et</span> <span class='ocrx_word' id='word_1_388' title='bbox 1563 5290 1737 5344; x_wconf 90' lang='lat' dir='ltr'>quam</span> <span class='ocrx_word' id='word_1_389' title='bbox 1764 5291 1857 5330; x_wconf 81' lang='lat' dir='ltr'>rex</span> <span class='ocrx_word' id='word_1_390' title='bbox 1880 5292 1977 5331; x_wconf 84' lang='lat' dir='ltr'>su-</span> 
     </span>
    </p>
   </div>
   <div class='ocr_carea' id='block_1_56' title="bbox 329 5362 1970 5441">
    <p class='ocr_par' dir='ltr' id='par_1_56' title="bbox 329 5362 1970 5441">
     <span class='ocr_line' id='line_1_56' title="bbox 329 5362 1970 5441; baseline -0.002 -18"><span class='ocrx_word' id='word_1_391' title='bbox 329 5369 543 5441; x_wconf 89' lang='lat' dir='ltr'>perbus</span> <span class='ocrx_word' id='word_1_392' title='bbox 575 5366 781 5422; x_wconf 91' lang='lat' dir='ltr'>humili</span> <span class='ocrx_word' id='word_1_393' title='bbox 809 5366 929 5439; x_wconf 88' lang='lat' dir='ltr'>regi</span> <span class='ocrx_word' id='word_1_394' title='bbox 955 5363 1324 5421; x_wconf 89' lang='lat' dir='ltr'>adversarius</span> <span class='ocrx_word' id='word_1_395' title='bbox 1342 5362 1610 5418; x_wconf 88' lang='lat' dir='ltr'>obsidere</span> <span class='ocrx_word' id='word_1_396' title='bbox 1630 5380 1742 5417; x_wconf 90' lang='lat' dir='ltr'>non</span> <span class='ocrx_word' id='word_1_397' title='bbox 1764 5364 1970 5435; x_wconf 89' lang='lat' dir='ltr'>possit.</span> 
     </span>
    </p>
   </div>
   <div class='ocr_carea' id='block_1_57' title="bbox 329 5450 1972 5528">
    <p class='ocr_par' dir='ltr' id='par_1_57' title="bbox 329 5450 1972 5528">
     <span class='ocr_line' id='line_1_57' title="bbox 329 5450 1972 5528; baseline -0.002 -15"><span class='ocrx_word' id='word_1_398' title='bbox 329 5457 397 5513; x_wconf 84' lang='lat' dir='ltr'>Et</span> <span class='ocrx_word' id='word_1_399' title='bbox 427 5457 596 5513; x_wconf 88' lang='lat' dir='ltr'>nobis</span> <span class='ocrx_word' id='word_1_400' title='bbox 618 5457 869 5528; x_wconf 88' lang='lat' dir='ltr'>enim,ut</span> <span class='ocrx_word' id='word_1_401' title='bbox 884 5456 1197 5511; x_wconf 88' lang='lat' dir='ltr'>adoremus</span> <span class='ocrx_word' id='word_1_402' title='bbox 1215 5451 1500 5508; x_wconf 89' lang='lat' dir='ltr'>humilem</span> <span class='ocrx_word' id='word_1_403' title='bbox 1520 5450 1972 5519; x_wconf 76' lang='lat' dir='ltr'>Christum,cmli</span> 
     </span>
    </p>
   </div>
   <div class='ocr_carea' id='block_1_58' title="bbox 394 5603 1974 5673">
    <p class='ocr_par' dir='ltr' id='par_1_58' title="bbox 394 5603 1974 5673">
     <span class='ocr_line' id='line_1_58' title="bbox 394 5603 1974 5673; baseline -0.003 -13"><span class='ocrx_word' id='word_1_404' title='bbox 394 5612 409 5646; x_wconf 76' lang='grc' dir='ltr'>ί</span> <span class='ocrx_word' id='word_1_405' title='bbox 444 5609 529 5660; x_wconf 91' lang='lat' dir='ltr'>Sic</span> <span class='ocrx_word' id='word_1_406' title='bbox 562 5610 745 5673; x_wconf 82' lang='lat' dir='ltr'>plures</span> <span class='ocrx_word' id='word_1_407' title='bbox 758 5610 879 5659; x_wconf 81' lang='lat' dir='ltr'>Mss.</span> <span class='ocrx_word' id='word_1_408' title='bbox 905 5608 1002 5658; x_wconf 83' lang='lat' dir='ltr'>Alii</span> <span class='ocrx_word' id='word_1_409' title='bbox 1032 5620 1157 5656; x_wconf 86' lang='lat' dir='ltr'>vero</span> <span class='ocrx_word' id='word_1_410' title='bbox 1180 5618 1299 5655; x_wconf 89' lang='lat' dir='ltr'>cum</span> <span class='ocrx_word' id='word_1_411' title='bbox 1320 5603 1974 5673; x_wconf 42' lang='lat' dir='ltr'>Amprgeipitantﬁubdi-</span> 
     </span>
    </p>
   </div>
   <div class='ocr_carea' id='block_1_59' title="bbox 331 5665 1879 5731">
    <p class='ocr_par' dir='ltr' id='par_1_59' title="bbox 331 5665 1879 5731">
     <span class='ocr_line' id='line_1_59' title="bbox 331 5665 1879 5731; baseline -0.003 -10"><span class='ocrx_word' id='word_1_412' title='bbox 331 5675 437 5722; x_wconf 86' lang='lat' dir='ltr'>tum</span> <span class='ocrx_word' id='word_1_413' title='bbox 468 5665 660 5722; x_wconf 76' lang='lat' dir='ltr'>tenens.</span> <span class='ocrx_word' id='word_1_414' title='bbox 692 5674 775 5721; x_wconf 84' lang='lat' dir='ltr'>Er.</span> <span class='ocrx_word' id='word_1_415' title='bbox 813 5676 865 5721; x_wconf 88' lang='lat' dir='ltr'>et</span> <span class='ocrx_word' id='word_1_416' title='bbox 896 5673 1037 5727; x_wconf 88' lang='lat' dir='ltr'>Lov.,</span> <span class='ocrx_word' id='word_1_417' title='bbox 1060 5672 1366 5731; x_wconf 68' lang='grc' dir='ltr'>ρνεσιριιαε,</span> <span class='ocrx_word' id='word_1_418' title='bbox 1401 5665 1661 5731; x_wconf 48' lang='lat' dir='ltr'>subi/itum</span> <span class='ocrx_word' id='word_1_419' title='bbox 1687 5674 1879 5731; x_wconf 75' lang='lat' dir='ltr'>tenens.</span> 
     </span>
    </p>
   </div>
   <div class='ocr_carea' id='block_1_60' title="bbox 394 5730 1973 5797">
    <p class='ocr_par' dir='ltr' id='par_1_60' title="bbox 394 5730 1973 5797">
     <span class='ocr_line' id='line_1_60' title="bbox 394 5730 1973 5797; baseline -0.001 -13"><span class='ocrx_word' id='word_1_420' title='bbox 394 5737 415 5770; x_wconf 75' lang='grc'><em>³</em></span> <span class='ocrx_word' id='word_1_421' title='bbox 436 5735 589 5797; x_wconf 84' lang='lat' dir='ltr'>Editi,</span> <span class='ocrx_word' id='word_1_422' title='bbox 617 5750 731 5785; x_wconf 88' lang='lat' dir='ltr'>cum</span> <span class='ocrx_word' id='word_1_423' title='bbox 759 5736 879 5784; x_wconf 77' lang='lat' dir='ltr'>sint.</span> <span class='ocrx_word' id='word_1_424' title='bbox 912 5736 977 5797; x_wconf 77' lang='lat' dir='ltr'>At</span> <span class='ocrx_word' id='word_1_425' title='bbox 1023 5734 1146 5783; x_wconf 83' lang='lat' dir='ltr'>Mes.</span> <span class='ocrx_word' id='word_1_426' title='bbox 1167 5730 1277 5797; x_wconf 75' lang='lat' dir='ltr'>eum</span> <span class='ocrx_word' id='word_1_427' title='bbox 1303 5733 1401 5797; x_wconf 64' lang='lat' dir='ltr'>sit:</span> <span class='ocrx_word' id='word_1_428' title='bbox 1431 5730 1611 5779; x_wconf 87' lang='lat' dir='ltr'>anima</span> <span class='ocrx_word' id='word_1_429' title='bbox 1639 5730 1839 5781; x_wconf 78' lang='lat' dir='ltr'>scilicet</span> <span class='ocrx_word' id='word_1_430' title='bbox 1866 5730 1973 5797; x_wconf 81' lang='lat' dir='ltr'>pia.</span> 
     </span>
    </p>
   </div>
   <div class='ocr_carea' id='block_1_61' title="bbox 391 5793 1353 5864">
    <p class='ocr_par' dir='ltr' id='par_1_61' title="bbox 391 5793 1353 5864">
     <span class='ocr_line' id='line_1_61' title="bbox 391 5793 1353 5864; baseline -0.009 -14"><span class='ocrx_word' id='word_1_431' title='bbox 391 5799 414 5835; x_wconf 78' lang='grc'><strong><em>⁸</em></strong></span> <span class='ocrx_word' id='word_1_432' title='bbox 441 5798 527 5850; x_wconf 86' lang='lat' dir='ltr'>Er.</span> <span class='ocrx_word' id='word_1_433' title='bbox 559 5793 611 5850; x_wconf 82' lang='lat' dir='ltr'>et</span> <span class='ocrx_word' id='word_1_434' title='bbox 637 5798 877 5864; x_wconf 81' lang='lat' dir='ltr'>plerique</span> <span class='ocrx_word' id='word_1_435' title='bbox 907 5796 1053 5857; x_wconf 60' lang='lat' dir='ltr'>Msa,</span> <span class='ocrx_word' id='word_1_436' title='bbox 1081 5793 1353 5844; x_wconf 74' lang='lat' dir='ltr'>societatis.</span> 
     </span>
    </p>
   </div>
   <div class='ocr_carea' id='block_1_62' title="bbox 1686 416 2357 488">
    <p class='ocr_par' dir='ltr' id='par_1_62' title="bbox 1686 416 2357 488">
     <span class='ocr_line' id='line_1_62' title="bbox 1686 416 2357 488; baseline 0 -10"><span class='ocrx_word' id='word_1_437' title='bbox 1686 416 1920 478; x_wconf 75' lang='lat' dir='ltr'>LIBER</span> <span class='ocrx_word' id='word_1_438' title='bbox 1965 417 2357 488; x_wconf 81' lang='lat' dir='ltr'>QUARTUS.</span> 
     </span>
    </p>
   </div>
   <div class='ocr_carea' id='block_1_63' title="bbox 3597 426 3717 487">
    <p class='ocr_par' dir='ltr' id='par_1_63' title="bbox 3597 426 3717 487">
     <span class='ocr_line' id='line_1_63' title="bbox 3597 426 3717 487; baseline 0.017 -2"><span class='ocrx_word' id='word_1_439' title='bbox 3597 426 3717 487; x_wconf 88' lang='lat'>898</span> 
     </span>
    </p>
   </div>
   <div class='ocr_carea' id='block_1_64' title="bbox 2067 552 3707 623">
    <p class='ocr_par' dir='ltr' id='par_1_64' title="bbox 2067 552 3707 623">
     <span class='ocr_line' id='line_1_64' title="bbox 2067 552 3707 623; baseline 0.005 -18"><span class='ocrx_word' id='word_1_440' title='bbox 2067 557 2481 606; x_wconf 79' lang='lat' dir='ltr'>enarravcrunt</span> <span class='ocrx_word' id='word_1_441' title='bbox 2514 552 2755 623; x_wconf 78' lang='lat' dir='ltr'>gloriam</span> <span class='ocrx_word' id='word_1_442' title='bbox 2789 552 3042 623; x_wconf 87' lang='lat' dir='ltr'>Dei,cum</span> <span class='ocrx_word' id='word_1_443' title='bbox 3075 554 3130 609; x_wconf 88' lang='lat' dir='ltr'>in</span> <span class='ocrx_word' id='word_1_444' title='bbox 3164 554 3219 609; x_wconf 91' lang='lat' dir='ltr'>in</span> <span class='ocrx_word' id='word_1_445' title='bbox 3243 562 3707 614; x_wconf 88' lang='lat' dir='ltr'>omnemterram</span> 
     </span>
    </p>
   </div>
   <div class='ocr_carea' id='block_1_65' title="bbox 2068 640 3715 711">
    <p class='ocr_par' dir='ltr' id='par_1_65' title="bbox 2068 640 3715 711">
     <span class='ocr_line' id='line_1_65' title="bbox 2068 640 3715 711; baseline 0.005 -16"><span class='ocrx_word' id='word_1_446' title='bbox 2068 640 2207 695; x_wconf 80' lang='lat' dir='ltr'>exiit</span> <span class='ocrx_word' id='word_1_447' title='bbox 2234 658 2414 695; x_wconf 91' lang='lat' dir='ltr'>sonus</span> <span class='ocrx_word' id='word_1_448' title='bbox 2444 658 2666 711; x_wconf 88' lang='lat' dir='ltr'>eorum,</span> <span class='ocrx_word' id='word_1_449' title='bbox 2698 648 2755 697; x_wconf 89' lang='lat' dir='ltr'>et</span> <span class='ocrx_word' id='word_1_450' title='bbox 2786 643 2842 697; x_wconf 92' lang='lat' dir='ltr'>in</span> <span class='ocrx_word' id='word_1_451' title='bbox 2879 644 3021 699; x_wconf 80' lang='lat' dir='ltr'>fines</span> <span class='ocrx_word' id='word_1_452' title='bbox 3051 644 3209 701; x_wconf 88' lang='lat' dir='ltr'>orbis</span> <span class='ocrx_word' id='word_1_453' title='bbox 3236 652 3398 701; x_wconf 67' lang='lat' dir='ltr'>terra:</span> <span class='ocrx_word' id='word_1_454' title='bbox 3422 647 3593 702; x_wconf 87' lang='lat' dir='ltr'>verba</span> <span class='ocrx_word' id='word_1_455' title='bbox 3618 665 3715 703; x_wconf 89' lang='lat' dir='ltr'>eo-</span> 
     </span>
    </p>
   </div>
   <div class='ocr_carea' id='block_1_66' title="bbox 2070 729 3716 808">
    <p class='ocr_par' dir='ltr' id='par_1_66' title="bbox 2070 729 3716 808">
     <span class='ocr_line' id='line_1_66' title="bbox 2070 729 3716 808; baseline 0.007 -26"><span class='ocrx_word' id='word_1_456' title='bbox 2070 746 2201 783; x_wconf 88' lang='lat' dir='ltr'>rum</span> <span class='ocrx_word' id='word_1_457' title='bbox 2234 729 2414 801; x_wconf 80' lang='lat' dir='ltr'>(Psal.</span> <span class='ocrx_word' id='word_1_458' title='bbox 2441 747 2595 796; x_wconf 77' lang='lat' dir='ltr'>xvxn,</span> <span class='ocrx_word' id='word_1_459' title='bbox 2626 733 2680 795; x_wconf 93' lang='lat'>2,</span> <span class='ocrx_word' id='word_1_460' title='bbox 2699 733 2775 801; x_wconf 88' lang='lat'>5).</span> <span class='ocrx_word' id='word_1_461' title='bbox 2803 731 2905 786; x_wconf 88' lang='lat' dir='ltr'>Via</span> <span class='ocrx_word' id='word_1_462' title='bbox 2930 734 3098 788; x_wconf 90' lang='lat' dir='ltr'>nobis</span> <span class='ocrx_word' id='word_1_463' title='bbox 3123 735 3314 789; x_wconf 83' lang='lat' dir='ltr'>fuitad</span> <span class='ocrx_word' id='word_1_464' title='bbox 3341 743 3589 792; x_wconf 89' lang='lat' dir='ltr'>mortem</span> <span class='ocrx_word' id='word_1_465' title='bbox 3614 754 3716 808; x_wconf 92' lang='lat' dir='ltr'>per</span> 
     </span>
    </p>
   </div>
   <div class='ocr_carea' id='block_1_67' title="bbox 2070 819 3718 897">
    <p class='ocr_par' dir='ltr' id='par_1_67' title="bbox 2070 819 3718 897">
     <span class='ocr_line' id='line_1_67' title="bbox 2070 819 3718 897; baseline 0.005 -25"><span class='ocrx_word' id='word_1_466' title='bbox 2070 824 2369 891; x_wconf 89' lang='lat' dir='ltr'>peccatum</span> <span class='ocrx_word' id='word_1_467' title='bbox 2394 819 2450 873; x_wconf 89' lang='lat' dir='ltr'>in</span> <span class='ocrx_word' id='word_1_468' title='bbox 2477 821 2681 874; x_wconf 86' lang='lat' dir='ltr'>Adam.</span> <span class='ocrx_word' id='word_1_469' title='bbox 2717 822 2821 875; x_wconf 83' lang='lat' dir='ltr'>Per</span> <span class='ocrx_word' id='word_1_470' title='bbox 2846 838 3020 876; x_wconf 83' lang='lat' dir='ltr'>unum</span> <span class='ocrx_word' id='word_1_471' title='bbox 3050 823 3268 894; x_wconf 90' lang='lat' dir='ltr'>quippe</span> <span class='ocrx_word' id='word_1_472' title='bbox 3297 825 3573 879; x_wconf 83' lang='lat' dir='ltr'>hominem</span> <span class='ocrx_word' id='word_1_473' title='bbox 3598 844 3718 897; x_wconf 83' lang='lat' dir='ltr'>pee-</span> 
     </span>
    </p>
   </div>
   <div class='ocr_carea' id='block_1_68' title="bbox 2073 910 3716 983">
    <p class='ocr_par' dir='ltr' id='par_1_68' title="bbox 2073 910 3716 983">
     <span class='ocr_line' id='line_1_68' title="bbox 2073 910 3716 983; baseline 0.004 -20"><span class='ocrx_word' id='word_1_474' title='bbox 2073 917 2253 963; x_wconf 86' lang='lat' dir='ltr'>catum</span> <span class='ocrx_word' id='word_1_475' title='bbox 2276 910 2502 963; x_wconf 72' lang='lat' dir='ltr'>intravit</span> <span class='ocrx_word' id='word_1_476' title='bbox 2534 911 2591 964; x_wconf 84' lang='lat' dir='ltr'>in</span> <span class='ocrx_word' id='word_1_477' title='bbox 2622 910 2909 976; x_wconf 83' lang='lat' dir='ltr'>mundum,</span> <span class='ocrx_word' id='word_1_478' title='bbox 2942 920 2994 966; x_wconf 84' lang='lat' dir='ltr'>et</span> <span class='ocrx_word' id='word_1_479' title='bbox 3021 929 3120 982; x_wconf 81' lang='lat' dir='ltr'>per</span> <span class='ocrx_word' id='word_1_480' title='bbox 3146 923 3429 983; x_wconf 82' lang='lat' dir='ltr'>peccatum</span> <span class='ocrx_word' id='word_1_481' title='bbox 3457 932 3634 978; x_wconf 86' lang='lat' dir='ltr'>mors;</span> <span class='ocrx_word' id='word_1_482' title='bbox 3665 918 3716 970; x_wconf 88' lang='lat' dir='ltr'>et</span> 
     </span>
    </p>
   </div>
   <div class='ocr_carea' id='block_1_69' title="bbox 2071 998 3718 1075">
    <p class='ocr_par' dir='ltr' id='par_1_69' title="bbox 2071 998 3718 1075">
     <span class='ocr_line' id='line_1_69' title="bbox 2071 998 3718 1075; baseline 0.005 -24"><span class='ocrx_word' id='word_1_483' title='bbox 2071 998 2152 1051; x_wconf 82' lang='lat' dir='ltr'>ita</span> <span class='ocrx_word' id='word_1_484' title='bbox 2181 999 2234 1051; x_wconf 80' lang='lat' dir='ltr'>in</span> <span class='ocrx_word' id='word_1_485' title='bbox 2261 1012 2440 1052; x_wconf 83' lang='lat' dir='ltr'>omnes</span> <span class='ocrx_word' id='word_1_486' title='bbox 2465 999 2707 1053; x_wconf 84' lang='lat' dir='ltr'>homines</span> <span class='ocrx_word' id='word_1_487' title='bbox 2726 1001 3074 1069; x_wconf 79' lang='lat' dir='ltr'>pertransiit,</span> <span class='ocrx_word' id='word_1_488' title='bbox 3094 1001 3155 1054; x_wconf 88' lang='lat' dir='ltr'>in</span> <span class='ocrx_word' id='word_1_489' title='bbox 3182 1018 3285 1071; x_wconf 84' lang='lat' dir='ltr'>quo</span> <span class='ocrx_word' id='word_1_490' title='bbox 3315 1018 3497 1057; x_wconf 85' lang='lat' dir='ltr'>omnes</span> <span class='ocrx_word' id='word_1_491' title='bbox 3523 1019 3718 1075; x_wconf 85' lang='lat' dir='ltr'>pecca-</span> 
     </span>
    </p>
   </div>
   <div class='ocr_carea' id='block_1_70' title="bbox 2071 1085 3720 1163">
    <p class='ocr_par' dir='ltr' id='par_1_70' title="bbox 2071 1085 3720 1163">
     <span class='ocr_line' id='line_1_70' title="bbox 2071 1085 3720 1163; baseline 0.005 -23"><span class='ocrx_word' id='word_1_492' title='bbox 2071 1091 2262 1140; x_wconf 82' lang='lat' dir='ltr'>verunt</span> <span class='ocrx_word' id='word_1_493' title='bbox 2293 1087 2645 1157; x_wconf 84' lang='lat' dir='ltr'>(Rom.v,12).</span> <span class='ocrx_word' id='word_1_494' title='bbox 2672 1085 2862 1159; x_wconf 87' lang='lat' dir='ltr'>Hujus</span> <span class='ocrx_word' id='word_1_495' title='bbox 2878 1090 2982 1144; x_wconf 70' lang='lat' dir='ltr'>via:</span> <span class='ocrx_word' id='word_1_496' title='bbox 3004 1090 3288 1146; x_wconf 90' lang='lat' dir='ltr'>mediator</span> <span class='ocrx_word' id='word_1_497' title='bbox 3302 1091 3571 1148; x_wconf 90' lang='lat' dir='ltr'>diabolus</span> <span class='ocrx_word' id='word_1_498' title='bbox 3592 1093 3720 1163; x_wconf 79' lang='lat' dir='ltr'>fuit,</span> 
     </span>
    </p>
   </div>
   <div class='ocr_carea' id='block_1_71' title="bbox 2076 1176 3719 1250">
    <p class='ocr_par' dir='ltr' id='par_1_71' title="bbox 2076 1176 3719 1250">
     <span class='ocr_line' id='line_1_71' title="bbox 2076 1176 3719 1250; baseline 0.006 -21"><span class='ocrx_word' id='word_1_499' title='bbox 2076 1191 2384 1246; x_wconf 89' lang='lat' dir='ltr'>persuasor</span> <span class='ocrx_word' id='word_1_500' title='bbox 2412 1176 2652 1247; x_wconf 87' lang='lat' dir='ltr'>peccati,</span> <span class='ocrx_word' id='word_1_501' title='bbox 2685 1183 2742 1232; x_wconf 87' lang='lat' dir='ltr'>et</span> <span class='ocrx_word' id='word_1_502' title='bbox 2771 1177 3238 1250; x_wconf 72' lang='lat' dir='ltr'>prrecipitatorin</span> <span class='ocrx_word' id='word_1_503' title='bbox 3272 1186 3540 1238; x_wconf 90' lang='lat' dir='ltr'>mortem.</span> <span class='ocrx_word' id='word_1_504' title='bbox 3573 1182 3719 1239; x_wconf 89' lang='lat' dir='ltr'>Nam</span> 
     </span>
    </p>
   </div>
   <div class='ocr_carea' id='block_1_72' title="bbox 2076 1264 3720 1339">
    <p class='ocr_par' dir='ltr' id='par_1_72' title="bbox 2076 1264 3720 1339">
     <span class='ocr_line' id='line_1_72' title="bbox 2076 1264 3720 1339; baseline 0.005 -20"><span class='ocrx_word' id='word_1_505' title='bbox 2076 1264 2271 1337; x_wconf 90' lang='lat' dir='ltr'>etipse</span> <span class='ocrx_word' id='word_1_506' title='bbox 2294 1266 2363 1319; x_wconf 91' lang='lat' dir='ltr'>ad</span> <span class='ocrx_word' id='word_1_507' title='bbox 2386 1266 2737 1337; x_wconf 83' lang='lat' dir='ltr'>operandam</span> <span class='ocrx_word' id='word_1_508' title='bbox 2762 1266 3001 1338; x_wconf 86' lang='lat' dir='ltr'>duplam</span> <span class='ocrx_word' id='word_1_509' title='bbox 3022 1276 3265 1324; x_wconf 85' lang='lat' dir='ltr'>mortem</span> <span class='ocrx_word' id='word_1_510' title='bbox 3292 1270 3720 1339; x_wconf 84' lang='lat' dir='ltr'>nostram,sim-</span> 
     </span>
    </p>
   </div>
   <div class='ocr_carea' id='block_1_73' title="bbox 2079 1352 3723 1430">
    <p class='ocr_par' dir='ltr' id='par_1_73' title="bbox 2079 1352 3723 1430">
     <span class='ocr_line' id='line_1_73' title="bbox 2079 1352 3723 1430; baseline 0.006 -24"><span class='ocrx_word' id='word_1_511' title='bbox 2079 1352 2233 1425; x_wconf 91' lang='lat' dir='ltr'>plam</span> <span class='ocrx_word' id='word_1_512' title='bbox 2267 1354 3144 1428; x_wconf 83' lang='lat' dir='ltr'>attulitsuam.Perimpietatem</span> <span class='ocrx_word' id='word_1_513' title='bbox 3176 1375 3431 1430; x_wconf 88' lang='lat' dir='ltr'>namque</span> <span class='ocrx_word' id='word_1_514' title='bbox 3455 1366 3723 1417; x_wconf 85' lang='lat' dir='ltr'>mortuus</span> 
     </span>
    </p>
   </div>
   <div class='ocr_carea' id='block_1_74' title="bbox 2078 1442 3724 1516">
    <p class='ocr_par' dir='ltr' id='par_1_74' title="bbox 2078 1442 3724 1516">
     <span class='ocr_line' id='line_1_74' title="bbox 2078 1442 3724 1516; baseline 0.005 -19"><span class='ocrx_word' id='word_1_515' title='bbox 2078 1450 2167 1498; x_wconf 90' lang='lat' dir='ltr'>est</span> <span class='ocrx_word' id='word_1_516' title='bbox 2197 1442 2251 1498; x_wconf 91' lang='lat' dir='ltr'>in</span> <span class='ocrx_word' id='word_1_517' title='bbox 2286 1443 2518 1513; x_wconf 82' lang='lat' dir='ltr'>spiritu,</span> <span class='ocrx_word' id='word_1_518' title='bbox 2544 1462 2713 1500; x_wconf 88' lang='lat' dir='ltr'>carne</span> <span class='ocrx_word' id='word_1_519' title='bbox 2740 1446 2938 1516; x_wconf 85' lang='lat' dir='ltr'>utique</span> <span class='ocrx_word' id='word_1_520' title='bbox 2972 1451 3241 1502; x_wconf 89' lang='lat' dir='ltr'>mortuus</span> <span class='ocrx_word' id='word_1_521' title='bbox 3274 1465 3385 1503; x_wconf 91' lang='lat' dir='ltr'>non</span> <span class='ocrx_word' id='word_1_522' title='bbox 3418 1456 3532 1505; x_wconf 88' lang='lat' dir='ltr'>est:</span> <span class='ocrx_word' id='word_1_523' title='bbox 3557 1450 3724 1506; x_wconf 89' lang='lat' dir='ltr'>nobis</span> 
     </span>
    </p>
   </div>
   <div class='ocr_carea' id='block_1_75' title="bbox 2080 1534 3723 1607">
    <p class='ocr_par' dir='ltr' id='par_1_75' title="bbox 2080 1534 3723 1607">
     <span class='ocr_line' id='line_1_75' title="bbox 2080 1534 3723 1607; baseline 0.004 -20"><span class='ocrx_word' id='word_1_524' title='bbox 2080 1539 2274 1587; x_wconf 87' lang='lat' dir='ltr'>autem</span> <span class='ocrx_word' id='word_1_525' title='bbox 2307 1539 2361 1588; x_wconf 90' lang='lat' dir='ltr'>et</span> <span class='ocrx_word' id='word_1_526' title='bbox 2410 1534 2764 1605; x_wconf 89' lang='lat' dir='ltr'>impietatem</span> <span class='ocrx_word' id='word_1_527' title='bbox 2802 1535 3110 1606; x_wconf 80' lang='lat' dir='ltr'>persuasit,</span> <span class='ocrx_word' id='word_1_528' title='bbox 3153 1541 3207 1591; x_wconf 92' lang='lat' dir='ltr'>et</span> <span class='ocrx_word' id='word_1_529' title='bbox 3240 1554 3339 1607; x_wconf 91' lang='lat' dir='ltr'>per</span> <span class='ocrx_word' id='word_1_530' title='bbox 3361 1537 3540 1593; x_wconf 77' lang='lat' dir='ltr'>hanc‘</span> <span class='ocrx_word' id='word_1_531' title='bbox 3580 1544 3641 1593; x_wconf 93' lang='lat' dir='ltr'>ut</span> <span class='ocrx_word' id='word_1_532' title='bbox 3666 1539 3723 1595; x_wconf 91' lang='lat' dir='ltr'>in</span> 
     </span>
    </p>
   </div>
   <div class='ocr_carea' id='block_1_76' title="bbox 2080 1623 3724 1683">
    <p class='ocr_par' dir='ltr' id='par_1_76' title="bbox 2080 1623 3724 1683">
     <span class='ocr_line' id='line_1_76' title="bbox 2080 1623 3724 1683; baseline 0.004 -7"><span class='ocrx_word' id='word_1_533' title='bbox 2080 1628 2322 1677; x_wconf 87' lang='lat' dir='ltr'>mortem</span> <span class='ocrx_word' id='word_1_534' title='bbox 2348 1623 2540 1677; x_wconf 88' lang='lat' dir='ltr'>carnis</span> <span class='ocrx_word' id='word_1_535' title='bbox 2565 1624 2757 1677; x_wconf 87' lang='lat' dir='ltr'>venire</span> <span class='ocrx_word' id='word_1_536' title='bbox 2794 1641 3150 1679; x_wconf 87' lang='lat' dir='ltr'>mereremur</span> <span class='ocrx_word' id='word_1_537' title='bbox 3180 1626 3389 1682; x_wconf 80' lang='lat' dir='ltr'>ell‘ecit.</span> <span class='ocrx_word' id='word_1_538' title='bbox 3416 1625 3606 1682; x_wconf 91' lang='lat' dir='ltr'>Unum</span> <span class='ocrx_word' id='word_1_539' title='bbox 3638 1644 3724 1683; x_wconf 90' lang='lat' dir='ltr'>er-</span> 
     </span>
    </p>
   </div>
   <div class='ocr_carea' id='block_1_77' title="bbox 2079 1710 3725 1783">
    <p class='ocr_par' dir='ltr' id='par_1_77' title="bbox 2079 1710 3725 1783">
     <span class='ocr_line' id='line_1_77' title="bbox 2079 1710 3725 1783; baseline 0.005 -19"><span class='ocrx_word' id='word_1_540' title='bbox 2079 1727 2150 1782; x_wconf 90' lang='lat' dir='ltr'>go</span> <span class='ocrx_word' id='word_1_541' title='bbox 2182 1710 2567 1783; x_wconf 88' lang='lat' dir='ltr'>appetivimus</span> <span class='ocrx_word' id='word_1_542' title='bbox 2597 1712 2797 1782; x_wconf 86' lang='lat' dir='ltr'>iniqua</span> <span class='ocrx_word' id='word_1_543' title='bbox 2824 1714 3115 1780; x_wconf 84' lang='lat' dir='ltr'>suasione,</span> <span class='ocrx_word' id='word_1_544' title='bbox 3148 1714 3395 1770; x_wconf 88' lang='lat' dir='ltr'>alterum</span> <span class='ocrx_word' id='word_1_545' title='bbox 3430 1733 3533 1771; x_wconf 91' lang='lat' dir='ltr'>nos</span> <span class='ocrx_word' id='word_1_546' title='bbox 3557 1732 3725 1772; x_wconf 82' lang='lat' dir='ltr'>secu-</span> 
     </span>
    </p>
   </div>
   <div class='ocr_carea' id='block_1_78' title="bbox 2080 1800 3722 1877">
    <p class='ocr_par' dir='ltr' id='par_1_78' title="bbox 2080 1800 3722 1877">
     <span class='ocr_line' id='line_1_78' title="bbox 2080 1800 3722 1877; baseline 0.005 -24"><span class='ocrx_word' id='word_1_547' title='bbox 2080 1805 2204 1854; x_wconf 91' lang='lat' dir='ltr'>tum</span> <span class='ocrx_word' id='word_1_548' title='bbox 2237 1800 2508 1871; x_wconf 81' lang='lat' dir='ltr'>estjusta</span> <span class='ocrx_word' id='word_1_549' title='bbox 2539 1801 2944 1856; x_wconf 88' lang='lat' dir='ltr'>damnatione:</span> <span class='ocrx_word' id='word_1_550' title='bbox 2974 1809 3274 1874; x_wconf 88' lang='lat' dir='ltr'>propterea</span> <span class='ocrx_word' id='word_1_551' title='bbox 3296 1805 3509 1877; x_wconf 90' lang='lat' dir='ltr'>quippe</span> <span class='ocrx_word' id='word_1_552' title='bbox 3540 1806 3722 1877; x_wconf 83' lang='lat' dir='ltr'>scrip-</span> 
     </span>
    </p>
   </div>
   <div class='ocr_carea' id='block_1_79' title="bbox 2080 1890 3727 1966">
    <p class='ocr_par' dir='ltr' id='par_1_79' title="bbox 2080 1890 3727 1966">
     <span class='ocr_line' id='line_1_79' title="bbox 2080 1890 3727 1966; baseline 0.004 -23"><span class='ocrx_word' id='word_1_553' title='bbox 2080 1893 2204 1944; x_wconf 90' lang='lat' dir='ltr'>tum</span> <span class='ocrx_word' id='word_1_554' title='bbox 2237 1894 2343 1958; x_wconf 92' lang='lat' dir='ltr'>est,</span> <span class='ocrx_word' id='word_1_555' title='bbox 2360 1890 2494 1944; x_wconf 86' lang='lat' dir='ltr'>Deus</span> <span class='ocrx_word' id='word_1_556' title='bbox 2516 1894 2739 1944; x_wconf 81' lang='lat' dir='ltr'>mortem</span> <span class='ocrx_word' id='word_1_557' title='bbox 2754 1907 2861 1945; x_wconf 85' lang='lat' dir='ltr'>non</span> <span class='ocrx_word' id='word_1_558' title='bbox 2881 1892 3007 1961; x_wconf 79' lang='lat' dir='ltr'>fecit</span> <span class='ocrx_word' id='word_1_559' title='bbox 3025 1892 3173 1963; x_wconf 90' lang='lat' dir='ltr'>(Sap.</span> <span class='ocrx_word' id='word_1_560' title='bbox 3199 1910 3238 1959; x_wconf 81' lang='grc' dir='ltr'>ι,</span> <span class='ocrx_word' id='word_1_561' title='bbox 3264 1894 3374 1965; x_wconf 87' lang='grc'>13),</span> <span class='ocrx_word' id='word_1_562' title='bbox 3400 1893 3537 1966; x_wconf 90' lang='lat' dir='ltr'>quia</span> <span class='ocrx_word' id='word_1_563' title='bbox 3550 1911 3727 1950; x_wconf 89' lang='lat' dir='ltr'>causa</span> 
     </span>
    </p>
   </div>
   <div class='ocr_carea' id='block_1_80' title="bbox 2082 1978 3725 2053">
    <p class='ocr_par' dir='ltr' id='par_1_80' title="bbox 2082 1978 3725 2053">
     <span class='ocr_line' id='line_1_80' title="bbox 2082 1978 3725 2053; baseline 0.004 -21"><span class='ocrx_word' id='word_1_564' title='bbox 2082 1980 2286 2033; x_wconf 91' lang='lat' dir='ltr'>mortis</span> <span class='ocrx_word' id='word_1_565' title='bbox 2314 1978 2435 2050; x_wconf 89' lang='lat' dir='ltr'>ipse</span> <span class='ocrx_word' id='word_1_566' title='bbox 2469 1997 2579 2033; x_wconf 90' lang='lat' dir='ltr'>non</span> <span class='ocrx_word' id='word_1_567' title='bbox 2615 1980 2724 2035; x_wconf 89' lang='lat' dir='ltr'>fuit</span> <span class='ocrx_word' id='word_1_568' title='bbox 2749 1980 2881 2047; x_wconf 89' lang='lat' dir='ltr'>;sed</span> <span class='ocrx_word' id='word_1_569' title='bbox 2906 1985 3098 2036; x_wconf 89' lang='lat' dir='ltr'>tamen</span> <span class='ocrx_word' id='word_1_570' title='bbox 3113 1998 3215 2053; x_wconf 89' lang='lat' dir='ltr'>per</span> <span class='ocrx_word' id='word_1_571' title='bbox 3244 1982 3370 2052; x_wconf 90' lang='lat' dir='ltr'>ejus</span> <span class='ocrx_word' id='word_1_572' title='bbox 3392 1982 3725 2038; x_wconf 87' lang='lat' dir='ltr'>retributio-</span> 
     </span>
    </p>
   </div>
   <div class='ocr_carea' id='block_1_81' title="bbox 2082 2068 3724 2143">
    <p class='ocr_par' dir='ltr' id='par_1_81' title="bbox 2082 2068 3724 2143">
     <span class='ocr_line' id='line_1_81' title="bbox 2082 2068 3724 2143; baseline 0.003 -21"><span class='ocrx_word' id='word_1_573' title='bbox 2082 2085 2213 2122; x_wconf 91' lang='lat' dir='ltr'>nem</span> <span class='ocrx_word' id='word_1_574' title='bbox 2236 2068 2636 2138; x_wconf 87' lang='lat' dir='ltr'>justissimam</span> <span class='ocrx_word' id='word_1_575' title='bbox 2676 2070 2864 2125; x_wconf 68' lang='lat' dir='ltr'>mors2</span> <span class='ocrx_word' id='word_1_576' title='bbox 2908 2070 3162 2142; x_wconf 87' lang='lat' dir='ltr'>irrogata</span> <span class='ocrx_word' id='word_1_577' title='bbox 3192 2076 3281 2125; x_wconf 88' lang='lat' dir='ltr'>est</span> <span class='ocrx_word' id='word_1_578' title='bbox 3312 2072 3617 2143; x_wconf 89' lang='lat' dir='ltr'>peccatori.</span> <span class='ocrx_word' id='word_1_579' title='bbox 3640 2072 3724 2127; x_wconf 89' lang='lat' dir='ltr'>Si-</span> 
     </span>
    </p>
   </div>
   <div class='ocr_carea' id='block_1_82' title="bbox 2083 2156 3727 2233">
    <p class='ocr_par' dir='ltr' id='par_1_82' title="bbox 2083 2156 3727 2233">
     <span class='ocr_line' id='line_1_82' title="bbox 2083 2156 3727 2233; baseline 0.002 -21"><span class='ocrx_word' id='word_1_580' title='bbox 2083 2162 2182 2212; x_wconf 91' lang='lat' dir='ltr'>cut</span> <span class='ocrx_word' id='word_1_581' title='bbox 2212 2156 2562 2228; x_wconf 79' lang='lat' dir='ltr'>supplicium</span> <span class='ocrx_word' id='word_1_582' title='bbox 2588 2157 3001 2231; x_wconf 84' lang='lat' dir='ltr'>judexirrogat</span> <span class='ocrx_word' id='word_1_583' title='bbox 3027 2176 3146 2225; x_wconf 90' lang='lat' dir='ltr'>reo,</span> <span class='ocrx_word' id='word_1_584' title='bbox 3174 2176 3351 2215; x_wconf 90' lang='lat' dir='ltr'>causa</span> <span class='ocrx_word' id='word_1_585' title='bbox 3369 2165 3563 2216; x_wconf 89' lang='lat' dir='ltr'>tamen</span> <span class='ocrx_word' id='word_1_586' title='bbox 3588 2178 3727 2233; x_wconf 90' lang='lat' dir='ltr'>sup-</span> 
     </span>
    </p>
   </div>
   <div class='ocr_carea' id='block_1_83' title="bbox 2084 2244 3727 2317">
    <p class='ocr_par' dir='ltr' id='par_1_83' title="bbox 2084 2244 3727 2317">
     <span class='ocr_line' id='line_1_83' title="bbox 2084 2244 3727 2317; baseline 0.004 -18"><span class='ocrx_word' id='word_1_587' title='bbox 2084 2244 2243 2317; x_wconf 90' lang='lat' dir='ltr'>plicii</span> <span class='ocrx_word' id='word_1_588' title='bbox 2276 2262 2388 2299; x_wconf 90' lang='lat' dir='ltr'>non</span> <span class='ocrx_word' id='word_1_589' title='bbox 2422 2247 3109 2317; x_wconf 87' lang='lat' dir='ltr'>estjustitiajudicis,sed</span> <span class='ocrx_word' id='word_1_590' title='bbox 3130 2249 3403 2304; x_wconf 87' lang='lat' dir='ltr'>meritum</span> <span class='ocrx_word' id='word_1_591' title='bbox 3434 2250 3727 2306; x_wconf 88' lang='lat' dir='ltr'>criminis.</span> 
     </span>
    </p>
   </div>
   <div class='ocr_carea' id='block_1_84' title="bbox 2083 2333 3727 2410">
    <p class='ocr_par' dir='ltr' id='par_1_84' title="bbox 2083 2333 3727 2410">
     <span class='ocr_line' id='line_1_84' title="bbox 2083 2333 3727 2410; baseline 0.004 -23"><span class='ocrx_word' id='word_1_592' title='bbox 2083 2333 2202 2397; x_wconf 88' lang='lat' dir='ltr'>Quo</span> <span class='ocrx_word' id='word_1_593' title='bbox 2230 2351 2367 2407; x_wconf 90' lang='lat' dir='ltr'>ergo</span> <span class='ocrx_word' id='word_1_594' title='bbox 2401 2352 2505 2389; x_wconf 90' lang='lat' dir='ltr'>nos</span> <span class='ocrx_word' id='word_1_595' title='bbox 2532 2336 2813 2390; x_wconf 88' lang='lat' dir='ltr'>mediator</span> <span class='ocrx_word' id='word_1_596' title='bbox 2828 2336 3595 2410; x_wconf 89' lang='lat' dir='ltr'>mortistransmisit,etipse</span> <span class='ocrx_word' id='word_1_597' title='bbox 3615 2355 3727 2393; x_wconf 93' lang='lat' dir='ltr'>non</span> 
     </span>
    </p>
   </div>
   <div class='ocr_carea' id='block_1_85' title="bbox 2082 2423 3727 2494">
    <p class='ocr_par' dir='ltr' id='par_1_85' title="bbox 2082 2423 3727 2494">
     <span class='ocr_line' id='line_1_85' title="bbox 2082 2423 3727 2494; baseline 0.003 -16"><span class='ocrx_word' id='word_1_598' title='bbox 2082 2423 2263 2494; x_wconf 82' lang='lat' dir='ltr'>venit,</span> <span class='ocrx_word' id='word_1_599' title='bbox 2298 2423 2352 2477; x_wconf 92' lang='lat' dir='ltr'>id</span> <span class='ocrx_word' id='word_1_600' title='bbox 2387 2431 2491 2487; x_wconf 88' lang='lat' dir='ltr'>est,</span> <span class='ocrx_word' id='word_1_601' title='bbox 2517 2425 2581 2479; x_wconf 84' lang='lat' dir='ltr'>ad</span> <span class='ocrx_word' id='word_1_602' title='bbox 2618 2430 2863 2479; x_wconf 88' lang='lat' dir='ltr'>mortem</span> <span class='ocrx_word' id='word_1_603' title='bbox 2899 2425 3226 2493; x_wconf 90' lang='lat' dir='ltr'>carnis;ibi</span> <span class='ocrx_word' id='word_1_604' title='bbox 3250 2425 3416 2481; x_wconf 91' lang='lat' dir='ltr'>nobis</span> <span class='ocrx_word' id='word_1_605' title='bbox 3441 2427 3727 2483; x_wconf 89' lang='lat' dir='ltr'>Dominus</span> 
     </span>
    </p>
   </div>
   <div class='ocr_carea' id='block_1_86' title="bbox 2083 2512 3720 2586">
    <p class='ocr_par' dir='ltr' id='par_1_86' title="bbox 2083 2512 3720 2586">
     <span class='ocr_line' id='line_1_86' title="bbox 2083 2512 3720 2586; baseline 0.002 -19"><span class='ocrx_word' id='word_1_606' title='bbox 2083 2512 2233 2567; x_wconf 90' lang='lat' dir='ltr'>Deus</span> <span class='ocrx_word' id='word_1_607' title='bbox 2260 2519 2453 2568; x_wconf 87' lang='lat' dir='ltr'>noster</span> <span class='ocrx_word' id='word_1_608' title='bbox 2472 2513 2819 2569; x_wconf 89' lang='lat' dir='ltr'>medicinam</span> <span class='ocrx_word' id='word_1_609' title='bbox 2833 2514 3259 2570; x_wconf 89' lang='lat' dir='ltr'>emendationis</span> <span class='ocrx_word' id='word_1_610' title='bbox 3274 2515 3720 2586; x_wconf 89' lang='lat' dir='ltr'>inseruit,quam</span> 
     </span>
    </p>
   </div>
   <div class='ocr_carea' id='block_1_87' title="bbox 2085 2600 3729 2667">
    <p class='ocr_par' dir='ltr' id='par_1_87' title="bbox 2085 2600 3729 2667">
     <span class='ocr_line' id='line_1_87' title="bbox 2085 2600 3729 2667; baseline 0.004 -13"><span class='ocrx_word' id='word_1_611' title='bbox 2085 2600 2181 2656; x_wconf 85' lang='lat' dir='ltr'>ille</span> <span class='ocrx_word' id='word_1_612' title='bbox 2212 2619 2325 2657; x_wconf 91' lang='lat' dir='ltr'>non</span> <span class='ocrx_word' id='word_1_613' title='bbox 2363 2603 2827 2667; x_wconf 89' lang='lat' dir='ltr'>meruit,occulta</span> <span class='ocrx_word' id='word_1_614' title='bbox 2846 2610 2901 2659; x_wconf 91' lang='lat' dir='ltr'>et</span> <span class='ocrx_word' id='word_1_615' title='bbox 2935 2603 3111 2659; x_wconf 91' lang='lat' dir='ltr'>nimis</span> <span class='ocrx_word' id='word_1_616' title='bbox 3130 2620 3341 2660; x_wconf 85' lang='lat' dir='ltr'>arcana</span> <span class='ocrx_word' id='word_1_617' title='bbox 3363 2604 3729 2661; x_wconf 87' lang='lat' dir='ltr'>ordinatione</span> 
     </span>
    </p>
   </div>
   <div class='ocr_carea' id='block_1_88' title="bbox 2085 2689 3731 2766">
    <p class='ocr_par' dir='ltr' id='par_1_88' title="bbox 2085 2689 3731 2766">
     <span class='ocr_line' id='line_1_88' title="bbox 2085 2689 3731 2766; baseline 0.004 -23"><span class='ocrx_word' id='word_1_618' title='bbox 2085 2689 2288 2745; x_wconf 82' lang='lat' dir='ltr'>divinae</span> <span class='ocrx_word' id='word_1_619' title='bbox 2321 2691 2563 2763; x_wconf 69' lang='lat' dir='ltr'>altaeque</span> <span class='ocrx_word' id='word_1_620' title='bbox 2586 2692 2850 2762; x_wconf 71' lang='lat' dir='ltr'>justiticc.</span> <span class='ocrx_word' id='word_1_621' title='bbox 2876 2692 3092 2765; x_wconf 91' lang='lat' dir='ltr'>Utergo</span> <span class='ocrx_word' id='word_1_622' title='bbox 3126 2694 3280 2749; x_wconf 89' lang='lat' dir='ltr'>sicut</span> <span class='ocrx_word' id='word_1_623' title='bbox 3302 2710 3403 2766; x_wconf 91' lang='lat' dir='ltr'>per</span> <span class='ocrx_word' id='word_1_624' title='bbox 3426 2711 3607 2749; x_wconf 92' lang='lat' dir='ltr'>unum</span> <span class='ocrx_word' id='word_1_625' title='bbox 3634 2695 3731 2750; x_wconf 86' lang='lat' dir='ltr'>ho-</span> 
     </span>
    </p>
   </div>
   <div class='ocr_carea' id='block_1_89' title="bbox 2087 2779 3724 2855">
    <p class='ocr_par' dir='ltr' id='par_1_89' title="bbox 2087 2779 3724 2855">
     <span class='ocr_line' id='line_1_89' title="bbox 2087 2779 3724 2855; baseline 0.002 -20"><span class='ocrx_word' id='word_1_626' title='bbox 2087 2779 2300 2835; x_wconf 90' lang='lat' dir='ltr'>minem</span> <span class='ocrx_word' id='word_1_627' title='bbox 2335 2781 2494 2835; x_wconf 81' lang='lat' dir='ltr'>iicret</span> <span class='ocrx_word' id='word_1_628' title='bbox 2526 2782 2869 2837; x_wconf 83' lang='lat' dir='ltr'>resurrectio</span> <span class='ocrx_word' id='word_1_629' title='bbox 2904 2788 3263 2837; x_wconf 89' lang='lat' dir='ltr'>mortuorum</span> <span class='ocrx_word' id='word_1_630' title='bbox 3298 2784 3343 2855; x_wconf 89' lang='lat' dir='ltr'>(l</span> <span class='ocrx_word' id='word_1_631' title='bbox 3365 2786 3483 2840; x_wconf 86' lang='lat' dir='ltr'>Cor.</span> <span class='ocrx_word' id='word_1_632' title='bbox 3510 2800 3602 2847; x_wconf 81' lang='lat' dir='ltr'>xv,</span> <span class='ocrx_word' id='word_1_633' title='bbox 3633 2783 3724 2851; x_wconf 86' lang='lat'>21,</span> 
     </span>
    </p>
   </div>
   <div class='ocr_carea' id='block_1_90' title="bbox 2081 2869 3729 2943">
    <p class='ocr_par' dir='ltr' id='par_1_90' title="bbox 2081 2869 3729 2943">
     <span class='ocr_line' id='line_1_90' title="bbox 2081 2869 3729 2943; baseline 0.004 -21"><span class='ocrx_word' id='word_1_634' title='bbox 2081 2870 2193 2939; x_wconf 84' lang='lat'>22),</span> <span class='ocrx_word' id='word_1_635' title='bbox 2229 2870 2365 2941; x_wconf 91' lang='lat' dir='ltr'>quia</span> <span class='ocrx_word' id='word_1_636' title='bbox 2400 2869 2587 2941; x_wconf 86' lang='lat' dir='ltr'>magis</span> <span class='ocrx_word' id='word_1_637' title='bbox 2618 2870 2875 2924; x_wconf 82' lang='lat' dir='ltr'>vitabant</span> <span class='ocrx_word' id='word_1_638' title='bbox 2905 2870 3172 2927; x_wconf 86' lang='lat' dir='ltr'>homines</span> <span class='ocrx_word' id='word_1_639' title='bbox 3196 2873 3347 2943; x_wconf 91' lang='lat' dir='ltr'>quod</span> <span class='ocrx_word' id='word_1_640' title='bbox 3381 2873 3595 2928; x_wconf 90' lang='lat' dir='ltr'>evitare</span> <span class='ocrx_word' id='word_1_641' title='bbox 3616 2888 3729 2928; x_wconf 84' lang='lat' dir='ltr'>non</span> 
     </span>
    </p>
   </div>
   <div class='ocr_carea' id='block_1_91' title="bbox 2085 2961 3726 3033">
    <p class='ocr_par' dir='ltr' id='par_1_91' title="bbox 2085 2961 3726 3033">
     <span class='ocr_line' id='line_1_91' title="bbox 2085 2961 3726 3033; baseline 0.004 -23"><span class='ocrx_word' id='word_1_642' title='bbox 2085 2962 2369 3029; x_wconf 88' lang='lat' dir='ltr'>poterant,</span> <span class='ocrx_word' id='word_1_643' title='bbox 2405 2964 2648 3014; x_wconf 90' lang='lat' dir='ltr'>mortem</span> <span class='ocrx_word' id='word_1_644' title='bbox 2682 2962 2895 3027; x_wconf 87' lang='lat' dir='ltr'>carnis,</span> <span class='ocrx_word' id='word_1_645' title='bbox 2923 2977 3098 3033; x_wconf 87' lang='lat' dir='ltr'>quam</span> <span class='ocrx_word' id='word_1_646' title='bbox 3120 2966 3359 3016; x_wconf 87' lang='lat' dir='ltr'>mortem</span> <span class='ocrx_word' id='word_1_647' title='bbox 3395 2961 3726 3033; x_wconf 89' lang='lat' dir='ltr'>spiritus,id</span> 
     </span>
    </p>
   </div>
   <div class='ocr_carea' id='block_1_92' title="bbox 2084 3048 3727 3123">
    <p class='ocr_par' dir='ltr' id='par_1_92' title="bbox 2084 3048 3727 3123">
     <span class='ocr_line' id='line_1_92' title="bbox 2084 3048 3727 3123; baseline 0.002 -21"><span class='ocrx_word' id='word_1_648' title='bbox 2084 3052 2191 3118; x_wconf 90' lang='lat' dir='ltr'>est,</span> <span class='ocrx_word' id='word_1_649' title='bbox 2225 3048 2413 3121; x_wconf 89' lang='lat' dir='ltr'>magis</span> <span class='ocrx_word' id='word_1_650' title='bbox 2446 3066 2669 3119; x_wconf 66' lang='lat' dir='ltr'>poenam</span> <span class='ocrx_word' id='word_1_651' title='bbox 2704 3066 2876 3120; x_wconf 89' lang='lat' dir='ltr'>quam</span> <span class='ocrx_word' id='word_1_652' title='bbox 2911 3051 3181 3105; x_wconf 89' lang='lat' dir='ltr'>meritum</span> <span class='ocrx_word' id='word_1_653' title='bbox 3217 3068 3394 3123; x_wconf 65' lang='lat' dir='ltr'>paena?</span> <span class='ocrx_word' id='word_1_654' title='bbox 3418 3058 3577 3121; x_wconf 92' lang='lat' dir='ltr'>(nam</span> <span class='ocrx_word' id='word_1_655' title='bbox 3612 3068 3727 3106; x_wconf 91' lang='lat' dir='ltr'>non</span> 
     </span>
    </p>
   </div>
   <div class='ocr_carea' id='block_1_93' title="bbox 2086 3143 3726 3211">
    <p class='ocr_par' dir='ltr' id='par_1_93' title="bbox 2086 3143 3726 3211">
     <span class='ocr_line' id='line_1_93' title="bbox 2086 3143 3726 3211; baseline 0.002 -20"><span class='ocrx_word' id='word_1_656' title='bbox 2086 3154 2340 3208; x_wconf 90' lang='lat' dir='ltr'>peccare,</span> <span class='ocrx_word' id='word_1_657' title='bbox 2377 3143 2476 3191; x_wconf 91' lang='lat' dir='ltr'>aut</span> <span class='ocrx_word' id='word_1_658' title='bbox 2508 3155 2619 3191; x_wconf 90' lang='lat' dir='ltr'>non</span> <span class='ocrx_word' id='word_1_659' title='bbox 2653 3144 2910 3205; x_wconf 83' lang='lat' dir='ltr'>curatur,</span> <span class='ocrx_word' id='word_1_660' title='bbox 2946 3145 3047 3194; x_wconf 90' lang='lat' dir='ltr'>aut</span> <span class='ocrx_word' id='word_1_661' title='bbox 3080 3156 3281 3211; x_wconf 90' lang='lat' dir='ltr'>parum</span> <span class='ocrx_word' id='word_1_662' title='bbox 3316 3145 3581 3202; x_wconf 85' lang='lat' dir='ltr'>curatur;</span> <span class='ocrx_word' id='word_1_663' title='bbox 3610 3156 3726 3196; x_wconf 93' lang='lat' dir='ltr'>non</span> 
     </span>
    </p>
   </div>
   <div class='ocr_carea' id='block_1_94' title="bbox 2087 3227 3729 3299">
    <p class='ocr_par' dir='ltr' id='par_1_94' title="bbox 2087 3227 3729 3299">
     <span class='ocr_line' id='line_1_94' title="bbox 2087 3227 3729 3299; baseline 0.002 -18"><span class='ocrx_word' id='word_1_664' title='bbox 2087 3227 2229 3281; x_wconf 89' lang='lat' dir='ltr'>mori</span> <span class='ocrx_word' id='word_1_665' title='bbox 2246 3236 2437 3281; x_wconf 89' lang='lat' dir='ltr'>autem</span> <span class='ocrx_word' id='word_1_666' title='bbox 2458 3228 2726 3299; x_wconf 88' lang='lat' dir='ltr'>quamvis</span> <span class='ocrx_word' id='word_1_667' title='bbox 2747 3244 2856 3282; x_wconf 91' lang='lat' dir='ltr'>non</span> <span class='ocrx_word' id='word_1_668' title='bbox 2879 3228 3231 3296; x_wconf 88' lang='lat' dir='ltr'>obtineatur,</span> <span class='ocrx_word' id='word_1_669' title='bbox 3248 3230 3621 3285; x_wconf 87' lang='lat' dir='ltr'>vehementer</span> <span class='ocrx_word' id='word_1_670' title='bbox 3641 3246 3729 3285; x_wconf 87' lang='lat' dir='ltr'>sa-</span> 
     </span>
    </p>
   </div>
   <div class='ocr_carea' id='block_1_95' title="bbox 2084 3316 3727 3390">
    <p class='ocr_par' dir='ltr' id='par_1_95' title="bbox 2084 3316 3727 3390">
     <span class='ocr_line' id='line_1_95' title="bbox 2084 3316 3727 3390; baseline 0.002 -20"><span class='ocrx_word' id='word_1_671' title='bbox 2084 3316 2476 3388; x_wconf 73' lang='lat' dir='ltr'>tagitur);vite:</span> <span class='ocrx_word' id='word_1_672' title='bbox 2498 3316 2777 3372; x_wconf 85' lang='lat' dir='ltr'>Mediator</span> <span class='ocrx_word' id='word_1_673' title='bbox 2803 3318 3321 3390; x_wconf 88' lang='lat' dir='ltr'>ostendens,quam</span> <span class='ocrx_word' id='word_1_674' title='bbox 3338 3335 3451 3373; x_wconf 90' lang='lat' dir='ltr'>non</span> <span class='ocrx_word' id='word_1_675' title='bbox 3478 3319 3727 3375; x_wconf 90' lang='lat' dir='ltr'>sitmors</span> 
     </span>
    </p>
   </div>
   <div class='ocr_carea' id='block_1_96' title="bbox 2086 3405 3725 3476">
    <p class='ocr_par' dir='ltr' id='par_1_96' title="bbox 2086 3405 3725 3476">
     <span class='ocr_line' id='line_1_96' title="bbox 2086 3405 3725 3476; baseline 0.001 -16"><span class='ocrx_word' id='word_1_676' title='bbox 2086 3405 2368 3467; x_wconf 87' lang='lat' dir='ltr'>timenda,</span> <span class='ocrx_word' id='word_1_677' title='bbox 2390 3422 2516 3476; x_wconf 69' lang='lat' dir='ltr'>quas</span> <span class='ocrx_word' id='word_1_678' title='bbox 2542 3422 2643 3476; x_wconf 90' lang='lat' dir='ltr'>per</span> <span class='ocrx_word' id='word_1_679' title='bbox 2672 3405 2991 3461; x_wconf 88' lang='lat' dir='ltr'>humanam</span> <span class='ocrx_word' id='word_1_680' title='bbox 3011 3406 3400 3462; x_wconf 87' lang='lat' dir='ltr'>conditionem</span> <span class='ocrx_word' id='word_1_681' title='bbox 3420 3409 3538 3476; x_wconf 80' lang='lat' dir='ltr'>jam</span> <span class='ocrx_word' id='word_1_682' title='bbox 3561 3408 3725 3463; x_wconf 78' lang='lat' dir='ltr'>evadi</span> 
     </span>
    </p>
   </div>
   <div class='ocr_carea' id='block_1_97' title="bbox 2087 3495 3721 3567">
    <p class='ocr_par' dir='ltr' id='par_1_97' title="bbox 2087 3495 3721 3567">
     <span class='ocr_line' id='line_1_97' title="bbox 2087 3495 3721 3567; baseline 0.003 -20"><span class='ocrx_word' id='word_1_683' title='bbox 2087 3511 2198 3549; x_wconf 90' lang='lat' dir='ltr'>non</span> <span class='ocrx_word' id='word_1_684' title='bbox 2226 3500 2434 3566; x_wconf 88' lang='lat' dir='ltr'>potest,</span> <span class='ocrx_word' id='word_1_685' title='bbox 2468 3495 2565 3549; x_wconf 89' lang='lat' dir='ltr'>sed</span> <span class='ocrx_word' id='word_1_686' title='bbox 2602 3495 2793 3565; x_wconf 79' lang='lat' dir='ltr'>potius</span> <span class='ocrx_word' id='word_1_687' title='bbox 2828 3495 3118 3566; x_wconf 88' lang='lat' dir='ltr'>impietas,</span> <span class='ocrx_word' id='word_1_688' title='bbox 3153 3512 3282 3567; x_wconf 76' lang='lat' dir='ltr'>quae</span> <span class='ocrx_word' id='word_1_689' title='bbox 3305 3512 3407 3566; x_wconf 90' lang='lat' dir='ltr'>per</span> <span class='ocrx_word' id='word_1_690' title='bbox 3438 3496 3607 3550; x_wconf 80' lang='lat' dir='ltr'>{idem</span> <span class='ocrx_word' id='word_1_691' title='bbox 3629 3513 3721 3552; x_wconf 89' lang='lat' dir='ltr'>ca-</span> 
     </span>
    </p>
   </div>
   <div class='ocr_carea' id='block_1_98' title="bbox 2083 3583 3722 3656">
    <p class='ocr_par' dir='ltr' id='par_1_98' title="bbox 2083 3583 3722 3656">
     <span class='ocr_line' id='line_1_98' title="bbox 2083 3583 3722 3656; baseline 0.002 -18"><span class='ocrx_word' id='word_1_692' title='bbox 2083 3583 2200 3638; x_wconf 86' lang='lat' dir='ltr'>veri</span> <span class='ocrx_word' id='word_1_693' title='bbox 2238 3587 2445 3655; x_wconf 90' lang='lat' dir='ltr'>potest,</span> <span class='ocrx_word' id='word_1_694' title='bbox 2483 3583 2733 3637; x_wconf 90' lang='lat' dir='ltr'>occurrit</span> <span class='ocrx_word' id='word_1_695' title='bbox 2764 3583 2929 3638; x_wconf 90' lang='lat' dir='ltr'>nobis</span> <span class='ocrx_word' id='word_1_696' title='bbox 2970 3584 3040 3638; x_wconf 92' lang='lat' dir='ltr'>ad</span> <span class='ocrx_word' id='word_1_697' title='bbox 3074 3584 3247 3639; x_wconf 80' lang='lat' dir='ltr'>finem</span> <span class='ocrx_word' id='word_1_698' title='bbox 3282 3601 3397 3656; x_wconf 91' lang='lat' dir='ltr'>quo</span> <span class='ocrx_word' id='word_1_699' title='bbox 3428 3584 3722 3655; x_wconf 84' lang='lat' dir='ltr'>venimus,</span> 
     </span>
    </p>
   </div>
   <div class='ocr_carea' id='block_1_99' title="bbox 2086 3672 3725 3747">
    <p class='ocr_par' dir='ltr' id='par_1_99' title="bbox 2086 3672 3725 3747">
     <span class='ocr_line' id='line_1_99' title="bbox 2086 3672 3725 3747; baseline 0.002 -20"><span class='ocrx_word' id='word_1_700' title='bbox 2086 3673 2184 3727; x_wconf 89' lang='lat' dir='ltr'>sed</span> <span class='ocrx_word' id='word_1_701' title='bbox 2207 3690 2317 3727; x_wconf 92' lang='lat' dir='ltr'>non</span> <span class='ocrx_word' id='word_1_702' title='bbox 2352 3689 2466 3743; x_wconf 89' lang='lat' dir='ltr'>qua</span> <span class='ocrx_word' id='word_1_703' title='bbox 2490 3672 2775 3726; x_wconf 82' lang='lat' dir='ltr'>venimus.</span> <span class='ocrx_word' id='word_1_704' title='bbox 2803 3672 2917 3728; x_wconf 90' lang='lat' dir='ltr'>Nos</span> <span class='ocrx_word' id='word_1_705' title='bbox 2939 3673 3090 3728; x_wconf 88' lang='lat' dir='ltr'>enim</span> <span class='ocrx_word' id='word_1_706' title='bbox 3117 3674 3186 3728; x_wconf 88' lang='lat' dir='ltr'>ad</span> <span class='ocrx_word' id='word_1_707' title='bbox 3208 3678 3453 3729; x_wconf 89' lang='lat' dir='ltr'>mortem</span> <span class='ocrx_word' id='word_1_708' title='bbox 3473 3691 3575 3746; x_wconf 91' lang='lat' dir='ltr'>per</span> <span class='ocrx_word' id='word_1_709' title='bbox 3595 3691 3725 3747; x_wconf 87' lang='lat' dir='ltr'>pec-</span> 
     </span>
    </p>
   </div>
   <div class='ocr_carea' id='block_1_100' title="bbox 2086 3758 3728 3831">
    <p class='ocr_par' dir='ltr' id='par_1_100' title="bbox 2086 3758 3728 3831">
     <span class='ocr_line' id='line_1_100' title="bbox 2086 3758 3728 3831; baseline 0.003 -18"><span class='ocrx_word' id='word_1_710' title='bbox 2086 3763 2280 3813; x_wconf 89' lang='lat' dir='ltr'>catum</span> <span class='ocrx_word' id='word_1_711' title='bbox 2316 3758 2582 3813; x_wconf 87' lang='lat' dir='ltr'>venimus</span> <span class='ocrx_word' id='word_1_712' title='bbox 2604 3777 2617 3825; x_wconf 88' lang='lat'><strong>;</strong></span> <span class='ocrx_word' id='word_1_713' title='bbox 2639 3758 2751 3826; x_wconf 89' lang='lat' dir='ltr'>ille,</span> <span class='ocrx_word' id='word_1_714' title='bbox 2778 3776 2879 3831; x_wconf 88' lang='lat' dir='ltr'>per</span> <span class='ocrx_word' id='word_1_715' title='bbox 2901 3760 3196 3830; x_wconf 89' lang='lat' dir='ltr'>justitiam</span> <span class='ocrx_word' id='word_1_716' title='bbox 3223 3765 3313 3816; x_wconf 87' lang='lat' dir='ltr'>:et</span> <span class='ocrx_word' id='word_1_717' title='bbox 3340 3762 3468 3817; x_wconf 90' lang='lat' dir='ltr'>ideo</span> <span class='ocrx_word' id='word_1_718' title='bbox 3500 3779 3631 3817; x_wconf 89' lang='lat' dir='ltr'>cum</span> <span class='ocrx_word' id='word_1_719' title='bbox 3652 3762 3728 3818; x_wconf 89' lang='lat' dir='ltr'>sit</span> 
     </span>
    </p>
   </div>
   <div class='ocr_carea' id='block_1_101' title="bbox 2088 3850 3723 3920">
    <p class='ocr_par' dir='ltr' id='par_1_101' title="bbox 2088 3850 3723 3920">
     <span class='ocr_line' id='line_1_101' title="bbox 2088 3850 3723 3920; baseline 0.004 -18"><span class='ocrx_word' id='word_1_720' title='bbox 2088 3865 2246 3903; x_wconf 90' lang='lat' dir='ltr'>mors</span> <span class='ocrx_word' id='word_1_721' title='bbox 2269 3852 2465 3903; x_wconf 86' lang='lat' dir='ltr'>nostra</span> <span class='ocrx_word' id='word_1_722' title='bbox 2499 3865 2666 3918; x_wconf 65' lang='lat' dir='ltr'>poena</span> <span class='ocrx_word' id='word_1_723' title='bbox 2688 3850 2927 3920; x_wconf 87' lang='lat' dir='ltr'>peccati,</span> <span class='ocrx_word' id='word_1_724' title='bbox 2946 3867 3099 3905; x_wconf 89' lang='lat' dir='ltr'>mors</span> <span class='ocrx_word' id='word_1_725' title='bbox 3122 3850 3282 3905; x_wconf 89' lang='lat' dir='ltr'>illius</span> <span class='ocrx_word' id='word_1_726' title='bbox 3304 3850 3449 3906; x_wconf 87' lang='lat' dir='ltr'>facta</span> <span class='ocrx_word' id='word_1_727' title='bbox 3481 3856 3567 3907; x_wconf 90' lang='lat' dir='ltr'>est</span> <span class='ocrx_word' id='word_1_728' title='bbox 3588 3852 3723 3908; x_wconf 91' lang='lat' dir='ltr'>hos-</span> 
     </span>
    </p>
   </div>
   <div class='ocr_carea' id='block_1_102' title="bbox 2087 3937 2587 4008">
    <p class='ocr_par' dir='ltr' id='par_1_102' title="bbox 2087 3937 2587 4008">
     <span class='ocr_line' id='line_1_102' title="bbox 2087 3937 2587 4008; baseline -0.002 -16"><span class='ocrx_word' id='word_1_729' title='bbox 2087 3937 2168 3993; x_wconf 90' lang='lat' dir='ltr'>tia</span> <span class='ocrx_word' id='word_1_730' title='bbox 2203 3954 2301 4006; x_wconf 85' lang='lat' dir='ltr'>pro</span> <span class='ocrx_word' id='word_1_731' title='bbox 2334 3943 2587 4008; x_wconf 87' lang='lat' dir='ltr'>peccato.</span> 
     </span>
    </p>
   </div>
   <div class='ocr_carea' id='block_1_103' title="bbox 2157 4025 3725 4100">
    <p class='ocr_par' dir='ltr' id='par_1_103' title="bbox 2157 4025 3725 4100">
     <span class='ocr_line' id='line_1_103' title="bbox 2157 4025 3725 4100; baseline 0.003 -18"><span class='ocrx_word' id='word_1_732' title='bbox 2157 4026 2389 4082; x_wconf 88' lang='lat' dir='ltr'>CAPUT</span> <span class='ocrx_word' id='word_1_733' title='bbox 2428 4025 2571 4081; x_wconf 79' lang='lat' dir='ltr'>Xlll.</span> <span class='ocrx_word' id='word_1_734' title='bbox 2610 4058 2677 4066; x_wconf 92' lang='lat'>—</span> <span class='ocrx_word' id='word_1_735' title='bbox 2720 4027 2801 4081; x_wconf 84' lang='lat'>16.</span> <span class='ocrx_word' id='word_1_736' title='bbox 2831 4027 2961 4082; x_wconf 79' lang='lat' dir='ltr'>Mors</span> <span class='ocrx_word' id='word_1_737' title='bbox 3000 4027 3204 4083; x_wconf 82' lang='lat' dir='ltr'>Christi</span> <span class='ocrx_word' id='word_1_738' title='bbox 3230 4037 3551 4100; x_wconf 87' lang='lat' dir='ltr'>spontanea.</span> <span class='ocrx_word' id='word_1_739' title='bbox 3585 4030 3725 4099; x_wconf 81' lang='lat' dir='ltr'>Quo-</span> 
     </span>
    </p>
   </div>
   <div class='ocr_carea' id='block_1_104' title="bbox 2085 4116 3718 4190">
    <p class='ocr_par' dir='ltr' id='par_1_104' title="bbox 2085 4116 3718 4190">
     <span class='ocr_line' id='line_1_104' title="bbox 2085 4116 3718 4190; baseline 0.002 -19"><span class='ocrx_word' id='word_1_740' title='bbox 2085 4116 2240 4172; x_wconf 85' lang='lat' dir='ltr'>modo</span> <span class='ocrx_word' id='word_1_741' title='bbox 2273 4119 2394 4171; x_wconf 60' lang='lat' dir='ltr'>vitz</span> <span class='ocrx_word' id='word_1_742' title='bbox 2444 4116 2709 4171; x_wconf 79' lang='lat' dir='ltr'>Mediator</span> <span class='ocrx_word' id='word_1_743' title='bbox 2750 4116 3099 4171; x_wconf 79' lang='lat' dir='ltr'>mediatorem</span> <span class='ocrx_word' id='word_1_744' title='bbox 3129 4120 3324 4173; x_wconf 86' lang='lat' dir='ltr'>mortis</span> <span class='ocrx_word' id='word_1_745' title='bbox 3367 4123 3718 4190; x_wconf 73' lang='lat' dir='ltr'>expugnavit.</span> 
     </span>
    </p>
   </div>
   <div class='ocr_carea' id='block_1_105' title="bbox 2090 4205 3723 4279">
    <p class='ocr_par' dir='ltr' id='par_1_105' title="bbox 2090 4205 3723 4279">
     <span class='ocr_line' id='line_1_105' title="bbox 2090 4205 3723 4279; baseline 0.002 -20"><span class='ocrx_word' id='word_1_746' title='bbox 2090 4206 2357 4274; x_wconf 66' lang='lat' dir='ltr'>Quomodo</span> <span class='ocrx_word' id='word_1_747' title='bbox 2388 4205 2635 4259; x_wconf 79' lang='lat' dir='ltr'>diabolus</span> <span class='ocrx_word' id='word_1_748' title='bbox 2666 4223 2786 4259; x_wconf 65' lang='lat' dir='ltr'>suos</span> <span class='ocrx_word' id='word_1_749' title='bbox 2818 4205 3036 4260; x_wconf 68' lang='lat' dir='ltr'>inducat</span> <span class='ocrx_word' id='word_1_750' title='bbox 3060 4208 3121 4261; x_wconf 78' lang='lat' dir='ltr'>in</span> <span class='ocrx_word' id='word_1_751' title='bbox 3151 4215 3513 4279; x_wconf 79' lang='lat' dir='ltr'>contemptum</span> <span class='ocrx_word' id='word_1_752' title='bbox 3534 4210 3723 4264; x_wconf 78' lang='lat' dir='ltr'>mortis</span> 
     </span>
    </p>
   </div>
   <div class='ocr_carea' id='block_1_106' title="bbox 2088 4293 3723 4368">
    <p class='ocr_par' dir='ltr' id='par_1_106' title="bbox 2088 4293 3723 4368">
     <span class='ocr_line' id='line_1_106' title="bbox 2088 4293 3723 4368; baseline 0.002 -20"><span class='ocrx_word' id='word_1_753' title='bbox 2088 4296 2300 4349; x_wconf 78' lang='lat' dir='ltr'>Christi.</span> <span class='ocrx_word' id='word_1_754' title='bbox 2316 4296 2674 4364; x_wconf 80' lang='lat' dir='ltr'>QuaprOpter</span> <span class='ocrx_word' id='word_1_755' title='bbox 2688 4311 2752 4347; x_wconf 84' lang='lat' dir='ltr'>cu</span> <span class='ocrx_word' id='word_1_756' title='bbox 2767 4311 2817 4347; x_wconf 91' lang='lat' dir='ltr'>m</span> <span class='ocrx_word' id='word_1_757' title='bbox 2836 4293 3077 4365; x_wconf 78' lang='lat' dir='ltr'>spiritus</span> <span class='ocrx_word' id='word_1_758' title='bbox 3091 4296 3315 4366; x_wconf 91' lang='lat' dir='ltr'>corpori</span> <span class='ocrx_word' id='word_1_759' title='bbox 3332 4301 3723 4368; x_wconf 61' lang='lat' dir='ltr'>praeponatur,</span> 
     </span>
    </p>
   </div>
   <div class='ocr_carea' id='block_1_107' title="bbox 2088 4382 3726 4458">
    <p class='ocr_par' dir='ltr' id='par_1_107' title="bbox 2088 4382 3726 4458">
     <span class='ocr_line' id='line_1_107' title="bbox 2088 4382 3726 4458; baseline 0.001 -19"><span class='ocrx_word' id='word_1_760' title='bbox 2088 4401 2360 4454; x_wconf 89' lang='lat' dir='ltr'>morsque</span> <span class='ocrx_word' id='word_1_761' title='bbox 2391 4382 2463 4437; x_wconf 88' lang='lat' dir='ltr'>sit</span> <span class='ocrx_word' id='word_1_762' title='bbox 2487 4383 2728 4454; x_wconf 91' lang='lat' dir='ltr'>spiritus</span> <span class='ocrx_word' id='word_1_763' title='bbox 2743 4401 2771 4437; x_wconf 91' lang='lat' dir='ltr'>a</span> <span class='ocrx_word' id='word_1_764' title='bbox 2792 4388 2900 4437; x_wconf 88' lang='lat' dir='ltr'>Deo</span> <span class='ocrx_word' id='word_1_765' title='bbox 2921 4383 3129 4450; x_wconf 87' lang='lat' dir='ltr'>deseri,</span> <span class='ocrx_word' id='word_1_766' title='bbox 3148 4401 3303 4439; x_wconf 90' lang='lat' dir='ltr'>mors</span> <span class='ocrx_word' id='word_1_767' title='bbox 3317 4391 3509 4441; x_wconf 90' lang='lat' dir='ltr'>autem</span> <span class='ocrx_word' id='word_1_768' title='bbox 3529 4402 3726 4458; x_wconf 92' lang='lat' dir='ltr'>corpo-</span> 
     </span>
    </p>
   </div>
   <div class='ocr_carea' id='block_1_108' title="bbox 2087 4470 3723 4547">
    <p class='ocr_par' dir='ltr' id='par_1_108' title="bbox 2087 4470 3723 4547">
     <span class='ocr_line' id='line_1_108' title="bbox 2087 4470 3723 4547; baseline 0.002 -21"><span class='ocrx_word' id='word_1_769' title='bbox 2087 4472 2166 4527; x_wconf 89' lang='lat' dir='ltr'>ris</span> <span class='ocrx_word' id='word_1_770' title='bbox 2197 4490 2227 4526; x_wconf 90' lang='lat' dir='ltr'>a</span> <span class='ocrx_word' id='word_1_771' title='bbox 2244 4472 2449 4543; x_wconf 88' lang='lat' dir='ltr'>spiritu</span> <span class='ocrx_word' id='word_1_772' title='bbox 2464 4470 2683 4535; x_wconf 91' lang='lat' dir='ltr'>deseri;</span> <span class='ocrx_word' id='word_1_773' title='bbox 2709 4488 2887 4542; x_wconf 81' lang='lat' dir='ltr'>eaque</span> <span class='ocrx_word' id='word_1_774' title='bbox 2902 4472 2975 4525; x_wconf 86' lang='lat' dir='ltr'>sit</span> <span class='ocrx_word' id='word_1_775' title='bbox 2990 4472 3225 4543; x_wconf 71' lang='lat' dir='ltr'>pcenain</span> <span class='ocrx_word' id='word_1_776' title='bbox 3242 4480 3427 4529; x_wconf 87' lang='lat' dir='ltr'>morte</span> <span class='ocrx_word' id='word_1_777' title='bbox 3439 4475 3723 4547; x_wconf 88' lang='lat' dir='ltr'>corporis,</span> 
     </span>
    </p>
   </div>
   <div class='ocr_carea' id='block_1_109' title="bbox 2088 4559 3726 4636">
    <p class='ocr_par' dir='ltr' id='par_1_109' title="bbox 2088 4559 3726 4636">
     <span class='ocr_line' id='line_1_109' title="bbox 2088 4559 3726 4636; baseline 0.003 -21"><span class='ocrx_word' id='word_1_778' title='bbox 2088 4567 2153 4616; x_wconf 92' lang='lat' dir='ltr'>ut</span> <span class='ocrx_word' id='word_1_779' title='bbox 2166 4562 2409 4630; x_wconf 85' lang='lat' dir='ltr'>spiritus</span> <span class='ocrx_word' id='word_1_780' title='bbox 2424 4560 2558 4631; x_wconf 92' lang='lat' dir='ltr'>quia</span> <span class='ocrx_word' id='word_1_781' title='bbox 2572 4559 2769 4615; x_wconf 80' lang='lat' dir='ltr'>volens</span> <span class='ocrx_word' id='word_1_782' title='bbox 2782 4562 3037 4615; x_wconf 72' lang='lat' dir='ltr'>deseruit</span> <span class='ocrx_word' id='word_1_783' title='bbox 3056 4561 3235 4616; x_wconf 90' lang='lat' dir='ltr'>Deum</span> <span class='ocrx_word' id='word_1_784' title='bbox 3248 4563 3496 4629; x_wconf 89' lang='lat' dir='ltr'>,deserat</span> <span class='ocrx_word' id='word_1_785' title='bbox 3513 4580 3726 4636; x_wconf 83' lang='lat' dir='ltr'>corpus</span> 
     </span>
    </p>
   </div>
   <div class='ocr_carea' id='block_1_110' title="bbox 2086 4650 3724 4724">
    <p class='ocr_par' dir='ltr' id='par_1_110' title="bbox 2086 4650 3724 4724">
     <span class='ocr_line' id='line_1_110' title="bbox 2086 4650 3724 4724; baseline 0.002 -20"><span class='ocrx_word' id='word_1_786' title='bbox 2086 4650 2326 4715; x_wconf 87' lang='lat' dir='ltr'>invitus;</span> <span class='ocrx_word' id='word_1_787' title='bbox 2344 4654 2407 4703; x_wconf 91' lang='lat' dir='ltr'>ut</span> <span class='ocrx_word' id='word_1_788' title='bbox 2423 4665 2550 4703; x_wconf 92' lang='lat' dir='ltr'>cum</span> <span class='ocrx_word' id='word_1_789' title='bbox 2573 4650 2812 4720; x_wconf 89' lang='lat' dir='ltr'>spiritus</span> <span class='ocrx_word' id='word_1_790' title='bbox 2838 4651 3011 4704; x_wconf 82' lang='lat' dir='ltr'>Deum</span> <span class='ocrx_word' id='word_1_791' title='bbox 3030 4651 3501 4724; x_wconf 81' lang='lat' dir='ltr'>deserueritquia</span> <span class='ocrx_word' id='word_1_792' title='bbox 3521 4652 3724 4720; x_wconf 91' lang='lat' dir='ltr'>voluit,</span> 
     </span>
    </p>
   </div>
   <div class='ocr_carea' id='block_1_111' title="bbox 2087 4739 3725 4809">
    <p class='ocr_par' dir='ltr' id='par_1_111' title="bbox 2087 4739 3725 4809">
     <span class='ocr_line' id='line_1_111' title="bbox 2087 4739 3725 4809; baseline 0.002 -16"><span class='ocrx_word' id='word_1_793' title='bbox 2087 4742 2316 4794; x_wconf 88' lang='lat' dir='ltr'>deserat</span> <span class='ocrx_word' id='word_1_794' title='bbox 2348 4756 2560 4809; x_wconf 91' lang='lat' dir='ltr'>corpus</span> <span class='ocrx_word' id='word_1_795' title='bbox 2608 4739 2839 4793; x_wconf 90' lang='lat' dir='ltr'>etiamsi</span> <span class='ocrx_word' id='word_1_796' title='bbox 2874 4740 3155 4808; x_wconf 88' lang='lat' dir='ltr'>noluerit;</span> <span class='ocrx_word' id='word_1_797' title='bbox 3199 4758 3303 4797; x_wconf 90' lang='lat' dir='ltr'>nec</span> <span class='ocrx_word' id='word_1_798' title='bbox 3335 4742 3562 4797; x_wconf 90' lang='lat' dir='ltr'>deserat</span> <span class='ocrx_word' id='word_1_799' title='bbox 3592 4758 3725 4797; x_wconf 90' lang='lat' dir='ltr'>cum</span> 
     </span>
    </p>
   </div>
   <div class='ocr_carea' id='block_1_112' title="bbox 2084 4826 3729 4903">
    <p class='ocr_par' dir='ltr' id='par_1_112' title="bbox 2084 4826 3729 4903">
     <span class='ocr_line' id='line_1_112' title="bbox 2084 4826 3729 4903; baseline 0.002 -20"><span class='ocrx_word' id='word_1_800' title='bbox 2084 4827 2471 4896; x_wconf 83' lang='lat' dir='ltr'>voluerit,nisi</span> <span class='ocrx_word' id='word_1_801' title='bbox 2497 4826 2745 4898; x_wconf 86' lang='lat' dir='ltr'>aliquam</span> <span class='ocrx_word' id='word_1_802' title='bbox 2762 4828 2874 4882; x_wconf 89' lang='lat' dir='ltr'>sibi</span> <span class='ocrx_word' id='word_1_803' title='bbox 2894 4830 3357 4901; x_wconf 88' lang='lat' dir='ltr'>vim,quaipsum</span> <span class='ocrx_word' id='word_1_804' title='bbox 3382 4848 3592 4901; x_wconf 90' lang='lat' dir='ltr'>corpus</span> <span class='ocrx_word' id='word_1_805' title='bbox 3606 4848 3729 4903; x_wconf 81' lang='lat' dir='ltr'>per-</span> 
     </span>
    </p>
   </div>
   <div class='ocr_carea' id='block_1_113' title="bbox 2086 4914 3725 4988">
    <p class='ocr_par' dir='ltr' id='par_1_113' title="bbox 2086 4914 3725 4988">
     <span class='ocr_line' id='line_1_113' title="bbox 2086 4914 3725 4988; baseline 0.001 -17"><span class='ocrx_word' id='word_1_806' title='bbox 2086 4917 2325 4982; x_wconf 89' lang='lat' dir='ltr'>imatur,</span> <span class='ocrx_word' id='word_1_807' title='bbox 2344 4914 2637 4971; x_wconf 92' lang='lat' dir='ltr'>intulerit:</span> <span class='ocrx_word' id='word_1_808' title='bbox 2663 4916 3085 4972; x_wconf 88' lang='lat' dir='ltr'>demonstravit</span> <span class='ocrx_word' id='word_1_809' title='bbox 3110 4918 3347 4988; x_wconf 88' lang='lat' dir='ltr'>spiritus</span> <span class='ocrx_word' id='word_1_810' title='bbox 3372 4917 3725 4985; x_wconf 86' lang='lat' dir='ltr'>Mediatoris,</span> 
     </span>
    </p>
   </div>
   <div class='ocr_carea' id='block_1_114' title="bbox 2086 5004 3728 5077">
    <p class='ocr_par' dir='ltr' id='par_1_114' title="bbox 2086 5004 3728 5077">
     <span class='ocr_line' id='line_1_114' title="bbox 2086 5004 3728 5077; baseline 0.001 -17"><span class='ocrx_word' id='word_1_811' title='bbox 2086 5021 2261 5077; x_wconf 89' lang='lat' dir='ltr'>quam</span> <span class='ocrx_word' id='word_1_812' title='bbox 2294 5004 2455 5059; x_wconf 89' lang='lat' dir='ltr'>nulla</span> <span class='ocrx_word' id='word_1_813' title='bbox 2486 5021 2655 5076; x_wconf 69' lang='lat' dir='ltr'>paena</span> <span class='ocrx_word' id='word_1_814' title='bbox 2687 5005 2907 5075; x_wconf 90' lang='lat' dir='ltr'>peccati</span> <span class='ocrx_word' id='word_1_815' title='bbox 2943 5022 3128 5076; x_wconf 91' lang='lat' dir='ltr'>usque</span> <span class='ocrx_word' id='word_1_816' title='bbox 3160 5006 3228 5059; x_wconf 90' lang='lat' dir='ltr'>ad</span> <span class='ocrx_word' id='word_1_817' title='bbox 3263 5010 3505 5060; x_wconf 89' lang='lat' dir='ltr'>mortem</span> <span class='ocrx_word' id='word_1_818' title='bbox 3532 5008 3728 5062; x_wconf 89' lang='lat' dir='ltr'>carnis</span> 
     </span>
    </p>
   </div>
   <div class='ocr_carea' id='block_1_115' title="bbox 2086 5093 3729 5166">
    <p class='ocr_par' dir='ltr' id='par_1_115' title="bbox 2086 5093 3729 5166">
     <span class='ocr_line' id='line_1_115' title="bbox 2086 5093 3729 5166; baseline 0.001 -17"><span class='ocrx_word' id='word_1_819' title='bbox 2086 5093 2414 5159; x_wconf 90' lang='lat' dir='ltr'>accesserit,</span> <span class='ocrx_word' id='word_1_820' title='bbox 2439 5093 2576 5161; x_wconf 82' lang='lat' dir='ltr'>quia</span> <span class='ocrx_word' id='word_1_821' title='bbox 2610 5109 2719 5147; x_wconf 90' lang='lat' dir='ltr'>non</span> <span class='ocrx_word' id='word_1_822' title='bbox 2755 5110 2880 5147; x_wconf 88' lang='lat' dir='ltr'>eam</span> <span class='ocrx_word' id='word_1_823' title='bbox 2914 5094 3172 5148; x_wconf 86' lang='lat' dir='ltr'>deseruit</span> <span class='ocrx_word' id='word_1_824' title='bbox 3200 5094 3441 5158; x_wconf 89' lang='lat' dir='ltr'>invitus,</span> <span class='ocrx_word' id='word_1_825' title='bbox 3469 5095 3567 5149; x_wconf 81' lang='lat' dir='ltr'>sed</span> <span class='ocrx_word' id='word_1_826' title='bbox 3588 5095 3729 5166; x_wconf 88' lang='lat' dir='ltr'>quia</span> 
     </span>
    </p>
   </div>
   <div class='ocr_carea' id='block_1_116' title="bbox 2083 5181 3726 5254">
    <p class='ocr_par' dir='ltr' id='par_1_116' title="bbox 2083 5181 3726 5254">
     <span class='ocr_line' id='line_1_116' title="bbox 2083 5181 3726 5254; baseline 0.001 -17"><span class='ocrx_word' id='word_1_827' title='bbox 2083 5183 2285 5245; x_wconf 91' lang='lat' dir='ltr'>voluit,</span> <span class='ocrx_word' id='word_1_828' title='bbox 2317 5183 2551 5254; x_wconf 89' lang='lat' dir='ltr'>quando</span> <span class='ocrx_word' id='word_1_829' title='bbox 2583 5182 2784 5251; x_wconf 91' lang='lat' dir='ltr'>voluit,</span> <span class='ocrx_word' id='word_1_830' title='bbox 2819 5182 3111 5253; x_wconf 91' lang='lat' dir='ltr'>quomodo</span> <span class='ocrx_word' id='word_1_831' title='bbox 3137 5181 3334 5235; x_wconf 90' lang='lat' dir='ltr'>voluit.</span> <span class='ocrx_word' id='word_1_832' title='bbox 3370 5181 3594 5254; x_wconf 87' lang='lat' dir='ltr'>Quippe</span> <span class='ocrx_word' id='word_1_833' title='bbox 3626 5184 3726 5239; x_wconf 90' lang='lat' dir='ltr'>Dei</span> 
     </span>
    </p>
   </div>
   <div class='ocr_carea' id='block_1_117' title="bbox 2084 5270 3728 5328">
    <p class='ocr_par' dir='ltr' id='par_1_117' title="bbox 2084 5270 3728 5328">
     <span class='ocr_line' id='line_1_117' title="bbox 2084 5270 3728 5328; baseline 0.002 -3"><span class='ocrx_word' id='word_1_834' title='bbox 2084 5272 2271 5327; x_wconf 89' lang='lat' dir='ltr'>Verbo</span> <span class='ocrx_word' id='word_1_835' title='bbox 2303 5272 2374 5327; x_wconf 90' lang='lat' dir='ltr'>ad</span> <span class='ocrx_word' id='word_1_836' title='bbox 2396 5272 2675 5327; x_wconf 88' lang='lat' dir='ltr'>unitatem</span> <span class='ocrx_word' id='word_1_837' title='bbox 2693 5272 3044 5326; x_wconf 88' lang='lat' dir='ltr'>commixtus</span> <span class='ocrx_word' id='word_1_838' title='bbox 3068 5270 3203 5325; x_wconf 88' lang='lat' dir='ltr'>hinc</span> <span class='ocrx_word' id='word_1_839' title='bbox 3225 5271 3307 5325; x_wconf 89' lang='lat' dir='ltr'>ait</span> <span class='ocrx_word' id='word_1_840' title='bbox 3329 5272 3379 5325; x_wconf 73' lang='lat'>3:</span> <span class='ocrx_word' id='word_1_841' title='bbox 3399 5273 3728 5328; x_wconf 81' lang='lat' dir='ltr'>Potestatem</span> 
     </span>
    </p>
   </div>
   <div class='ocr_carea' id='block_1_118' title="bbox 2084 5360 3727 5432">
    <p class='ocr_par' dir='ltr' id='par_1_118' title="bbox 2084 5360 3727 5432">
     <span class='ocr_line' id='line_1_118' title="bbox 2084 5360 3727 5432; baseline 0.002 -17"><span class='ocrx_word' id='word_1_842' title='bbox 2084 5360 2254 5416; x_wconf 85' lang='lat' dir='ltr'>habeo</span> <span class='ocrx_word' id='word_1_843' title='bbox 2283 5360 2523 5431; x_wconf 84' lang='lat' dir='ltr'>ponendi</span> <span class='ocrx_word' id='word_1_844' title='bbox 2549 5362 2793 5415; x_wconf 85' lang='lat' dir='ltr'>animam</span> <span class='ocrx_word' id='word_1_845' title='bbox 2811 5376 3011 5429; x_wconf 82' lang='lat' dir='ltr'>meam,</span> <span class='ocrx_word' id='word_1_846' title='bbox 3031 5362 3083 5415; x_wconf 90' lang='lat' dir='ltr'>et</span> <span class='ocrx_word' id='word_1_847' title='bbox 3105 5362 3419 5432; x_wconf 79' lang='lat' dir='ltr'>potestatem</span> <span class='ocrx_word' id='word_1_848' title='bbox 3440 5360 3606 5417; x_wconf 87' lang='lat' dir='ltr'>habeo</span> <span class='ocrx_word' id='word_1_849' title='bbox 3628 5362 3727 5419; x_wconf 85' lang='lat' dir='ltr'>ite-</span> 
     </span>
    </p>
   </div>
   <div class='ocr_carea' id='block_1_119' title="bbox 2081 5447 3727 5524">
    <p class='ocr_par' dir='ltr' id='par_1_119' title="bbox 2081 5447 3727 5524">
     <span class='ocr_line' id='line_1_119' title="bbox 2081 5447 3727 5524; baseline 0.001 -17"><span class='ocrx_word' id='word_1_850' title='bbox 2081 5468 2209 5507; x_wconf 80' lang='lat' dir='ltr'>rum</span> <span class='ocrx_word' id='word_1_851' title='bbox 2237 5450 2493 5506; x_wconf 82' lang='lat' dir='ltr'>sumendi</span> <span class='ocrx_word' id='word_1_852' title='bbox 2522 5449 2832 5506; x_wconf 85' lang='lat' dir='ltr'>eam.Nemo</span> <span class='ocrx_word' id='word_1_853' title='bbox 2847 5447 3005 5505; x_wconf 81' lang='lat' dir='ltr'>tollit</span> <span class='ocrx_word' id='word_1_854' title='bbox 3018 5465 3135 5506; x_wconf 89' lang='lat' dir='ltr'>eam</span> <span class='ocrx_word' id='word_1_855' title='bbox 3167 5466 3201 5506; x_wconf 88' lang='lat' dir='ltr'>a</span> <span class='ocrx_word' id='word_1_856' title='bbox 3228 5466 3335 5523; x_wconf 87' lang='lat' dir='ltr'>me,</span> <span class='ocrx_word' id='word_1_857' title='bbox 3357 5448 3453 5507; x_wconf 86' lang='lat' dir='ltr'>sed</span> <span class='ocrx_word' id='word_1_858' title='bbox 3470 5467 3566 5521; x_wconf 86' lang='lat' dir='ltr'>ego</span> <span class='ocrx_word' id='word_1_859' title='bbox 3582 5467 3727 5524; x_wconf 81' lang='lat' dir='ltr'>pono</span> 
     </span>
    </p>
   </div>
   <div class='ocr_carea' id='block_1_120' title="bbox 2151 5662 3247 5734">
    <p class='ocr_par' dir='ltr' id='par_1_120' title="bbox 2151 5662 3247 5734">
     <span class='ocr_line' id='line_1_120' title="bbox 2151 5662 3247 5734; baseline 0.004 -25"><span class='ocrx_word' id='word_1_860' title='bbox 2151 5666 2164 5734; x_wconf 63' lang='grc' dir='ltr'><strong>ξ</strong></span> <span class='ocrx_word' id='word_1_861' title='bbox 2198 5665 2392 5734; x_wconf 71' lang='lat' dir='ltr'>anes</span> <span class='ocrx_word' id='word_1_862' title='bbox 2423 5662 2763 5734; x_wconf 39' lang='grc' dir='ltr'>ριόριξιΜεσιζ</span> <span class='ocrx_word' id='word_1_863' title='bbox 2785 5663 3247 5734; x_wconf 37' lang='grc' dir='ltr'>εξορνοριεν-Ιιαῃσ.</span> 
     </span>
    </p>
   </div>
   <div class='ocr_carea' id='block_1_121' title="bbox 2145 5724 3543 5789">
    <p class='ocr_par' dir='ltr' id='par_1_121' title="bbox 2145 5724 3543 5789">
     <span class='ocr_line' id='line_1_121' title="bbox 2145 5724 3543 5789; baseline 0.001 -14"><span class='ocrx_word' id='word_1_864' title='bbox 2145 5730 2167 5762; x_wconf 78' lang='grc'>²</span> <span class='ocrx_word' id='word_1_865' title='bbox 2195 5726 2278 5776; x_wconf 79' lang='lat' dir='ltr'>Sic</span> <span class='ocrx_word' id='word_1_866' title='bbox 2300 5724 2694 5789; x_wconf 68' lang='lat' dir='ltr'>pleriguelttss.</span> <span class='ocrx_word' id='word_1_867' title='bbox 2728 5724 2873 5775; x_wconf 64' lang='lat' dir='ltr'>Editi&#39;</span> <span class='ocrx_word' id='word_1_868' title='bbox 2896 5724 3039 5785; x_wconf 75' lang='lat' dir='ltr'>vero,</span> <span class='ocrx_word' id='word_1_869' title='bbox 3071 5727 3355 5789; x_wconf 74' lang='lat' dir='ltr'>justissima</span> <span class='ocrx_word' id='word_1_870' title='bbox 3386 5742 3543 5778; x_wconf 82' lang='lat' dir='ltr'>mors.</span> 
     </span>
    </p>
   </div>
   <div class='ocr_carea' id='block_1_122' title="bbox 2146 5786 3730 5850">
    <p class='ocr_par' dir='ltr' id='par_1_122' title="bbox 2146 5786 3730 5850">
     <span class='ocr_line' id='line_1_122' title="bbox 2146 5786 3730 5850; baseline 0.003 -11"><span class='ocrx_word' id='word_1_871' title='bbox 2146 5790 2169 5825; x_wconf 81' lang='grc'>⁸</span> <span class='ocrx_word' id='word_1_872' title='bbox 2199 5789 2282 5839; x_wconf 87' lang='lat' dir='ltr'>Sic</span> <span class='ocrx_word' id='word_1_873' title='bbox 2299 5786 2563 5837; x_wconf 75' lang='lat' dir='ltr'>Mae.Editi</span> <span class='ocrx_word' id='word_1_874' title='bbox 2579 5790 3035 5850; x_wconf 77' lang='lat' dir='ltr'>vero,commia:tus</span> <span class='ocrx_word' id='word_1_875' title='bbox 3046 5786 3119 5840; x_wconf 77' lang='lat' dir='ltr'>est</span> <span class='ocrx_word' id='word_1_876' title='bbox 3142 5791 3443 5842; x_wconf 67' lang='lat' dir='ltr'>homoﬂinc</span> <span class='ocrx_word' id='word_1_877' title='bbox 3471 5791 3730 5849; x_wconf 79' lang='lat' dir='ltr'>ait.Male.</span> 
     </span>
    </p>
   </div>
  </div>
