4160 6442
224 388 333 448 901

226 521 393 589 bum,
428 536 529 589 per
554 520 841 575 inferioris
863 526 1053 576 tamen
1080 527 1297 576 natura!
1322 523 1749 593 susceptionem
1773 521 1877 575 ali-

228 609 366 680 quid
391 608 639 665 inferius
672 611 790 682 pati
819 617 1033 682 posset,
1060 613 1213 683 quod
1247 612 1589 666 immundus
1628 613 1875 677 daemon,

227 698 371 769 quia
414 704 707 754 terrenum
749 716 963 771 corpus
996 717 1108 754 non
1145 700 1338 765 habet,
1374 701 1491 772 pati
1524 717 1638 755 non
1674 699 1876 771 possit.

227 788 323 841 Sic
355 804 487 842 cum
523 788 643 842 sint
675 787 783 859 ipsi
806 788 1172 844 daemonibus
1199 789 1491 855 meliores,
1516 795 1710 843 tamen
1745 789 1882 859 quia

226 892 466 932 carnem
498 881 752 949 portant,
790 878 938 932 mori
978 878 1060 933 sic
1086 882 1353 950 possunt,
1377 878 1875 949 quemadmodum

229 966 377 1020 mori
401 965 817 1036 daemones,qui
835 983 950 1021 non
974 983 1100 1021 eam
1124 970 1497 1039 portant,non
1519 966 1720 1037 utique
1743 982 1877 1037 pos-

228 1058 391 1108 sunt.
432 1053 495 1108 Et
538 1070 671 1109 cum
704 1054 773 1109 de
818 1054 1107 1111 mortibus
1149 1055 1562 1110 sacrificiorum
1596 1054 1876 1109 suorum1

227 1141 486 1197 multum
515 1148 892 1213 praesumant,
918 1159 1042 1215 qua:
1075 1159 1137 1199 se
1160 1143 1466 1198 fallacibus
1497 1144 1880 1213 superbisque

225 1230 535 1302 spiritibus
564 1230 869 1287 immolare
900 1249 1012 1288 non
1046 1233 1324 1303 sentiunt,
1352 1238 1453 1287 aut
1474 1231 1522 1287 si
1546 1232 1670 1302 jam
1695 1232 1715 1266 ²
1747 1247 1879 1286 sen-

223 1319 401 1388 tiunt,
435 1319 652 1391 aliquid
686 1320 795 1375 sibi
832 1322 1107 1393 prodesse
1135 1321 1494 1377 arbitrantur
1524 1321 1879 1392 perﬁdorum

221 1413 279 1462 et
309 1408 636 1463 invidorum
656 1411 968 1465 amicitiam
985 1456 997 1474 ,
1021 1428 1267 1479 quorum
1292 1410 1628 1466 intentionis
1651 1408 1879 1465 nullum

224 1497 524 1567 negotium
558 1503 665 1565 est,
696 1498 805 1553 nisi
838 1500 1142 1570 impeditio
1173 1501 1395 1555 reditus
1432 1499 1635 1555 nostri.

300 1576 530 1641 CAPUT
544 1585 683 1641 XIV.
700 1618 759 1627 --
774 1588 857 1641 19.
876 1588 1122 1644 Christus
1134 1591 1531 1660 perfectissima
1546 1590 1773 1643 victima
1782 1602 1879 1658 pro

221 1674 559 1730 mandandis
571 1677 720 1731 vitiis
736 1682 959 1731 nostris.
985 1679 1045 1731 In
1057 1679 1209 1732 omni
1217 1678 1490 1747 sacriﬁcio
1506 1686 1738 1748 quatuor
1751 1692 1878 1731 con-

221 1763 537 1819 sideranda.
558 1764 678 1821 Non
703 1765 1038 1838 intelligunt
1063 1784 1132 1821 ne
1161 1766 1321 1838 ipsos
1336 1767 1569 1837 quidem
1591 1784 1655 1820 su
1669 1765 1881 1838 perbis—

225 1853 411 1908 simos
428 1854 673 1925 spiritus
706 1854 1026 1910 honoribus
1048 1856 1467 1911 sacrificiorum
1499 1856 1749 1927 gaudere
1774 1871 1877 1926 po-

224 1942 433 2007 tuisse,
462 1942 570 1998 nisi
605 1943 704 1998 uni
738 1960 869 1999 vero
901 1944 1016 2000 Deo
1034 1962 1138 2016 pro
1169 1963 1283 2015 quo
1316 1946 1421 2000 coli
1447 1944 1877 2009 volunt,verum

224 2032 582 2087 sacriﬁcium
629 2033 965 2089 deberetur:
998 2051 1184 2106 neque
1224 2034 1281 2089 id
1313 2050 1484 2106 posse
1522 2034 1633 2088 rite
1664 2033 1875 2101 oll‘erri,

226 2119 344 2175 nisi
376 2138 477 2192 per
500 2122 857 2177 sacerdotem
890 2128 1159 2177 sanctum
1182 2125 1512 2193 etjustum:
1547 2139 1649 2178 nec
1673 2122 1783 2177 nisi
1809 2123 1879 2178 ab

224 2208 313 2264 eis
343 2210 661 2282 accipiatur
716 2212 867 2281 quod
901 2213 1159 2278 offertur,
1209 2229 1312 2284 pro
1371 2212 1586 2284 quibus
1617 2212 1875 2281 oll'ertur,

225 2304 406 2371 atque
460 2299 515 2354 id
551 2300 676 2356 sine
706 2301 844 2355 vitio
891 2301 987 2371 sit,
1022 2311 1086 2356 ut
1117 2318 1219 2373 pro
1248 2301 1474 2357 vitiosis
1519 2300 1879 2356 mundandis

227 2389 415 2459 possit
443 2390 655 2444 offerri.
695 2393 807 2445 Hoc
839 2395 992 2445 certe
1022 2407 1224 2446 omnes
1256 2390 1521 2462 cupiunt,
1552 2390 1650 2461 qui
1686 2406 1786 2461 pro
1816 2405 1879 2444 se

225 2477 420 2532 oll'erri
455 2478 803 2534 sacriﬁcium
833 2481 941 2534 Deo
971 2478 1189 2535 volunt.
1216 2480 1355 2543 Quis
1385 2495 1520 2551 ergo
1542 2484 1658 2534 tam
1678 2480 1878 2549 justus

224 2572 285 2621 et
316 2572 557 2622 sanctus
608 2569 899 2638 sacerdos,
935 2586 1111 2640 quam
1154 2570 1362 2625 unicus
1392 2570 1570 2624 Filius
1623 2568 1743 2635 Dei,
1778 2567 1878 2639 qui

225 2672 343 2710 non
376 2673 522 2727 opus
556 2656 793 2712 haberet
822 2672 925 2728 per
954 2658 1304 2712 sacriﬁcium
1338 2674 1444 2713 sua
1475 2674 1723 2729 purgare
1749 2672 1880 2728 pec-

226 2751 377 2811 cata,
413 2761 517 2800 nec
538 2745 865 2817 originalis,
900 2763 1001 2801 nec
1019 2763 1085 2801 ex
1105 2746 1362 2801 humana
1380 2747 1496 2801 vita
1512 2763 1636 2818 quae
1661 2746 1881 2800 addun-

226 2840 328 2888 tur
361 2835 538 2905 (Hebr.
572 2836 703 2905 VII)?
742 2836 807 2889 Et
838 2837 973 2906 quid
1009 2841 1127 2891 tam
1168 2840 1554 2906 congruenter
1590 2837 1662 2890 ab
1693 2835 1879 2890 homi-

226 2922 404 2977 nibus
455 2928 788 2978 sumeretur
845 2925 996 2995 quod
1035 2942 1136 2996 pro
1184 2926 1268 2980 eis
1323 2925 1645 2989 offerretur,
1702 2940 1879 2995 quam

225 3012 489 3067 humana
511 3013 683 3067 caro?
706 3014 771 3067 Et
789 3013 928 3084 quid
952 3020 1068 3068 tam
1090 3020 1291 3085 aptum
1311 3013 1446 3068 huic
1468 3013 1877 3084 immolationi,

225 3118 407 3171 quam
457 3117 590 3155 caro
640 3102 942 3156 mortalis?
991 3103 1057 3156 Et
1104 3102 1243 3173 quid
1290 3107 1409 3157 tam
1445 3104 1726 3157 mundum
1775 3118 1879 3172 pro

224 3190 584 3245 mundandis
611 3190 766 3244 vitiis
788 3191 1143 3259 mortalium,
1172 3208 1347 3262 quam
1380 3191 1506 3247 sine
1530 3191 1648 3246 ulla
1677 3197 1880 3247 conta-

223 3278 399 3349 gione
424 3279 675 3333 carnalis
702 3281 1190 3351 concupiscentiae.
1212 3296 1343 3335 caro
1375 3285 1511 3335 nata
1538 3282 1597 3335 in
1630 3286 1792 3336 utero
1824 3284 1881 3335 et

225 3383 296 3422 ex
321 3372 483 3423 utero
505 3368 878 3440 virginaliPEt
902 3368 1038 3439 quid
1064 3375 1181 3424 tam
1202 3374 1364 3441 grate
1381 3370 1570 3425 offerri
1589 3375 1646 3425 et
1662 3369 1879 3441 suscipi

228 3462 449 3528 posset,
484 3474 658 3528 quam
691 3475 823 3513 caro
856 3458 1124 3513 sacrificii
1148 3459 1351 3522 nostri,
1377 3474 1587 3530 corpus
1609 3459 1877 3514 effectum

228 3547 775 3601 sacerdotisnostri?
793 3546 864 3601 Ut
879 3547 1154 3618 quoniam
1178 3548 1881 3618 quatuorconsiderantur

227 3636 289 3688 in
342 3634 499 3688 omni
535 3635 851 3701 sacrificio;
907 3635 997 3690 cui
1031 3637 1325 3703 ott‘eratur,
1369 3654 1401 3690 a
1432 3653 1547 3707 quo
1578 3637 1875 3703 offeratur,

227 3725 367 3795 quid
394 3723 690 3791 olferatur,
712 3741 812 3795 pro
840 3724 1054 3795 quibus
1076 3725 1380 3792 otl‘eratur;
1406 3726 1554 3779 idem
1580 3726 1703 3796 ipse
1726 3742 1880 3780 unus

227 3828 518 3883 verusque
560 3813 854 3879 Mediator,
895 3829 994 3885 per
1040 3812 1390 3868 sacrificium
1429 3813 1589 3884 pacis
1622 3813 1879 3868 reconci-

226 3902 379 3956 lians
411 3918 516 3955 nos
554 3904 687 3965 Deo,
720 3919 901 3956 unum
944 3918 1075 3956 cum
1113 3901 1208 3956 illo
1251 3908 1513 3957 maneret
1553 3904 1643 3957 cui
1676 3904 1876 3958 oll’ere-

228 3991 348 4057 bat,
382 4007 563 4045 unum
602 3991 658 4043 in
695 4007 757 4045 se
784 3996 997 4046 faceret
1028 4008 1129 4062 pro
1163 3993 1377 4062 quibus
1399 3992 1693 4062 offerebat,
1725 4009 1879 4047 unus
1918 4020 1921 4025 >

228 4079 357 4151 ipse
388 4084 537 4133 esset
573 4080 669 4149 qui
705 4080 1002 4147 offerebat,
1035 4086 1089 4134 et
1119 4081 1272 4150 quod
1306 4082 1601 4136 otl‘erehat.

300 4168 524 4223 CAPUT
570 4168 685 4224 XV.
734 4201 799 4208 —
830 4170 918 4223 20.
969 4169 1202 4240 Superbi
1244 4175 1500 4241 putantes
1546 4186 1603 4225 se
1658 4172 1877 4240 propria

227 4261 431 4314 virtute
446 4274 595 4329 posse
624 4260 855 4326 purgari
879 4258 948 4313 ad
975 4258 1272 4314 videndum
1292 4260 1480 4313 Deum.
1506 4260 1653 4313 Sunt
1683 4266 1876 4314 autem

227 4347 467 4419 quidam
486 4347 582 4418 qui
603 4365 663 4401 se
680 4352 885 4418 putant
902 4349 971 4403 ad
995 4347 1508 4419 contemplandum
1529 4353 1703 4403 Deum
1724 4355 1780 4402 et
1798 4348 1883 4403 in-

229 4438 570 4492 hzerendum
596 4436 709 4492 Deo
743 4437 955 4491 virtute
981 4438 1213 4508 propria
1237 4454 1406 4507 posse
1438 4439 1670 4508 purgari
1694 4454 1705 4490 :
1732 4453 1881 4509 quos

228 4527 357 4597 ipsa
380 4526 655 4596 superbia
680 4526 927 4581 maxime
959 4528 1229 4580 maculat.
1251 4525 1486 4582 Nullum
1509 4526 1661 4580 enim
1680 4527 1881 4582 vitium

230 4622 321 4671 est
342 4616 429 4670 cui
462 4615 651 4684 magis
683 4614 877 4669 divina
902 4614 1024 4685 lege
1058 4615 1381 4682 resistatur,
1408 4615 1541 4669 etin
1568 4618 1718 4686 quod
1755 4633 1879 4670 ma-

220 4706 325 4776 jus
344 4703 622 4774 accipiat3
647 4702 1098 4772 dominandijus
1116 4703 1212 4758 ille
1231 4705 1688 4775 superbissimus
1708 4706 1847 4776 spiri
1864 4736 1877 4747 -

230 4799 350 4862 tus,
385 4793 455 4847 ad
490 4795 607 4845 ima
638 4793 940 4857 mediator,
975 4793 1044 4845 ad
1080 4809 1313 4846 summa
1344 4791 1721 4848 interclusor:
1770 4792 1882 4849 nisi

230 4882 452 4937 occulte
470 4880 758 4935 insidians
778 4879 889 4934 alia
910 4881 1000 4934 via
1021 4881 1336 4947 devitetur;
1357 4888 1457 4936 aut
1478 4899 1577 4952 per
1598 4882 1880 4953 pepulum

232 4972 619 5033 deficientem,
644 4970 796 5040 quod
827 4970 1240 5041 interpretatur
1269 4970 1523 5040 Amalec,
1557 4978 1751 5043 aperte
1774 4989 1879 5027 sae-

230 5060 413 5127 viens,
439 5068 495 5113 et
518 5060 585 5113 ad
621 5065 831 5113 terram
857 5059 1261 5129 promissionis
1293 5062 1671 5131 repugnando
1698 5068 1883 5116 trans-

230 5151 375 5204 itum
413 5165 653 5220 negans,
685 5165 783 5218 per
812 5165 1043 5203 crucem
1075 5147 1301 5203 Domini
1334 5166 1459 5219 qua:
1490 5150 1665 5217 Moysi
1695 5149 1879 5205 mani-

232 5240 341 5293 bus
372 5236 626 5293 extensis
658 5242 746 5291 est
768 5238 1155 5307 praeﬁgurata,
1188 5244 1495 5308 superetur
1516 5238 1707 5303 (Exod.
1741 5257 1875 5308 xvn,

229 5327 406 5397 8-46).
442 5326 586 5381 Hinc
616 5327 771 5380 enim
805 5326 1205 5397 purgationem
1241 5327 1351 5381 sibi
1382 5326 1477 5380 isti
1513 5327 1726 5382 virtute
1756 5345 1880 5399 pro.

230 5415 357 5489 pria
388 5414 756 5487 pollicentur,
809 5415 949 5486 quia
998 5415 1263 5471 nonnulli
1308 5432 1509 5472 eorum
1565 5423 1881 5489 potuerunt

301 5633 315 5663 ¹
346 5630 500 5685 Edili.
533 5631 581 5677 et
612 5629 675 5677 de
702 5627 886 5693 ritibus
912 5629 1279 5693 sacriﬁciorum
1312 5646 1537 5681 suorum.

294 5694 316 5729 ³
342 5694 400 5741 In
432 5693 573 5749 Mss.,
608 5696 697 5740 aut
724 5692 770 5740 si
798 5692 973 5740 etiam.

297 5756 318 5793 ³
346 5757 405 5807 1n
430 5756 605 5815 editis,
635 5754 803 5818 magis
830 5754 1064 5820 accipiat.

1608 390 1840 450 LIBER
1887 391 2282 461 QUARTUS.

3520 408 3640 468 902

1986 522 2162 575 aciem
2194 525 2400 578 mentis
2428 526 2575 581 ultra
2600 546 2688 581 om
2703 546 2829 584 nem
2857 537 3183 587 creaturam
3221 539 3640 605 transmittere,

1985 618 2039 666 et
2063 612 2249 687 lucem
2286 614 2783 673 incommutabilis
2814 622 3072 677 veritatis
3100 625 3642 699 quantulacumque

1989 717 2053 754 ex
2088 706 2246 770 parte
2265 702 2629 775 contingere:
2656 709 2807 778 quod
2829 709 3180 766 christianos
3201 713 3414 770 multos
3436 733 3504 771 ex
3527 717 3638 772 fide

1990 789 2224 843 interim
2260 790 2382 845 sola
2412 792 2687 863 viventes,
2739 798 2996 852 nondum
3045 803 3304 870 potuisse
3348 804 3633 861 derident.

1989 878 2096 932 Sed
2130 878 2267 949 quid
2294 882 2530 950 prodest
2553 885 2935 954 superbienti,
2961 893 3016 941 et
3038 889 3110 942 ob
3142 889 3249 945 hoc
3271 893 3636 949 erubescenti

1988 965 2214 1038 lignum
2266 972 2671 1039 conscendere,
2707 974 2776 1028 de
2818 976 3134 1048 longinquo
3178 982 3503 1052 prospicere
3535 999 3636 1054 pa-

1987 1056 2158 1110 triam
2175 1059 2660 1116 transmarinam?
2679 1065 2792 1118 Aut
2813 1065 2950 1136 quid
2970 1067 3133 1121 obest
3155 1068 3360 1123 humili
3382 1072 3450 1125 de
3471 1075 3635 1127 tanto

1988 1143 2288 1202 intervallo
2320 1165 2433 1203 non
2464 1165 2591 1205 eam
2622 1152 2833 1224 videre,
2868 1154 2924 1209 in
2960 1154 3057 1209 illo
3088 1155 3245 1229 ligno
3277 1159 3345 1213 ad
3378 1176 3505 1216 eam
3534 1178 3630 1218 ve-

1989 1233 2190 1300 nienti,
2225 1253 2339 1306 quo
2372 1239 2723 1310 dedignatur
2748 1242 2842 1297 ille
2875 1246 3141 1315 portari?

2059 1323 2289 1379 CAPUT
2327 1327 2464 1382 XVI.
2498 1360 2565 1369 ——
2595 1330 2683 1384 21.
2718 1333 3040 1405 Philosophi
3070 1340 3266 1392 veteres
3295 1337 3361 1392 de
3388 1355 3634 1395 resurre-

1987 1415 2161 1469 ctione
2184 1431 2246 1469 ac
2275 1417 2429 1471 rebus
2445 1420 2651 1487 futuris
2672 1438 2776 1475 non
2795 1425 3133 1479 consulendi.
3159 1426 3222 1479 Hi
3250 1427 3425 1483 etiam
3450 1447 3638 1485 resur-

1988 1503 2300 1558 rectionem
2335 1508 2526 1561 carnis
2549 1526 2655 1563 nos
2679 1512 2911 1567 credere
2934 1514 3385 1585 reprehendunt,
3408 1519 3637 1590 sibique

1990 1592 2183 1661 potius
2212 1593 2385 1648 etiam
2421 1596 2489 1649 de
2521 1596 2612 1651 his
2636 1600 2807 1655 rebus
2838 1602 2993 1656 credi
3023 1603 3241 1660 volunt.
3269 1606 3447 1670 Quasi
3478 1624 3633 1674 vero,

1989 1681 2126 1750 quia
2166 1683 2497 1753 praecelsum
2540 1685 3199 1764 incommutabilemque
3241 1696 3633 1753 substantiam

1990 1785 2091 1840 per
2117 1769 2216 1823 illa
2247 1788 2372 1842 quas
2398 1773 2545 1827 facta
2568 1780 2705 1830 sunt
2724 1776 3045 1851 intelligere
3068 1785 3574 1853 potuerunttﬂom.
3594 1800 3633 1854 ι,

1986 1858 2099 1927 20),
2134 1866 2432 1932 prepterea
2473 1864 2543 1917 de
2593 1868 2965 1922 conversione
2995 1886 3187 1926 rerum
3238 1874 3634 1946 mutabilium,

1990 1952 2089 2001 aut
2119 1949 2189 2003 de
2221 1956 2487 2005 contexto
2511 1954 2852 2010 saeculorum
2887 1958 3091 2013 ordine
3122 1961 3461 2016 consulendi
3497 1963 3636 2018 sint.

1990 2035 2280 2108 Numquid
2313 2040 2464 2093 enim
2500 2043 2638 2111 quia
2667 2044 2970 2101 verissime
3009 2047 3337 2119 disputant,
3368 2056 3426 2106 et
3457 2052 3640 2106 docu-

1990 2128 2204 2180 mentis
2236 2128 2575 2185 certissimis
2627 2135 2998 2201 persuadent,
3048 2138 3280 2193 reternis
3313 2140 3638 2197 rationibus

1988 2216 2186 2269 omnia
2217 2218 2559 2287 temporalia
2582 2220 2724 2287 ﬁeri,
2748 2228 3046 2293 propterea
3072 2230 3385 2297 potuerunt
3411 2229 3466 2283 in
3493 2228 3639 2300 ipsis

1988 2304 2317 2360 rationibus
2340 2308 2683 2378 perspicere,
2704 2311 2788 2364 vel
2814 2329 2878 2365 ex
2903 2313 3045 2383 ipsis
3069 2315 3336 2386 colligere
3355 2322 3498 2387 quot
3518 2319 3639 2373 sint

1989 2392 2328 2448 animalium
2354 2412 2581 2461 genera,
2609 2414 2735 2469 quae
2767 2400 2991 2455 semina
3011 2402 3372 2473 singulorum
3401 2405 3453 2459 in
3479 2423 3640 2461 exor-

1988 2481 2121 2547 diis,
2156 2483 2252 2552 qui
2302 2486 2509 2540 modus
2569 2486 2623 2539 in
2659 2487 3051 2556 incrementis,
3090 2492 3187 2563 qui
3247 2494 3472 2548 numeri
3536 2512 3639 2567 per

1989 2575 2325 2641 conceptus,
2361 2589 2462 2644 per
2503 2580 2688 2641 ortus,
2724 2595 2825 2648 per
2855 2584 3072 2651 aetates,
3107 2599 3208 2653 per
3239 2599 3499 2653 occasus,
3533 2585 3635 2656 qui

1991 2664 2183 2714 motus
2215 2660 2269 2714 in
2305 2664 2643 2733 appetendis
2671 2683 2799 2737 quae
2831 2670 3153 2725 secundum
3174 2676 3441 2727 naturam
3473 2678 3634 2743 sunt,

1993 2748 2397 2821 fugiendisque
2427 2754 2772 2809 contrariis?
2793 2756 2993 2813 Nonne
3014 2758 3129 2813 ista
3152 2761 3366 2825 omnia,
3394 2778 3505 2816 non
3537 2779 3639 2833 per

1990 2836 2147 2893 illam
2183 2839 2717 2897 incommutabilem
2743 2845 3114 2915 sapientiam,
3135 2849 3231 2902 sed
3256 2866 3357 2919 per
3378 2850 3635 2906 locorum

1989 2942 2054 2979 ac
2084 2932 2410 2996 temporum
2445 2930 2747 2986 historiam
2782 2935 3154 3003 quaesierunt,
3199 2943 3256 2990 et
3286 2938 3358 2992 ab
3388 2938 3504 2993 illis
3534 2956 3637 2995 ex-

1990 3020 2151 3084 perta
2181 3022 2353 3086 atque
2375 3019 2703 3088 conscripta
2723 3022 3131 3078 crediderunt?
3163 3025 3283 3089 Quo
3303 3026 3499 3081 minus
3522 3027 3637 3081 mi-

1989 3105 2236 3158 randum
2270 3110 2377 3169 est,
2423 3108 2580 3161 nullo
2616 3109 2784 3163 modo
2828 3127 2924 3166 eos
2960 3114 3218 3183 potuisse
3260 3114 3635 3184 prolixiorum

1990 3192 2333 3249 saeculorum
2385 3196 2590 3250 seriem
2627 3197 2927 3270 vestigare,
2970 3207 3024 3255 et
3072 3203 3387 3272 quamdam
3421 3210 3637 3260 metam

1989 3281 2165 3353 hujus
2198 3299 2495 3352 excursus,
2532 3302 2644 3355 quo
2676 3290 2956 3357 tanquam
2980 3290 3154 3344 ﬂuvio
3176 3306 3360 3362 genus
3382 3292 3639 3347 decurrit

1989 3369 2333 3433 humanum,
2353 3377 2524 3442 atque
2542 3374 2674 3427 inde
2693 3377 3130 3432 conversionem
3149 3380 3218 3432 ad
3240 3395 3414 3434 suum
3429 3380 3639 3450 cuique

1988 3458 2248 3513 debitum
2281 3461 2621 3515 terminum.
2650 3464 2761 3517 Ista
2782 3465 2936 3518 enim
2968 3482 3072 3520 nec
3103 3466 3362 3522 historici
3387 3468 3639 3524 scribere

1988 3553 2303 3619 potuerunt
2349 3548 2517 3619 longe
2568 3550 2762 3605 futura
2810 3557 2868 3607 et
2896 3570 2929 3607 a
2973 3554 3131 3609 nullo
3179 3561 3413 3625 experta
3458 3561 3636 3626 atque

1988 3644 2235 3690 narrata.
2270 3637 2380 3691 Nec
2410 3636 2506 3691 isti
2533 3638 2862 3710 philosophi
2895 3642 3115 3696 caeteris
3138 3642 3405 3698 meliores
3436 3644 3495 3699 in
3517 3645 3633 3700 illis

1988 3726 2239 3780 summis
2271 3726 2617 3796 zeternisque
2649 3730 2971 3785 rationibus
3000 3730 3293 3786 intellectu
3328 3732 3466 3787 talia
3497 3750 3636 3787 con-

1987 3815 2247 3885 templati
2282 3819 2455 3869 sunt:
2500 3816 2753 3887 alioquin
2790 3834 2904 3871 non
2938 3819 3200 3887 ejusdem
3233 3822 3461 3890 generis
3489 3838 3633 3892 prae-

1986 3906 2159 3957 terita
2189 3921 2314 3973 quae
2342 3910 2653 3974 potuerunt
2680 3904 2979 3961 historici‘
3005 3907 3385 3977 inquirerent,
3411 3911 3509 3964 sed
3537 3926 3637 3981 po-

1987 3993 2104 4047 tius
2136 3999 2188 4047 et
2232 3994 2424 4047 futura
2476 4002 2929 4063 praenoscerent;
2964 3997 3114 4065 quod
3167 3998 3263 4066 qui
3299 4002 3637 4069 potuerunt,

1988 4082 2059 4136 ab
2091 4080 2173 4135 eis
2205 4087 2385 4145 vates,
2419 4098 2449 4134 a
2483 4081 2698 4135 nostris
2729 4082 3029 4152 PrOphetaa
3060 4084 3331 4153 appellati
3364 4092 3519 4141 sunt.

2059 4169 2286 4224 CAPUT
2316 4169 2481 4223 XVII.
2517 4201 2584 4209 ——
2612 4172 2701 4223 :22.
2734 4172 2947 4225 Futura
2978 4177 3111 4242 quot
3138 4173 3313 4226 modis
3338 4178 3634 4243 prwscian-

1991 4265 2098 4314 tur.
2136 4258 2459 4328 P/n'losOphi
2482 4274 2578 4311 nec
2600 4260 2688 4312 illi
2716 4261 2809 4329 qui
2828 4262 2970 4313 inter
2988 4262 3235 4330 antiquos
3254 4262 3639 4317 excelluerunt

1990 4349 2309 4403 consulendi
2343 4356 2467 4400 sunt
2506 4350 2571 4400 (le
2601 4349 2999 4403 resurrectione
3034 4358 3397 4405 mortuorum.
3444 4353 3637 4416 Quan-

1989 4454 2162 4508 quam
2197 4443 2252 4492 et
2286 4435 2697 4506 Prophetarum
2732 4454 2939 4492 nomen
2966 4455 3077 4493 non
3110 4439 3350 4496 omnino
3381 4440 3637 4497 alienum

1989 4532 2077 4581 est
2106 4544 2139 4579 a
2173 4525 2377 4579 litteris
2409 4541 2640 4578 eorum:
2676 4527 2774 4578 sed
2801 4526 3117 4595 plurimum
3152 4528 3415 4595 interest,
3440 4538 3637 4586 utrum

1989 4615 2382 4685 experimento
2408 4613 2829 4683 praeteritorum
2854 4615 3048 4669 l'utura
3065 4617 3470 4687 conjiciantur;
3489 4619 3642 4675 sicut

1991 4702 2199 4757 medici
2234 4700 2416 4755 multa
2448 4701 2832 4771 prmvidcndo,
2879 4704 3053 4759 etiam
3087 4704 3297 4761 litteris
3330 4708 3639 4762 mandave—

1990 4797 2148 4855 runt,
2204 4808 2326 4859 qua:
2372 4789 2481 4860 ipsi
2514 4795 2747 4862 experta
2789 4799 3153 4861 notaverunt;
3205 4795 3357 4849 sicut
3385 4795 3638 4867 denique

1990 4878 2255 4952 agricolas
2287 4877 2372 4933 vel
2410 4878 2582 4933 etiam
2618 4884 2807 4935 nautae
2839 4881 3023 4936 multa
3053 4884 3445 4953 praenuntiant
3475 4884 3638 4956 (talia

1988 4970 2142 5024 enim
2175 4967 2223 5023 si
2253 4983 2321 5021 ex
2351 4966 2541 5038 longis
2572 4966 2892 5024 intervallis
2925 4976 3253 5041 temporum
3288 4972 3450 5037 tiant,
3484 4964 3634 5026 divi-

1990 5059 2253 5113 nationes
2274 5061 2670 5128 putantur):an
2690 5063 2949 5127 verojam
2965 5066 3208 5114 ventura
3226 5061 3634 5130 processerint,

1988 5154 2043 5203 et
2076 5150 2242 5217 longe
2272 5147 2395 5200 visa
2418 5144 2704 5199 venientia
2726 5146 3068 5201 nuntientur
3087 5148 3108 5179 ²
3130 5164 3233 5218 pro
3263 5152 3432 5204 acuto
3458 5166 3637 5205 sensu

1986 5236 2329 5300 videntium,
2366 5235 2519 5305 quod
2553 5250 2685 5288 cum
2719 5235 2937 5289 faciunt
2968 5253 3149 5290 aereas
3179 5243 3461 5307 potestate
3492 5238 3639 5293 divi-

1987 5342 2125 5381 nare
2157 5325 2510 5389 creduntur;
2564 5326 2842 5391 tanquam
2876 5324 2921 5378 si
2956 5328 3270 5396 quisquam
3319 5326 3390 5380 de
3424 5327 3639 5385 montis

1986 5414 2197 5470 vertice
2227 5414 2483 5483 aliquem
2507 5408 2677 5482 longe
2708 5409 2898 5467 videat
2918 5412 3268 5483 venientem,
3293 5418 3350 5471 et
3377 5417 3638 5488 proxime

2051 5635 2065 5668 1
2100 5630 2256 5686 Editi,
2285 5628 2537 5677 historice.
2570 5624 2758 5675 Melius
2787 5627 2927 5688 Mss.,
2963 5628 3206 5680 historici.

2049 5697 2071 5729 ²
2100 5695 2217 5761 Sola
2248 5695 2360 5761 fere
2386 5689 2560 5761 editio.
2579 5690 2723 5761 Lov._.
2753 5694 3129 5753 prasenserint,
3159 5698 3207 5744 et
3238 5694 3385 5761 longe
3414 5696 3521 5747 visa
3548 5710 3633 5759 ve;

1987 5757 2182 5809 nientia
2210 5755 2463 5804 nuntient.
2496 5752 2670 5802 Minus
2697 5753 2853 5805 bene.
