4160 6480
493 382 612 442 903

491 512 553 567 in
586 529 790 583 campo
819 511 1221 566 habitantibus
1242 517 1373 567 ante
1406 514 1659 568 nuntiet:
1697 530 1766 566 an
1802 514 1875 565 ab
1906 510 2140 582 Angelis

493 602 735 665 sanctis,
761 601 976 672 quibus
998 618 1063 656 ea
1088 601 1243 656 Deus
1266 618 1367 669 per
1391 602 1642 657 Verbum
1666 600 2140 672 Sapientiamque

493 706 661 745 suam
694 690 932 759 indicat,
965 690 1063 743 ubi
1111 698 1167 745 et
1202 691 1391 744 t'utura
1430 695 1486 744 et
1516 688 1801 760 praeterita
1838 693 2014 756 stant,
2048 685 2135 741 vel

493 778 846 850 quibusdam
901 780 1364 849 praenuntientur
1412 777 1770 844 hominibus,
1818 775 1905 831 vel
1954 776 2024 831 ab
2054 775 2137 831 eis

492 867 691 922 andita
720 884 925 921 rursus
956 867 1028 921 ad
1057 866 1202 922 alios
1233 865 1501 921 homines
1532 864 2032 921 transmittantur:
2063 881 2135 919 an

492 957 754 1028 ipsorum
787 955 1091 1011 hominum
1123 956 1510 1027 quorumdam
1562 960 1786 1009 mentes
1819 954 1877 1008 in
1911 958 2138 1009 tantum

491 1047 807 1101 evehantur
824 1044 1041 1117 Spiritu
1061 1050 1281 1113 sancto,
1309 1049 1371 1099 ut
1394 1061 1505 1099 non
1529 1042 2013 1115 perAngelos,sed
2038 1059 2140 1114 per

489 1151 551 1190 se
582 1136 739 1206 ipsas
772 1135 1101 1189 futurorum
1133 1138 1354 1189 stantes
1384 1148 1592 1188 causas
1616 1135 1632 1168 ¹
1658 1132 1715 1186 in
1748 1132 1875 1204 ipsa
1904 1148 2140 1187 summa

487 1240 684 1279 rerum
707 1239 837 1279 arce
868 1222 1250 1294 conspiciant.
1273 1221 1535 1277 Audiunt
1564 1221 1720 1276 enim
1751 1222 1863 1276 ista
1883 1225 1940 1276 et
1960 1237 2137 1277 aereas

486 1311 960 1384 potestates,sive
981 1310 1213 1382 Angelis
1244 1328 1309 1365 ea
1340 1310 1768 1377 nuntiantibus,
1802 1311 1923 1365 sive
1957 1312 2139 1366 homi-

486 1401 687 1457 nibus:
721 1408 777 1457 et
808 1406 1032 1456 tantum
1061 1401 1328 1469 audiunt,
1374 1407 1659 1471 quantum
1692 1417 1839 1471 opus
1883 1415 2012 1455 esse
2043 1399 2137 1455 ille

482 1491 724 1562 iudicat,
760 1491 852 1545 cui
885 1491 1147 1557 subjecta
1179 1494 1318 1543 sunt
1337 1491 1553 1544 omnia.
1580 1488 1759 1543 Multa
1789 1490 1963 1544 etiam
1997 1506 2137 1560 pra:-

485 1580 758 1633 dicuntur
789 1578 1067 1634 instinctu
1088 1579 1337 1648 quodam
1370 1583 1426 1632 et
1445 1577 1699 1649 impulso
1730 1578 1938 1648 Spiritu
1964 1579 1984 1612 ²
2010 1595 2137 1634 nes-

483 1667 796 1723 cientium:
819 1668 972 1721 sicut
987 1666 1238 1738 Caiphas
1260 1666 1503 1722 nescivit
1525 1668 1665 1739 quid
1688 1667 1851 1736 dixit,
1876 1668 1975 1722 scd
2000 1684 2133 1723 cum

482 1762 636 1812 esset
670 1756 923 1828 pontifex
955 1756 1322 1827 prophetavit
1353 1759 1535 1827 (Joan.
1567 1773 1643 1821 x1,
1676 1757 1788 1828 51).

552 1846 641 1899 23.
678 1846 824 1917 Ergo
854 1846 925 1899 de
959 1845 1434 1899 successionibus
1479 1845 1823 1901 saeculorum
1856 1851 1911 1900 et
1940 1846 2010 1901 de
2040 1861 2132 1901 re-

482 1935 843 1990 surrectione
866 1939 1232 1989 mortuorum
1255 1933 1633 2005 philosophos
1655 1951 1757 1989 nec
1771 1934 1901 1990 illos
1923 1952 2131 1991 consu-

480 2022 599 2078 lere
623 2023 924 2087 debemus,
951 2023 1049 2093 qui
1072 2024 1359 2078 Creatoris
1383 2024 1786 2090 aeternitatem,
1822 2025 1878 2079 in
1912 2041 2026 2095 quo
2057 2024 2134 2079 vi-

480 2112 692 2175 vimus,
718 2127 1021 2166 movemur
1048 2116 1105 2166 et
1134 2128 1340 2166 sumus
1371 2113 1506 2180 (Act.
1538 2129 1672 2181 xvu,
1700 2113 1813 2185 28),
1845 2120 2130 2184 quantum

482 2206 795 2272 potuerunt
818 2200 1241 2256 intellexerunt.
1277 2199 1421 2264 Quia
1444 2218 1544 2272 per
1573 2218 1639 2256 ea
1661 2219 1786 2272 quae
1812 2204 1961 2257 facta
1991 2208 2130 2259 sunt

480 2294 894 2360 cognoscentes
917 2289 1244 2355 Deum,non
1268 2289 1612 2345 sicutDeum
1635 2292 2126 2363 gloriﬁcaverunt,

479 2384 582 2433 aut
612 2378 829 2450 gratias
852 2383 1117 2450 egerunt.
1141 2379 1240 2433 sed
1274 2380 1532 2434 dicentes
1563 2397 1625 2435 se
1654 2397 1781 2435 esse
1811 2382 2127 2452 sapientes,

480 2467 643 2523 stulti
676 2468 808 2522 facti
841 2473 979 2522 sunt
1009 2468 1180 2538 (Rom.
1218 2485 1256 2533 ι,
1287 2470 1487 2539 20-22).
1528 2470 1594 2523 Et
1622 2487 1754 2524 cum
1787 2471 1977 2526 idonei
2013 2472 2137 2526 non

478 2560 693 2625 essent,
721 2556 777 2611 in
810 2556 1193 2612 aeternitatem
1214 2558 1235 2591 ³
1257 2557 1580 2628 spiritualis
1603 2559 2125 2614 incommutabilis-

479 2662 590 2717 que
613 2651 829 2702 natura:
853 2649 1034 2701 aciem
1060 2646 1271 2701 mentis
1298 2653 1415 2701 tam
1440 2654 1773 2703 constanter
1798 2649 2130 2719 inﬁgere,ut

480 2736 540 2789 in
574 2735 702 2805 ipsa
732 2734 1017 2806 sapientia
1047 2735 1333 2791 Creatoris
1364 2742 1538 2808 atque
1561 2738 1813 2793 Rectoris
1839 2738 2127 2794 universi-

482 2824 621 2879 tatis
653 2824 912 2879 viderent
956 2823 1252 2879 volumina
1300 2825 1669 2893 saaculorum,
1722 2844 1845 2896 quae
1879 2828 1957 2882 ibi
1999 2828 2127 2898 jam

480 2918 678 2967 essent
706 2918 763 2967 et
792 2929 1023 2984 semper
1042 2920 1256 2980 essent,
1282 2914 1374 2969 hic
1397 2920 1588 2969 autem
1615 2916 1810 2971 futura
1840 2922 2036 2971 essent
2067 2921 2129 2971 ut

483 3018 597 3056 non
616 3006 834 3067 essent;
855 3007 1029 3071 atque
1051 3006 1113 3056 ut
1136 3003 1212 3057 ibi
1232 3003 1490 3058 viderent
1510 3004 1912 3059 conversiones
1933 3005 1989 3059 in
2006 3022 2125 3060 me-

479 3089 618 3157 lius,
642 3107 756 3145 non
780 3090 970 3145 solum
993 3091 1343 3157 animorum,
1366 3093 1467 3146 sed
1490 3092 1665 3147 etiam
1689 3110 1997 3164 corporum
2016 3093 2126 3149 hu-

482 3195 789 3234 manorum
807 3196 988 3251 usque
1002 3180 1072 3234 ad
1097 3180 1185 3235 sui
1210 3181 1363 3235 modi
1387 3183 1813 3252 perfectionem:
1840 3200 1969 3237 cum
1991 3200 2125 3255 ergo

480 3268 551 3323 ad
585 3268 705 3323 haec
734 3268 812 3322 ibi
847 3268 1092 3323 videnda
1116 3268 1273 3324 nullo
1298 3270 1468 3325 modo
1499 3276 1693 3325 essent
1716 3271 1927 3343 idonei,
1954 3289 2023 3327 ne
2053 3272 2123 3327 ad

479 3356 624 3412 illud
640 3356 874 3428 quidem
896 3358 1055 3430 digni
1080 3358 1262 3413 habiti
1288 3364 1516 3429 sunt,ut
1537 3361 1620 3415 eis
1644 3360 1758 3415 ista
1781 3368 2124 3433 persanctos

474 3447 723 3518 Angelos
740 3448 1169 3513 nuntiarentur;
1191 3449 1307 3503 sive
1322 3449 1646 3506 forinsecus
1662 3467 1762 3521 per
1774 3467 1982 3506 sensus
2004 3468 2125 3508 cor-

474 3535 787 3607 poris,sive
810 3536 1184 3592 interioribus
1220 3538 1666 3594 revelationibus
1700 3540 1756 3593 in
1786 3541 1993 3612 spiritu
2025 3558 2122 3597 ex-

473 3627 720 3695 pressis:
746 3626 900 3681 sicut
922 3626 1183 3696 patribus
1214 3628 1426 3683 nostris
1460 3645 1590 3685 vera
1624 3629 1833 3699 pietate
1864 3631 2121 3701 praeditis

472 3713 595 3768 haec
635 3714 1034 3770 demonstrata
1082 3721 1240 3781 sunt,
1274 3716 1375 3788 qui
1404 3734 1471 3772 ea
1507 3719 1901 3788 pradicentcs,
1936 3719 2021 3774 vel
2049 3719 2121 3776 de

472 3804 855 3873 praesentibus
876 3803 1061 3874 signis
1079 3804 1163 3858 vel
1186 3805 1256 3859 de
1281 3806 1557 3876 proximis
1585 3807 1863 3872 rebus,ita
1888 3811 1950 3862 ut
1976 3825 2115 3879 prs:-

469 3890 752 3961 dixerant,
778 3892 947 3947 factis
970 3893 1142 3947 ﬁdem
1174 3893 1468 3957 facientes,
1489 3895 1893 3950 auctoritatem
1925 3898 2015 3952 cui
2049 3899 2119 3955 de

468 3980 637 4051 longe
669 3980 882 4035 futuris
914 3998 1099 4053 usque
1125 3981 1179 4035 in
1214 3982 1409 4037 saeculi
1442 3982 1615 4037 ﬁnem
1640 3984 1993 4051 crederetur,
2010 3986 2116 4041 ha-

467 4068 601 4123 bere
634 4075 993 4125 meruerunt.
1048 4071 1368 4126 Potestates
1406 4077 1598 4126 autem
1643 4088 1821 4127 aereae
1853 4076 2115 4145 superbas

466 4161 639 4228 atque
652 4156 1084 4225 fallaces,etiam
1101 4160 1147 4212 si
1163 4160 1328 4230 quzed
1338 4175 1429 4213 am
1444 4160 1514 4213 de
1528 4160 1796 4216 societate
1817 4164 1988 4217 etcivi
2000 4168 2115 4219 tate

467 4259 801 4301 sanctorum
835 4250 892 4301 et
920 4248 991 4301 de
1020 4263 1152 4302 vero
1168 4248 1479 4303 Mediatore
1509 4267 1541 4303 a
1570 4251 1789 4305 sanctis
1811 4252 2113 4324 Prophetis

464 4336 551 4389 vel
571 4335 805 4407 Angelis
824 4336 1024 4390 audita
1042 4353 1143 4407 per
1155 4353 1292 4391 suos
1310 4342 1465 4392 vates
1488 4339 1701 4394 dixisse
1725 4342 2110 4414 reperiuntur,

461 4422 517 4477 id
552 4430 818 4495 egerunt,
839 4429 900 4478 ut
923 4442 1022 4495 per
1042 4424 1162 4479 haec
1194 4426 1385 4481 aliena
1406 4443 1537 4481 vera
1556 4429 1731 4483 etiam
1757 4431 1956 4484 ﬁdeles
1988 4430 2109 4498 Dei,

462 4514 510 4566 si
538 4518 775 4582 possent
830 4513 900 4567 ad
933 4531 1040 4569 sua
1088 4514 1233 4571 falsa
1263 4516 1648 4572 traducerent.
1685 4524 1863 4573 Deum
1916 4525 2110 4576 autem

462 4617 564 4671 per
596 4601 919 4657 nescientes
951 4602 1003 4656 id
1024 4603 1160 4673 egit,
1191 4610 1254 4657 ut
1274 4607 1486 4660 veritas
1505 4606 1760 4678 undique
1792 4614 2108 4679 resonaret,

460 4689 735 4745 ﬁdelibus
768 4692 826 4745 in
858 4692 1241 4762 adiutorium,
1276 4693 1471 4765 impiis
1496 4695 1551 4749 in
1587 4698 2008 4752 testimonium.

531 4778 759 4835 CAPUT
796 4778 991 4835 XVIII.
1027 4811 1094 4821 —
1122 4783 1211 4835 24.
1244 4783 1417 4836 Filius
1445 4784 1542 4838 Dei
1572 4786 1901 4841 incarnatus
1945 4791 2111 4841 estut

459 4884 556 4937 per
569 4868 729 4938 ﬁdem
746 4870 1005 4925 mandati
1017 4871 1386 4926 evehamurad
1401 4874 1899 4930 incommutabilem
1912 4878 2111 4931 verita-

461 4968 585 5012 tem.
619 4957 765 5021 Quia
796 4959 973 5030 igitur
1009 4960 1081 5015 ad
1116 4965 1329 5015 aaterna
1368 4963 1724 5032 capessenda
1773 4964 1962 5018 idonei
1993 4981 2106 5020 non

460 5062 718 5114 eramus,
763 5048 1082 5119 sordesque
1115 5055 1480 5121 peccatorum
1533 5067 1638 5104 nos
1671 5054 2111 5123 praegravabant

458 5135 867 5207 temporalium
890 5154 1080 5192 rerum
1098 5154 1293 5192 amore
1312 5140 1779 5209 cuntractze,etde
1794 5142 2109 5213 propagine

458 5225 831 5280 mortalitatis
865 5232 1141 5297 tanquam
1177 5226 1521 5281 naturaliter
1551 5227 1783 5298 inolitaa,
1820 5230 2106 5302 purgandi

457 5330 709 5369 eramus.
727 5315 964 5386 Purgari
988 5324 1179 5369 autem
1197 5319 2104 5388 utcontemperaremurazternis,

523 5491 536 5523 ¹
570 5489 728 5548 Editi,
748 5492 998 5550 instantes
1012 5507 1204 5543 causas.
1230 5495 1416 5544 Metius
1436 5496 1576 5551 Mss.,
1597 5499 1793 5544 stantes
1814 5510 2009 5546 causas.
2032 5500 2106 5550 Ex

456 5550 537 5599 his
570 5552 853 5623 Vaticanus
891 5556 1104 5623 quidam
1147 5562 1327 5621 postea
1357 5558 1534 5616 habet,
1568 5550 1627 5607 in
1657 5560 1769 5623 ipsa
1796 5574 1995 5609 summa
2028 5576 2108 5611 re-

453 5629 513 5660 ru
522 5628 585 5679 my
603 5620 715 5679 arte
743 5620 1076 5679 conspiciant.

518 5680 539 5756 ς
569 5676 922 5756 taurea-tisi”
954 5681 1174 5756 impulsu
1200 5685 1431 5756 spiritus.

514 5740 535 5776 ⁸
565 5738 777 5805 Aliquot
804 5742 949 5804 Mss.,
973 5738 1032 5794 in
1054 5738 1359 5797 demittite.

1614 380 1716 438 DE
1758 378 2207 450 TRINITATE,
2257 378 2321 439 S.
2368 378 2792 441 AUGUSTINI

3786 382 3905 442 904

2250 528 2363 565 non
2383 510 2495 564 nisi
2520 527 2619 581 per
2638 508 2980 581 temporalia
2998 509 3743 582 possemus,qualibusjam
3763 528 3903 567 con-

2247 600 2552 670 temperati
2586 600 2949 655 tenebamur.
2973 600 3201 655 Sanitas
3232 598 3388 655 enim
3421 617 3454 655 a
3483 600 3687 657 morbo
3720 601 3905 674 pluri-

2247 703 2408 742 mum
2423 688 2622 742 distat:
2639 689 2737 743 sed
2754 688 2943 744 media
2957 690 3225 756 curatio‘,
3250 688 3360 744 nisi
3378 690 3580 744 morbo
3594 694 3900 762 congruat,

2246 792 2359 830 non
2378 777 2642 848 perducit
2669 778 2739 832 ad
2764 779 3093 833 sanitatem.
3122 776 3356 832 Inutilia
3377 778 3726 851 temporalia
3745 780 3902 835 deci-

2245 864 2673 937 piuntsagrotos
2698 865 2861 920 utilia
2874 866 3219 938 temporalia
3232 866 3564 939 suscipiunt
3578 869 3900 935 sanandos,

2250 958 2306 1008 et
2319 953 2501 1025 trajici
2513 959 2614 1008 unt
2626 955 2695 1009 ad
2710 959 2924 1009 aeterna
2937 958 3190 1010 sanatos.
3214 955 3375 1010 Mens
3390 961 3580 1011 autem
3600 956 3903 1013 rationalis

2248 1042 2401 1097 sicut
2423 1047 2669 1114 purgata
2690 1042 3241 1115 contemplationem
3258 1044 3428 1100 debet
3451 1044 3623 1101 rebus
3638 1046 3900 1114 internis;

2247 1131 2331 1187 sic
2362 1132 2683 1204 purganda,
2706 1132 3125 1205 temporalibus
3158 1134 3354 1188 ﬁdem.
3390 1133 3542 1188 Dixit
3571 1134 3811 1206 quidam
3846 1138 3905 1190 et

2246 1218 2481 1276 illorum
2506 1221 2604 1292 qui
2637 1222 2932 1293 quondam
2959 1223 3110 1293 apud
3128 1221 3353 1278 Grazcos
3383 1223 3677 1293 sapientes
3708 1222 3897 1278 habiti

2246 1314 2403 1366 sunt:
2430 1311 2701 1378 Quantum
2719 1310 2789 1366 ad
2810 1310 3016 1382 idquod
3028 1319 3206 1366 ortum
3218 1316 3293 1366 est
3314 1314 3596 1368 aeternitas
3612 1313 3898 1379 valet,tan-

2244 1405 2361 1453 tum
2385 1400 2455 1454 ad
2479 1399 2640 1469 ﬁdem
2672 1402 2887 1455 veritas.
2924 1401 2990 1455 Et
3022 1401 3274 1469 profecto
3304 1406 3393 1455 est
3420 1417 3555 1456 vera
3585 1401 3897 1457 sententia.

2245 1487 2405 1551 Quod
2422 1489 2576 1543 enim
2601 1505 2705 1543 nos
2723 1488 3041 1560 temporale
3073 1488 3347 1554 dicimus,
3373 1488 3479 1544 hoc
3500 1489 3597 1545 ille
3624 1491 3783 1562 quod
3808 1507 3902 1546 or-

2243 1582 2368 1632 tum
2392 1583 2479 1633 est
2510 1577 2838 1649 appellavit.
2861 1578 2936 1633 Ex
2960 1595 3074 1650 quo
3100 1594 3311 1650 genere
3336 1579 3507 1636 etiam
3534 1597 3640 1635 nos
3663 1596 3897 1649 sumus,

2245 1684 2358 1722 non
2382 1673 2611 1723 tantum
2638 1667 2959 1723 secundum
2983 1684 3216 1739 corpus,
3244 1668 3344 1722 sed
3368 1667 3543 1723 etiam
3574 1669 3899 1726 secundum

2243 1756 2423 1811 animi
2449 1756 3049 1812 mutabilitatem.Non
3071 1757 3227 1812 enim
3245 1757 3902 1829 pr0priev0caturaeter-

2243 1846 2563 1917 num,quod
2578 1844 2774 1916 aliqua
2786 1862 2853 1900 ex
2871 1850 3033 1916 parte
3050 1846 3398 1900 mutatur.ln
3414 1851 3698 1916 quantum
3717 1847 3899 1920 igitur

2242 1933 2552 1990 mutabiles
2566 1950 2794 1997 sumus,
2820 1934 2875 1988 in
2892 1939 3116 1989 tantum
3143 1934 3215 1989 ab
3229 1935 3554 1990 aeternitate
3576 1935 3896 1992 distamus.

2242 2022 2603 2079 Promittitur
2634 2029 2825 2078 autem
2862 2023 3029 2077 nobis
3058 2024 3174 2077 vita
3196 2028 3408 2079 aeterna
3439 2040 3540 2094 per
3566 2025 3895 2091 veritatem,

2240 2129 2273 2168 a
2303 2115 2474 2183 cujus
2501 2113 2915 2184 perspicuitate
2941 2129 3147 2167 rursus
3169 2116 3393 2168 tantum
3422 2113 3600 2169 distat
3624 2114 3769 2169 ﬁdes
3793 2132 3898 2169 no-

2239 2207 2379 2270 stra,
2409 2208 2690 2273 quantum
2727 2202 2798 2257 ab
2831 2200 3148 2256 aeternitate
3180 2200 3524 2256 mortalitas.
3558 2202 3723 2259 Nunc
3756 2218 3894 2275 ergo

2237 2292 2585 2347 adhibemus
2620 2291 2789 2345 ﬁdem
2824 2290 2998 2345 rebus
3030 2290 3427 2361 temporaliter
3448 2293 3633 2363 gestis
3660 2298 3901 2364 propter

2238 2398 2366 2449 nos,
2383 2386 2440 2437 et
2460 2398 2561 2452 per
2580 2381 2766 2451 ipsam
2792 2380 3169 2447 mundamur;
3194 2383 3260 2434 ut
3280 2396 3412 2435 cum
3436 2379 3505 2434 ad
3529 2380 3783 2452 speciem
3808 2399 3897 2438 ve-

2237 2471 2518 2536 nerimus,
2553 2467 3046 2540 quemadmodum
3082 2468 3347 2524 succedit
3379 2468 3513 2522 ﬁdei
3547 2469 3785 2535 veritas,
3810 2469 3896 2526 ita

2238 2557 2573 2614 mortalitati
2599 2558 2872 2613 succedat
2891 2556 3198 2612 aeternitas.
3228 2557 3591 2629 Quapropter
3611 2558 3892 2629 quoniam

2236 2649 2381 2703 ﬁdes
2406 2653 2600 2702 nostra
2616 2646 2711 2701 ﬁet
2724 2645 2953 2709 veritas,
2976 2663 3041 2700 cu
3055 2664 3103 2700 m
3122 2646 3189 2700 ad
3205 2645 3259 2699 id
3278 2646 3431 2717 quod
3451 2646 3618 2701 nobis
3641 2648 3892 2702 creden-

2238 2737 2394 2792 tibus
2424 2735 2785 2808 promittitur
2806 2735 3270 2806 pervenerimus:
3307 2734 3669 2806 promittitur
3690 2741 3889 2792 autem

2240 2826 2404 2881 nobis
2428 2825 2543 2880 vita
2572 2831 2805 2890 aeterna;
2830 2832 2886 2879 et
2906 2824 3051 2878 dixit
3078 2823 3327 2889 Veritas,
3354 2840 3464 2879 non
3499 2842 3621 2892 quas
3655 2825 3750 2880 ﬁet
3774 2825 3887 2882 sic-

2236 2920 2300 2969 ut
2330 2915 2527 2969 futura
2557 2919 2645 2968 est
2668 2913 2810 2968 ﬁdes
2834 2916 3054 2979 nostra,
3080 2912 3176 2968 sed
3213 2928 3340 2982 quae
3364 2929 3595 2983 semper
3614 2920 3703 2969 est
3722 2914 3887 2970 Veri-

2236 3010 2346 3069 tas,
2381 3004 2518 3074 quia
2550 3002 2626 3057 ibi
2660 3007 2749 3057 est
2776 3001 3108 3068 aeternitas;
3140 3000 3285 3055 dixit
3316 3017 3451 3073 ergo
3484 3001 3729 3064 Veritas.
3760 3005 3891 3061 H.130

2232 3100 2313 3149 est
2342 3096 2525 3149 autem
2563 3096 2676 3148 vita
2706 3101 2941 3160 wterna,
2974 3100 3033 3145 ut
3062 3094 3378 3161 cognoscant
3408 3096 3459 3147 te
3490 3108 3661 3147 unum
3692 3110 3889 3149 verum

2235 3185 2423 3247 Deum,
2448 3187 2496 3238 et
2521 3197 2680 3253 quem
2702 3181 2913 3236 misisti
2930 3185 3125 3235 Jesum
3152 3179 3428 3234 Christum
3446 3182 3621 3247 (Joan.
3647 3198 3786 3251 xvn,
3808 3183 3888 3254 3);

2233 3289 2367 3328 cum
2387 3273 2532 3327 ﬁdes
2558 3276 2756 3326 nostra
2775 3270 3023 3324 videndo
3046 3269 3144 3323 fiet
3167 3268 3547 3336 veritas,tunc
3570 3270 3891 3327 mortalita-

2231 3366 2349 3417 tem
2382 3364 2643 3415 nostrain
2676 3362 3096 3424 commutatam
3131 3356 3351 3412 tenebit
3381 3358 3695 3414 aeternitas.
3720 3360 3884 3424 Quod

2231 3450 2414 3505 donec
2437 3449 2555 3512 ﬁat,
2581 3453 2711 3504 etut
2734 3446 2996 3518 ﬁat,quia
3014 3448 3184 3501 rebus
3202 3446 3345 3501 ortis
3368 3448 3887 3502 accommodamus

2230 3539 2405 3593 ﬁdem
2435 3536 2815 3602 credulitatis,
2839 3536 2991 3591 sicut
3014 3536 3070 3590 in
3097 3535 3325 3591 mternis
3348 3552 3655 3606 speramus
3678 3535 3887 3592 verita-

2228 3633 2342 3682 tem
2369 3625 2898 3698 contemplationis,
2926 3643 2995 3680 ne
3018 3625 3163 3680 ﬁdes
3177 3625 3439 3680 mortalis
3461 3625 3590 3679 vitae
3612 3625 3885 3681 dissona-

2230 3722 2315 3771 ret
2336 3734 2368 3771 a
2387 3719 2623 3771 veritate
2639 3722 2862 3770 aeternae
2876 3715 3024 3779 vitae,
3044 3715 3169 3785 ipsa
3182 3712 3406 3767 Veritas
3428 3713 3579 3769 Patri
3595 3719 3883 3770 coaeterna

2227 3806 2298 3861 de
2331 3812 2480 3860 terra
2511 3809 2638 3860 orta
2668 3809 2755 3859 est
2779 3804 2948 3871 (Psal.
2986 3820 3202 3869 Lxxxlv,
3240 3804 3346 3869 12),
3382 3819 3515 3857 cum
3563 3803 3742 3858 Filius
3775 3803 3881 3859 Dei

2227 3895 2311 3951 sic
2333 3895 2487 3951 venit
2509 3900 2573 3949 ut
2595 3894 2755 3949 ﬁeret
2777 3893 2931 3947 ﬁlius
2956 3891 3233 3956 hominis,
3259 3896 3314 3946 et
3347 3892 3469 3962 ipse
3493 3890 3549 3945 in
3576 3908 3636 3947 se
3657 3891 3885 3963 excipe-

2226 3990 2311 4040 ret
2345 3986 2514 4039 ﬁdem
2539 3989 2820 4049 nostram,
2839 3998 2956 4054 qua
2977 3998 3082 4036 nos
3109 3981 3452 4052 perduceret
3474 3980 3545 4035 ad
3573 3981 3878 4036 veritatem

2225 4092 2413 4138 suam,
2431 4072 2529 4144 qui
2554 4072 2637 4127 sic
2657 4072 2917 4141 suscepit
2942 4069 3355 4124 mortalitatem
3380 4074 3737 4134 nostram,ut
3762 4085 3877 4126 non

2223 4164 2517 4219 amitteret
2546 4161 2923 4216 aeternitatem
2960 4175 3149 4213 suam.
3194 4159 3487 4222 Quantum
3520 4158 3675 4213 enim
3710 4159 3780 4213 ad
3817 4158 3875 4213 id

2223 4253 2375 4323 quod
2391 4258 2581 4307 ortum
2599 4254 2687 4304 est
2706 4246 3000 4303 aeternitas
3022 4246 3427 4311 valet,tantum
3451 4247 3521 4301 ad
3549 4246 3718 4301 ﬁdem
3735 4245 3879 4301 veri-

2220 4346 2330 4396 tas.
2351 4341 2579 4411 Itaergo
2602 4356 2707 4394 nos
2722 4337 2953 4410 purgari
2980 4337 3300 4407 oportebat,
3319 4333 3494 4389 utille
3509 4336 3679 4391 nobis
3714 4336 3881 4391 ﬁeret

2220 4436 2382 4485 ortus
2414 4430 2510 4501 qui
2546 4433 2808 4483 maneret
2828 4432 3099 4495 aeternus,
3126 4441 3195 4479 ne
3226 4423 3369 4480 alter
3390 4424 3410 4459 ²
3438 4423 3607 4479 nobis
3638 4430 3792 4480 esset
3812 4423 3876 4480 in

2221 4520 2354 4582 fide,
2387 4518 2533 4573 alter
2563 4516 2620 4571 in
2654 4516 2909 4571 veritate.
2936 4514 3047 4569 Nec
3072 4515 3141 4568 ab
3164 4530 3228 4568 eo
3242 4513 3393 4584 quod
3419 4514 3529 4568 orti
3562 4529 3771 4568 sumus
3797 4514 3874 4568 ad

2219 4614 2435 4664 aeterna
2456 4606 2703 4661 transire
2728 4603 3171 4675 possemus,nisi
3199 4609 3409 4657 mterno
3433 4618 3535 4673 per
3555 4610 3747 4658 ortum
3770 4619 3874 4658 no-

2219 4703 2406 4752 strum
2439 4695 2606 4751 nobis
2629 4694 2848 4750 sociato
2872 4694 2940 4747 ad
2963 4693 3344 4746 aeternitatem
3369 4690 3557 4762 ipsius
3579 4692 3877 4762 trajicere-

2219 4787 2544 4843 mur.Nunc
2560 4786 2756 4855 itaque
2777 4782 2914 4837 illuc
2933 4781 3186 4853 quodam
3211 4782 3382 4836 modo
3404 4789 3606 4836 secuta
3620 4785 3707 4836 est
3727 4781 3877 4838 ﬁdes

2218 4880 2558 4946 nostra,quo
2579 4873 2841 4929 ascendit
2862 4873 2920 4927 in
2937 4888 3108 4943 quem
3133 4870 3514 4937 credidimus,
3529 4876 3877 4940 ortus,mor-

2218 4971 2375 5035 tuus,
2409 4963 2815 5029 resuscitatus,
2843 4965 3202 5031 assumptus.
3228 4960 3446 5015 Horum
3474 4959 3875 5032 quatuor,duo

2218 5054 2411 5126 priora
2431 5068 2780 5107 noveramus
2802 5050 2857 5105 in
2885 5050 3074 5115 nobis;
3099 5050 3320 5104 scimus
3340 5049 3497 5103 enim
3518 5048 3786 5104 homines
3815 5053 3878 5105 et

2215 5144 2352 5199 oriri
2384 5148 2441 5198 et
2472 5142 2646 5197 mori:
2677 5141 2793 5196 duo
2820 5144 3014 5194 autem
3048 5137 3293 5208 reliqua,
3324 5138 3380 5191 id
3412 5143 3503 5193 est
3532 5138 3879 5194 resuscitari

2215 5238 2271 5288 et
2302 5229 2543 5297 assumi,
2572 5232 2734 5300 juste
2765 5229 2821 5284 in
2858 5230 3025 5283 nobis
3057 5228 3251 5281 futura
3277 5243 3604 5297 speramus,
3641 5227 3781 5298 quia
3810 5225 3875 5282 in

2214 5322 2311 5377 illo
2341 5322 2487 5376 facta
2517 5319 2896 5374 credidimus.
2927 5322 3123 5387 Itaque
3146 5316 3202 5370 in
3236 5314 3336 5371 illo
3360 5314 3506 5386 ,quia
3535 5321 3593 5370 et
3622 5315 3678 5370 id
3713 5314 3875 5386 quod

2215 5417 2409 5466 ortum
2423 5414 2545 5465 erat
2562 5408 2796 5463 transiit
2809 5408 2878 5461 ad
2894 5405 3560 5471 aeternitatem,transitu
3570 5421 3697 5459 rum
3714 5408 3878 5459 estet

2214 5506 2643 5566 nostrum,cum
2658 5497 2800 5552 ﬁdes
2813 5494 3135 5568 pervenerit
3149 5493 3220 5549 ad
3235 5491 3591 5549 veritatem.J
3600 5508 3697 5547 am
3712 5494 3873 5549 enim

2277 5692 2294 5725 ί
2328 5687 2484 5745 Editi,
2514 5684 2701 5749 medici
2730 5685 2947 5734 curatio.
2988 5684 3329 5749 Castigantur
3364 5697 3430 5735 ex
3465 5681 3873 5748 manuscriptis.

2275 5752 2297 5790 ³
2330 5755 2474 5813 Lov.,
2508 5762 2599 5800 nec
2628 5748 2780 5799 alter.
