4160 6440
139 396 261 458 909

126 512 210 584 ’ᾶθ
227 528 452 585 Joanne
475 525 736 600 Baptista
757 528 975 584 dictum
997 530 1097 595 sit,
1119 530 1333 597 Spiritu
1350 539 1542 585 sancto
1563 530 1795 599 replebi-

139 626 238 673 tur
249 619 368 689 jam
396 618 523 672 inde
543 619 609 671 ab
632 622 786 673 utero
811 621 1004 673 matris
1020 634 1165 675 suae:
1184 624 1239 673 et
1256 618 1472 688 Spiritu
1491 635 1594 674 san
1604 622 1691 670 cto
1713 632 1799 671 re-

142 706 662 777 pletusZacharias
686 707 978 761 invenitur
1003 713 1166 777 pater
1189 709 1340 775 ejus,
1364 712 1427 761 ut
1450 707 1521 761 de
1545 706 1641 759 illo
1663 704 1803 759 talia

143 796 395 860 diceret;
420 801 476 849 et
498 795 720 865 Spiritu
745 804 946 850 sancto
971 795 1174 863 Maria,
1201 802 1263 849 ut
1285 794 1425 849 talia
1451 794 1520 847 de
1554 792 1800 847 Domino

140 900 319 955 quem
339 884 608 955 gestabat
633 889 813 949 utero,
842 885 1181 952 prsidicaret
1208 885 1358 951 (Luc.
1384 900 1423 952 ι,
1451 884 1535 943 15.
1563 882 1758 950 lit-79)
1786 897 1799 947 ;

138 973 366 1044 Spiritu
400 978 601 1027 sancto
634 972 865 1027 Simeon
914 978 971 1028 et
1012 980 1201 1040 Anna,
1238 979 1299 1026 ut
1332 970 1796 1042 magnitudinem

136 1062 353 1117 Christi
381 1062 603 1133 parvuli
624 1068 1006 1132 agnoscerent
1029 1062 1128 1132 (Id.
1165 1080 1221 1130 ιι9
1246 1062 1438 1131 25-38)
1467 1078 1478 1115 :
1504 1059 1799 1130 quomodo

137 1167 280 1223 ergo
302 1151 539 1221 Spiritus
562 1152 811 1205 nondum
844 1159 965 1205 erat
992 1150 1177 1216 datus,
1214 1152 1344 1221 quia
1372 1151 1523 1206 Iesus
1556 1147 1804 1203 nondum

136 1249 263 1296 erat
284 1239 628 1309 clariﬁcatus
648 1256 668 1301 ;
695 1240 806 1294 nisi
829 1240 967 1310 quia
990 1239 1090 1293 illa
1112 1240 1291 1303 datio,
1316 1236 1402 1293 vel
1436 1236 1691 1301 donatio,
1715 1234 1804 1288 vel

135 1328 348 1384 missio
372 1329 628 1400 Spiritus
650 1329 838 1383 sanati
873 1328 1145 1383 habitura
1172 1332 1295 1382 erat
1321 1326 1641 1398 quamdam
1678 1339 1803 1395 pro-

136 1418 453 1490 prietatem
487 1434 657 1472 suam
686 1417 745 1471 in
778 1417 905 1488 ipso
937 1417 1211 1481 adventu,
1238 1415 1434 1487 qualis
1456 1419 1628 1469 antea
1648 1428 1803 1467 nun-

138 1523 323 1579 quam
349 1506 455 1562 fuit
470 1506 813 1578 ?Nusquam
830 1507 985 1561 enim
1005 1506 1276 1577 legimus,
1294 1504 1514 1575 linguis
1527 1520 1673 1575 quas
1689 1517 1803 1555 non

141 1602 428 1653 noverant
450 1596 715 1651 homines
738 1595 986 1661 locutos,
1006 1596 1271 1650 veniente
1291 1594 1347 1649 in
1364 1610 1423 1649 se
1437 1592 1652 1665 Spiritu
1669 1607 1803 1645 san-

144 1692 264 1753 cto,
293 1686 447 1741 sicut
470 1692 607 1740 tunc
626 1686 842 1739 factum
861 1691 968 1749 est,
990 1701 1122 1739 cum
1145 1689 1435 1755 oporteret
1452 1684 1579 1753 ejus
1598 1682 1807 1735 adven-

146 1778 211 1830 tu
224 1792 280 1829 m
296 1774 480 1847 signis
495 1773 874 1830 sensibilibus
892 1772 1300 1839 demonstrari,
1322 1781 1380 1827 ut
1400 1771 1807 1827 ostenderetur

145 1868 344 1919 totum
376 1865 574 1919 orbem
604 1867 892 1919 terrarum
927 1868 1103 1933 atque
1134 1878 1336 1917 omnes
1369 1866 1571 1931 gentes
1602 1859 1659 1913 in
1694 1857 1804 1912 liu—

145 1954 283 2025 guis
315 1953 487 2008 variis
518 1951 892 2015 constitutas,
928 1952 1251 2006 crediturae
1285 1951 1342 2003 in
1376 1948 1672 2004 Christum
1707 1962 1811 2017 per

147 2042 376 2097 donum
407 2041 656 2113 Spiritus
688 2040 873 2097 sancti
903 2058 915 2107 ;
944 2043 1005 2094 ut
1026 2040 1367 2111 impleretur
1388 2036 1619 2108 quodin
1648 2032 1812 2091 Psal-

164 2146 267 2185 mo
296 2129 543 2197 canitur,
578 2131 691 2185 Non
719 2133 848 2184 sunt
880 2130 1110 2199 loquelae
1139 2144 1312 2199 neque
1343 2142 1642 2193 sermones,
1675 2142 1808 2196 quo-

153 2236 285 2274 rum
315 2234 425 2273 non
455 2218 763 2272 audiantur
793 2233 939 2272 voces
979 2233 1207 2283 eorum;
1257 2218 1317 2270 in
1364 2230 1577 2270 omnem
1608 2223 1812 2269 terram

153 2309 333 2364 exivit
362 2324 523 2362 sonus
554 2323 761 2375 eorum,
802 2312 855 2362 et
886 2308 943 2361 in
980 2305 1115 2374 ﬁnes
1162 2307 1309 2360 orbis
1338 2313 1500 2361 terra:
1528 2304 1689 2359 verba
1718 2319 1811 2358 eo-

157 2414 287 2451 rum
315 2397 483 2467 (Psat.
516 2412 677 2463 xvm,
713 2398 764 2464 li,
795 2396 872 2466 5).

235 2485 325 2539 30.
356 2482 536 2539 Verbo
555 2485 751 2554 itaque
770 2482 867 2538 Dei
891 2482 961 2536 ad
981 2482 1265 2536 unitatem
1296 2496 1555 2552 personas
1578 2478 1812 2550 copula-

160 2578 286 2641 tus,
312 2578 368 2629 et
385 2574 634 2645 quodam
662 2572 832 2627 modo
854 2572 1203 2625 commixtus
1226 2574 1314 2625 est
1344 2569 1540 2636 homo,
1566 2585 1698 2623 cum
1722 2584 1813 2623 ve-

169 2664 373 2718 niente
390 2660 1045 2733 plenitudinetemporis
1064 2660 1281 2713 missus
1300 2657 1625 2713 estinhunc
1646 2674 1814 2711 mun-

171 2753 316 2807 dum
347 2752 534 2806 factus
565 2767 632 2806 ex
664 2750 881 2805 femina
908 2748 1090 2804 Filius
1133 2748 1255 2817 Dei,
1288 2753 1348 2802 ut
1392 2752 1545 2803 esset
1571 2751 1628 2801 et
1657 2745 1815 2801 ﬁlius

168 2841 432 2897 hominis
459 2843 694 2911 propter
742 2838 893 2893 ﬁlios
942 2836 1266 2892 hominum.
1318 2836 1476 2891 Hanc
1507 2850 1814 2906 personam

169 2929 435 3003 angelica
464 2932 673 2983 natura
703 2926 953 2998 ﬁgurare
992 2931 1163 2980 antea
1210 2924 1419 2997 potuit,
1448 2929 1512 2979 ut
1540 2940 1814 2996 praanun-

165 3021 379 3077 tiaret:
418 3036 531 3073 non
564 3015 957 3089 expropriare,
993 3019 1055 3069 ut
1096 3014 1225 3086 ipsa
1250 3017 1423 3069 esset.

240 3107 469 3164 CAPUT
492 3106 628 3162 XXI.
653 3136 721 3145 —
744 3105 816 3159 De
854 3103 1104 3159 sensibili
1141 3103 1601 3159 demonstratione
1638 3098 1818 3156 sancti

165 3198 432 3266 Spiritus,
467 3198 516 3251 et
545 3194 611 3249 de
640 3195 1008 3249 coaeternitate
1038 3193 1336 3247 Trinitatis.
1365 3192 1505 3260 Quid
1524 3190 1725 3245 dictum
1746 3191 1821 3244 sit

162 3292 214 3342 et
228 3286 365 3356 quid
375 3284 664 3340 dicendum
676 3291 855 3338 restet.
874 3287 951 3337 De
964 3280 1225 3337 sensibili
1239 3285 1434 3336 autem
1450 3281 1813 3335 demonstra-

162 3374 327 3428 tione
358 3372 608 3444 Spiritus
652 3372 860 3438 sancti,
921 3370 1039 3425 sive
1094 3386 1197 3440 per
1252 3368 1533 3424 columbae
1563 3367 1815 3439 speciem

166 3463 384 3533 (Matth.
419 3479 500 3527 ιιι,
536 3462 643 3528 16),
677 3461 796 3515 sive
827 3476 929 3531 per
959 3458 1191 3530 linguas
1235 3456 1436 3529 igneas
1468 3457 1601 3527 (Act.
1637 3474 1696 3511 ιι.
1739 3456 1815 3528 3),

171 3567 309 3606 cum
334 3550 460 3621 ejus
482 3548 871 3606 substantiam
896 3547 1047 3602 Patri
1070 3553 1126 3601 et
1146 3546 1289 3602 Filio
1306 3551 1645 3601 cozeternam
1667 3544 1818 3617 pari-

171 3644 380 3711 terque
398 3636 941 3693 incommutabilem
962 3635 1195 3691 subdita
1211 3640 1266 3689 et
1284 3634 1538 3689 serviens
1556 3640 1823 3689 creatura

174 3728 601 3800 temporalibus
636 3726 890 3781 motibus
917 3731 975 3779 et
998 3724 1198 3779 formis
1219 3724 1570 3788 ostenderet,
1594 3738 1724 3776 cum
1751 3722 1821 3776 ad

176 3819 307 3888 ejus
330 3833 586 3888 personae
610 3814 918 3879 unitatem,
945 3813 1097 3868 sicut
1117 3828 1248 3867 caro
1280 3812 1433 3883 quod
1465 3811 1717 3866 Verbum
1742 3810 1823 3865 fa-

176 3913 337 3961 ctum
362 3910 451 3960 est
489 3903 841 3975 (Ιοαη.ι14),
889 3918 1002 3957 non
1048 3900 1436 3972 copularetur,
1482 3916 1597 3955 non
1641 3899 1824 3954 audeo

176 3995 370 4050 dicere
395 3993 539 4048 nihil
566 3992 676 4047 tale
698 3992 916 4046 factum
939 4005 1066 4045 esse
1089 3998 1273 4044 antea.
1304 3990 1412 4044 Sed
1450 3988 1620 4060 plane
1644 3989 1826 4043 ﬁden-

172 4088 264 4140 ter
285 4082 550 4149 dixerim,
577 4082 804 4136 Patrem
838 4084 893 4135 et
920 4078 1128 4134 Filium
1161 4083 1217 4133 et
1241 4078 1523 4149 Spiritum
1558 4083 1825 4133 sanctum

175 4173 355 4229 unius
400 4172 786 4243 ejusdemque
832 4167 1196 4235 substantiae,
1247 4167 1430 4222 Deum
1484 4172 1824 4237 creatorem,

176 4262 526 4318 Trinitatem
559 4258 1017 4331 omnipotentem
1064 4256 1533 4328 inseparabiliter
1562 4256 1825 4328 operari:

176 4352 283 4408 sed
315 4353 396 4407 ita
427 4368 541 4406 non
575 4364 746 4422 posse
777 4364 877 4419 per
906 4346 1075 4419 longe
1127 4346 1410 4417 imparem
1464 4346 1831 4416 maximeque

179 4456 521 4512 corpoream
549 4442 875 4494 creaturam
908 4434 1375 4508 inseparabiliter
1400 4434 1787 4490 demonstrari
1813 4451 1827 4501 ;

182 4530 338 4585 sicut
368 4545 469 4599 per
497 4542 667 4582 voces
707 4530 957 4589 nostras,
1017 4540 1145 4594 quae
1204 4522 1407 4595 utique
1459 4521 1834 4593 corporaliter

183 4622 420 4685 sonant,
453 4633 569 4671 non
618 4619 866 4687 possunt
921 4613 1091 4668 Pater
1145 4616 1201 4667 et
1256 4611 1440 4667 Filius
1496 4617 1553 4667 et
1581 4612 1833 4683 Spiritus

185 4712 450 4771 sanctus,
482 4704 595 4760 nisi
630 4704 755 4759 suis
786 4708 843 4757 et
872 4700 1124 4774 propriis
1155 4700 1477 4756 intervallis
1506 4708 1833 4773 temporum

186 4801 346 4854 certa
377 4793 740 4867 separatione
766 4790 1081 4856 distinctis,
1113 4807 1241 4862 quae
1274 4807 1393 4846 sua:
1424 4791 1709 4863 cujusque
1735 4807 1834 4845 vo-

188 4884 381 4941 cabuli
416 4884 647 4956 syllabae
681 4887 991 4953 occupant,
1025 4879 1338 4935 nominari.
1389 4880 1449 4935 In
1484 4897 1589 4935 sua
1621 4880 1837 4952 quippe

188 4974 525 5031 substantia
554 4978 712 5038 sunt,
744 4972 855 5025 tria
886 4986 1066 5024 unum
1099 4979 1260 5034 sunt,
1295 4969 1460 5023 Pater
1488 4972 1545 5023 et
1575 4970 1753 5025 Filius
1784 4975 1839 5024 et

188 5064 445 5137 Spiritus
478 5068 740 5131 sanctus,
774 5058 933 5114 nullo
967 5057 1272 5129 temporali
1322 5063 1476 5113 motu
1512 5058 1836 5129 super'om-

190 5170 323 5209 nem
358 5156 681 5206 creaturam
716 5148 969 5220 idipsum
1003 5148 1127 5201 sine
1170 5145 1307 5201 ullis
1340 5146 1656 5201 intervallis
1689 5152 1840 5202 tem-

190 5260 401 5315 porum
435 5240 520 5295 vel
553 5239 836 5305 locorum,
868 5243 923 5292 et
953 5235 1130 5291 simul
1166 5252 1348 5290 unum
1385 5241 1559 5306 atque
1589 5236 1739 5291 idem
1767 5237 1836 5291 ab

191 5330 511 5385 aeternitate
542 5329 600 5383 in
629 5331 1033 5388 aeternitatem,
1068 5330 1345 5395 tanquam
1379 5324 1506 5395 ipsa
1550 5324 1842 5380 aeternitas

192 5436 323 5491 quas
355 5417 481 5473 sine
518 5416 759 5472 veritate
791 5418 848 5469 et
907 5414 1186 5469 charitate
1243 5430 1356 5467 non
1414 5418 1540 5469 est:
1605 5414 1661 5468 in
1699 5414 1843 5469 meis

193 5512 388 5564 autem
450 5506 691 5562 vocibus
735 5502 983 5576 separati
1046 5506 1183 5558 sunt
1241 5502 1407 5557 Pater
1463 5507 1519 5557 et
1575 5502 1755 5558 Filius
1788 5507 1847 5558 et

196 5597 450 5670 Spiritus
482 5600 739 5661 sanctus,
775 5610 879 5648 nec
928 5592 1103 5647 simul
1161 5591 1273 5646 dici
1335 5596 1667 5663 potuerunt,
1700 5597 1756 5647 et
1787 5594 1844 5647 in

196 5686 409 5743 litteris
441 5684 772 5741 visibilibus
803 5699 909 5738 sua
940 5679 1253 5752 separatim
1280 5681 1538 5737 locorum
1561 5682 1749 5754 spatia
1769 5686 1849 5738 te-

198 5780 475 5839 nuerunt.
511 5775 581 5831 Et
609 5772 1107 5847 quemadmodum
1129 5786 1262 5825 cum
1292 5771 1632 5828 memoriam
1660 5788 1849 5829 meam

1520 392 1753 457 LIBER
1800 394 2197 467 QUARTUS.

3437 403 3559 464 9l0

1907 533 1963 582 et
1980 528 2271 584 intellectu
2284 546 2336 584 m
2356 536 2411 585 et
2425 527 2778 585 voluntatem
2796 532 3055 598 nomino,
3071 532 3302 605 singula
3316 535 3555 605 quidem

1904 617 2145 672 nomina
2172 619 2241 672 ad
2277 635 2367 673 res
2400 619 2663 692 singulas
2717 621 3068 690 referuntur,
3116 623 3217 677 sed
3251 628 3447 678 tamen
3481 624 3553 679 ab

1904 706 2180 761 omnibus
2197 708 2386 761 tribus
2411 708 2643 777 singula
2671 710 2819 763 facta
2841 714 2980 764 sunt
2999 728 3012 777 ;
3034 710 3261 765 nullum
3281 710 3434 765 enim
3455 711 3555 766 ho-

1904 811 2034 849 rum
2072 796 2246 849 trium
2282 797 2586 851 nominum
2619 802 2726 858 est.
2761 799 2911 869 quod
2948 815 3059 853 non
3094 805 3149 852 et
3182 799 3464 854 memoria
3494 804 3552 854 et

1902 881 2231 938 intellectus
2263 890 2319 939 et
2348 885 2615 940 voluntas
2647 903 2775 940 mea
2806 886 2982 941 simul
3014 892 3251 957 operata
3282 888 3439 943 sint:
3468 889 3549 943 ita

1903 972 2157 1027 Trinitas
2178 973 2354 1027 simul
2374 980 2609 1044 operata
2626 980 2713 1028 est
2730 980 2786 1029 et
2802 991 2995 1030 vocem
3019 975 3223 1044 Patris,
3243 981 3298 1031 et
3314 993 3548 1031 carnem

1905 1059 2052 1126 Filii,
2082 1065 2137 1115 et
2162 1062 2493 1117 columbam
2521 1063 2775 1133 Spiritus
2797 1064 3005 1131 sancti,
3030 1080 3161 1121 cum
3187 1065 3257 1119 ad
3277 1082 3551 1135 personas

1902 1150 2169 1221 singulas
2183 1150 2414 1223 singula
2429 1152 2547 1207 haec
2562 1154 2904 1207 referantur.
2925 1155 3047 1218 Qua
3062 1153 3449 1208 similitudine
3469 1160 3555 1208 ut-

1902 1254 2157 1310 cumque
2179 1242 2551 1311 cognoscitur
2572 1242 3028 1313 inseparabilem
3052 1242 3109 1296 in
3134 1260 3194 1298 se
3215 1242 3342 1314 ipsa
3362 1242 3553 1298 Trini-

1904 1331 2083 1383 tatem
2118 1346 2219 1399 per
2253 1329 2501 1385 visibilis
2534 1335 2814 1385 creaturae
2861 1332 3115 1402 speciem
3150 1331 3557 1403 separabiliter

1907 1417 2316 1485 demonstrari,
2348 1423 2401 1474 et
2432 1418 2881 1490 inseparabilem
2933 1419 3241 1476 Trinitatis
3271 1421 3558 1492 operatio-

1907 1522 2040 1560 nem
2074 1508 2246 1562 etiam
2281 1507 2337 1561 in
2373 1506 2622 1579 singulis
2671 1523 2797 1563 esse
2842 1509 3037 1573 rebus,
3072 1526 3198 1581 quae
3230 1510 3315 1564 vel
3348 1510 3418 1563 ad
3452 1510 3556 1565 Pa-

1909 1598 2079 1661 trem,
2113 1595 2199 1649 vel
2234 1596 2303 1650 ad
2340 1596 2574 1662 Filium,
2606 1596 2691 1651 vel
2722 1597 2791 1651 ad
2838 1596 3121 1667 Spiritum
3156 1602 3425 1653 sanctum
3458 1599 3555 1653 de-

1911 1684 2357 1738 monstrandum
2389 1686 2621 1756 proprie
2654 1685 2943 1756 pertinere
2975 1684 3270 1739 dicuntur.

1980 1772 2068 1826 3t.
2104 1772 2162 1827 Si
2195 1788 2330 1843 ergo
2370 1789 2403 1827 a
2452 1789 2543 1827 me
2592 1772 2892 1843 quieritur,
2927 1774 3219 1844 quomodo
3252 1772 3411 1828 facta:
3442 1772 3562 1827 sint

1908 1860 1996 1916 vel
2022 1876 2188 1916 voces
2210 1861 2295 1916 vel
2321 1860 2629 1917 sensibiles
2651 1862 2846 1916 formae
2871 1868 3044 1934 atque
3065 1862 3289 1933 species
3310 1866 3442 1917 ante
3465 1862 3559 1916 in-

1911 1950 2308 2005 carnationem
2331 1949 2506 2005 Verbi
2530 1950 2650 2012 Dei.
2675 1967 2801 2021 quas
2820 1950 2927 2006 hoc
2946 1951 3210 2006 futurum
3232 1952 3566 2023 praeﬁgura-

1912 2043 2075 2093 rent:
2102 2055 2205 2109 per
2224 2038 2477 2109 Angelos
2513 2055 2580 2094 ea
2619 2038 2801 2093 Deum
2843 2043 3146 2111 operatum
3173 2054 3301 2095 esse
3323 2054 3563 2110 respon-

1914 2127 2059 2193 deo;
2085 2127 2237 2198 quod
2269 2127 2443 2182 etiam
2474 2127 2907 2198 Scripturarum
2924 2132 3263 2182 sanctarum
3293 2127 3566 2183 testimo-

1915 2215 2049 2285 niis,
2074 2222 2357 2287 quantum
2378 2214 2666 2281 existimo,
2688 2216 2831 2272 satis
2852 2216 3101 2271 ostendi.
3123 2215 3179 2270 Si
3200 2220 3393 2271 autem
3414 2231 3569 2286 qua-

1916 2307 2082 2373 ritur,
2108 2306 2234 2376 ipsa
2258 2304 2577 2359 incarnatio
2600 2305 2893 2374 quomodo
2914 2304 3068 2359 facta
3089 2304 3194 2359 sit:
3218 2304 3411 2375 ipsum
3434 2304 3569 2359 Ver-

1914 2394 2057 2448 bum
2089 2394 2190 2448 Dei
2221 2392 2348 2448 dico
2378 2410 2611 2448 carnem
2646 2393 2885 2457 factum,
2910 2392 2967 2448 id
2991 2398 3098 2460 est,
3126 2392 3424 2447 hominem
3448 2393 3565 2447 fac-

1916 2486 2064 2550 tum,
2098 2499 2213 2537 non
2244 2486 2439 2537 tamen
2471 2482 2529 2536 in
2565 2482 2673 2538 hoc
2694 2483 2843 2552 quod
2872 2483 3085 2536 factum
3113 2490 3199 2537 est
3220 2498 3562 2537 conversum

1919 2578 2093 2643 atque
2126 2576 2419 2626 mutatum
2447 2589 2460 2638 ;
2484 2572 2565 2626 ita
2586 2587 2727 2626 sane
2754 2572 2991 2641 factum,
3018 2576 3081 2625 ut
3102 2570 3182 2626 ibi
3205 2571 3280 2626 sit
3300 2586 3413 2625 non
3436 2574 3571 2624 tan-

1916 2665 2041 2716 tum
2074 2661 2326 2715 Verbum
2358 2659 2456 2715 Dei
2488 2664 2547 2715 et
2576 2659 2833 2715 hominis
2863 2675 3020 2722 caro.
3054 2660 3153 2715 sed
3183 2658 3357 2714 etiam
3392 2657 3570 2714 ratio-

1919 2749 2067 2805 nalis
2097 2748 2352 2804 hominis
2384 2748 2601 2817 anima,
2636 2752 2810 2820 atque
2840 2748 2948 2804 hoc
2978 2752 3166 2803 totum
3199 2751 3256 2803 et
3286 2748 3440 2803 Deus
3472 2746 3565 2802 di-

1917 2844 2083 2893 catur
2113 2842 2346 2910 propter
2374 2837 2557 2893 Deum
2610 2842 2669 2892 et
2724 2837 2899 2892 homo
2958 2841 3193 2909 propter
3242 2835 3561 2891 hominem.

1916 2928 2079 2993 Quod
2110 2926 2159 2981 si
2206 2926 2442 2981 difﬁcile
2486 2924 2851 2997 intelligitur,
2902 2942 3068 2981 mens
3115 2925 3227 2980 ﬁde
3259 2928 3557 2995 purgetur,

1918 3014 2103 3085 magis
2135 3014 2439 3086 magisque
2461 3013 2807 3069 abstinendo
2829 3030 2862 3069 a
2883 3013 3154 3084 peccatis,
3179 3016 3235 3068 et
3256 3012 3402 3067 bene
3422 3028 3556 3084 ope-

1915 3105 2117 3173 rando,
2151 3109 2205 3158 et
2236 3104 2455 3158 orando
2487 3120 2621 3158 cum
2660 3102 2882 3175 gemitu
2934 3102 3356 3157 desideriorum
3390 3117 3556 3157 sanc-

1914 3196 2133 3257 torum,
2166 3195 2229 3246 ut
2258 3207 2360 3263 per
2389 3189 2652 3245 divinum
2700 3189 3057 3261 adjutorium
3091 3189 3463 3262 proﬁciendo,
3498 3192 3556 3245 et

1916 3281 2222 3352 intelligat,
2256 3284 2313 3335 et
2342 3283 2514 3335 amet.
2548 3280 2605 3335 Si
2646 3284 2839 3335 autem
2875 3280 3175 3352 quaeritur,
3207 3283 3338 3351 post
3368 3279 3555 3334 incar-

1919 3374 2215 3429 nationem
2248 3371 2443 3434 Verbi,
2473 3371 2764 3442 quomodo
2798 3371 2948 3425 facta
2979 3372 3054 3425 sit
3084 3369 3169 3425 vel
3212 3387 3320 3425 vox
3351 3368 3561 3436 Patris,

1917 3461 2005 3517 vel
2037 3460 2258 3531 species
2282 3458 2598 3530 corporalis
2622 3476 2736 3531 qua
2758 3459 3008 3530 Spiritus
3031 3463 3270 3513 sanctus
3292 3459 3565 3512 demons-

1918 3555 2107 3606 tratus
2129 3554 2253 3605 est:
2281 3566 2383 3621 per
2404 3555 2729 3604 creaturam
2754 3548 2991 3621 quidem
3014 3549 3161 3603 facta
3184 3548 3297 3603 ista
3317 3564 3430 3602 non
3455 3547 3567 3601 du-

1922 3640 2042 3694 bito
2062 3663 2075 3705 ;
2096 3639 2196 3693 sed
2220 3644 2412 3693 utrum
2436 3638 2842 3692 tantummodo
2866 3637 3222 3708 corporalem
3247 3641 3419 3707 atque
3443 3652 3572 3691 son-

1926 3729 2177 3796 sibilem,
2214 3744 2282 3780 an
2317 3726 2579 3782 adhibito
2610 3726 2817 3797 spiritu
2853 3726 3028 3781 etiam
3062 3725 3328 3780 rationali
3360 3724 3447 3779 vel
3476 3725 3572 3779 in-

1924 3815 2241 3872 tellectuali
2273 3817 2404 3888 (hoc
2434 3816 2589 3870 enim
2625 3814 2980 3887 quibusdam
3008 3814 3227 3887 placuit
3257 3812 3569 3886 appellare,

1928 3908 2081 3980 quod
2114 3906 2293 3962 Graeci
2316 3907 2518 3962 dicunt
2538 3902 2769 3978 νοερόν),
2794 3922 2907 3960 non
2933 3905 3169 3977 quidem
3193 3906 3263 3960 ad
3288 3906 3571 3960 unitatem

1929 4014 2210 4069 personae,
2244 3996 2400 4068 (quis
2430 3996 2587 4052 enim
2620 3995 2727 4049 hoc
2760 3995 2987 4060 dixerit,
3023 3998 3087 4049 ut
3118 3993 3403 4066 quidquid
3427 3992 3572 4048 illud

1928 4092 2017 4143 est
2037 4092 2313 4143 creaturae
2337 4103 2438 4158 per
2459 4087 2613 4157 quod
2642 4086 2841 4141 sonuit
2863 4102 2969 4140 vox
2992 4085 3197 4156 Patris,
3221 4084 3301 4139 ita
3322 4084 3399 4139 sit
3419 4083 3573 4139 Deus

1932 4177 2117 4241 Pater,
2150 4180 2249 4231 aut
2278 4175 2563 4247 quidquid
2594 4174 2739 4229 illud
2789 4178 2877 4230 est
2924 4179 3199 4229 creaturae
3237 4173 3296 4227 in
3329 4188 3445 4245 quo
3477 4189 3579 4244 per

1932 4264 2214 4321 columbas
2245 4264 2497 4335 speciem
2530 4262 2618 4319 vel
2664 4279 2766 4335 per
2809 4262 3009 4334 igneas
3056 4262 3288 4335 linguas
3319 4260 3574 4334 Spiritus

1934 4357 2173 4409 sanctus
2204 4354 2637 4408 demonstratus
2668 4356 2777 4416 est,
2807 4350 2889 4406 ita
2918 4351 2995 4406 sit
3037 4350 3289 4423 Spiritus
3319 4355 3582 4410 sanctus.

1935 4443 2087 4498 sicut
2112 4447 2202 4497 est
2231 4442 2331 4496 Dei
2365 4440 2544 4495 Filius
2577 4439 2751 4495 homo
2790 4439 2888 4495 ille
2920 4439 3020 4511 qui
3052 4456 3120 4495 ex
3148 4439 3369 4511 virgine
3395 4439 3584 4495 factus

1936 4531 2094 4601 estL?)
2127 4531 2225 4586 sed
2258 4529 2668 4585 tantummodo
2713 4529 2785 4583 ad
2818 4528 3211 4584 ministerium
3245 4528 3587 4599 peragendae

1939 4618 2407 4691 signiﬁcationis,
2440 4617 2593 4673 sicut
2621 4616 2949 4688 oportuisse
2978 4617 3133 4673 Deus
3156 4616 3477 4688 judicavit:
3511 4632 3586 4671 an

1938 4708 2157 4782 aliquid
2178 4708 2335 4762 aliud
2357 4705 2801 4779 intelligendum
2825 4706 2923 4777 sit,
2949 4706 3208 4762 invenire
3225 4704 3460 4761 difﬁcile
3477 4708 3584 4771 est,

1937 4805 1996 4855 et
2026 4804 2243 4853 temere
2275 4798 2568 4852 afﬁrmare
2600 4813 2712 4851 non
2760 4796 3009 4867 expedit.
3059 4794 3357 4859 Quomodo
3388 4800 3583 4849 tamen

1941 4890 2053 4943 ista
2084 4887 2209 4941 sine
2241 4885 2506 4941 rationali
2538 4884 2623 4941 vel
2656 4884 3035 4940 intellectuali
3081 4888 3346 4940 creatura
3378 4887 3584 4953 potuee

1940 4978 2058 5032 rint
2089 4976 2234 5041 ﬁeri,
2270 4993 2385 5030 non
2418 4974 2607 5029 video.
2642 4974 2839 5043 Neque
2870 4974 3061 5027 adhuc
3092 4972 3255 5027 locus
3284 4976 3375 5026 est
3403 4969 3581 5041 expli-

1942 5084 2071 5122 care
2103 5084 2207 5121 cur
2240 5068 2319 5121 ita
2342 5066 2615 5131 sentiam,
2641 5070 2924 5136 quantum
2948 5063 3096 5115 vires
3120 5061 3399 5116 Dominus
3422 5060 3588 5114 dede-

1945 5157 2038 5211 rit.
2073 5155 2239 5209 Prius
2270 5154 2424 5209 enim
2451 5157 2589 5208 sunt
2611 5151 2980 5206 discutienda
3003 5156 3060 5203 et
3083 5149 3396 5203 refellenda
3418 5148 3591 5202 haere-

1944 5245 2189 5299 ticorum
2225 5249 2593 5313 argumenta,
2628 5257 2758 5312 quae
2789 5256 2900 5293 non
2924 5256 2988 5294 ex
3015 5238 3226 5292 divinis
3252 5238 3461 5307 Libris,
3490 5236 3589 5292 sed

1946 5350 2013 5389 ex
2046 5333 2372 5388 rationibus
2403 5331 2525 5386 suis
2559 5331 2876 5401 proferunt,
2907 5328 3119 5397 quibus
3142 5343 3203 5381 se
3225 5326 3596 5381 vehementer

1948 5430 2152 5486 cogere
2179 5406 2899 5475 arbitrantur,testimonia
2918 5406 3354 5479 Scripturarum
3375 5422 3502 5477 quis
3524 5406 3596 5462 de

1948 5506 2117 5557 Patre
2148 5506 2204 5556 et
2233 5499 2374 5555 Filio
2405 5504 2461 5553 et
2490 5496 2703 5568 Spiritu
2735 5499 2939 5552 sancto
2972 5498 3132 5561 sunt,
3166 5494 3243 5549 ita
3274 5510 3401 5551 esse
3421 5493 3593 5550 intel-

1949 5590 2183 5663 ligenda
2215 5594 2278 5644 ut
2308 5587 2419 5661 ipsi
2452 5586 2669 5643 volunt.

2019 5680 2108 5735 32.
2147 5678 2311 5735 Nunc
2341 5681 2535 5733 autem
2569 5691 2684 5730 non
2716 5673 2842 5730 ideo
2892 5672 3182 5731 miuorom
3218 5675 3427 5731 Filium
3458 5674 3594 5745 quia

1950 5768 2171 5828 missus
2191 5770 2279 5826 est
2300 5783 2332 5824 a
2350 5769 2541 5838 Patre,
2563 5779 2668 5821 nec
2688 5763 2817 5822 ideo
2841 5764 3126 5821 minorem
3149 5765 3435 5841 Spiritum
3454 5781 3591 5825 san-
