4160 6504
643 416 754 476 9H

645 556 803 604 ctum
828 548 964 619 quia
986 550 1042 600 et
1070 550 1239 600 Pater
1260 561 1390 599 eum
1427 546 1584 599 misit
1616 550 1671 601 et
1699 546 1878 600 Filius
1911 546 2284 615 sufficienter,

646 644 930 711 quantum
951 636 1220 704 arbitror,
1238 636 1632 689 demonstrata
1645 652 1696 689 m
1715 641 1820 689 est.
1835 636 1962 690 Sive
1976 636 2129 689 enim
2156 651 2286 705 pro-

648 734 775 800 pter
794 724 1080 780 visibilem
1104 730 1453 787 creaturam,
1478 726 1595 779 sive
1618 724 1812 795 potius
1833 730 2066 795 prepter
2086 723 2291 795 princi-

647 814 779 887 cipii
803 813 1391 878 commendationem;
1418 830 1529 867 non
1556 819 1793 885 propter
1831 813 2288 885 inaequalitatem

644 904 731 961 vel
756 903 1187 976 imparilitatem
1206 902 1290 956 vel
1313 901 1852 957 dissimilitudinem
1873 901 2287 957 substantiaein

647 992 966 1064 Scripturis
988 991 1107 1046 haec
1128 990 1316 1063 posita
1332 990 1743 1062 intelliguntur
1760 1006 1772 1043 :
1792 990 1926 1061 quia
1943 990 2118 1045 etiam
2138 990 2293 1045 sivo-

645 1081 855 1137 luisset
875 1086 1025 1136 Deus
1048 1080 1215 1135 Pater
1235 1096 1335 1151 per
1357 1079 1677 1148 subjectam
1698 1084 2025 1135 creaturam
2050 1078 2292 1134 visibili-

1754 413 1856 473 DE
1903 412 2357 487 TRINITATE,
2403 412 2467 473 S.
2513 412 2939 474 AUGUSTINI

3943 407 4063 467 912

2401 550 2488 599 ter
2510 560 2807 616 apparere,
2834 541 3254 598 absurdissima
3284 545 3478 596 tamen
3514 543 3615 595 aut
3645 557 3677 595 a
3712 539 3855 595 Filio
3878 555 4055 610 quem

2396 634 2620 706 genuit,
2646 639 2747 688 aut
2769 651 2799 687 a
2821 632 3031 704 Spiritu
3061 638 3263 686 sancto
3285 631 3383 703 qui
3404 631 3473 686 de
3494 631 3593 685 illo
3614 631 3894 701 procedit,
3919 631 4059 684 mis-

2398 740 2498 778 sus
2532 723 2840 778 diceretur.
2880 723 2989 776 Iste
3022 721 3199 792 igitur
3233 721 3309 776 sit
3360 720 3540 791 hujus
3575 719 3894 775 voluminis
3929 735 4056 773 mo-

2397 812 2545 866 dus:
2579 812 2851 883 deinceps
2882 812 2939 864 in
2992 808 3232 879 caeteris,
3282 808 3596 878 adjuvante
3652 806 3917 870 Domino,
3952 805 4057 860 illa

2398 900 2803 955 hisreticorum
2835 897 3241 954 versutissima
3287 903 3634 968 argumenta
3685 894 3885 967 qualia
3913 894 4055 965 sint,

2398 994 2455 1045 et
2483 990 2980 1061 quemadmodum
3009 987 3432 1059 redarguantur
3461 985 3813 1042 videbimus.

1832 1330 2207 1423 LIBER
2294 1330 2863 1442 QUINTUS.

705 1517 863 1566 Venit
889 1516 955 1565 ad
986 1514 1353 1564 haereticorum
1386 1515 1704 1576 argumenta
1732 1511 1823 1560 illa
1854 1524 2111 1576 quianon
2138 1526 2199 1560 ex
2232 1511 2428 1576 divinis
2457 1512 2739 1573 Libris,sed
2762 1526 2824 1561 ex
2856 1513 3151 1562 rationibus
3172 1515 3281 1563 suis
3300 1514 3615 1576 proferunt:
3636 1516 3688 1563 et
3716 1527 3809 1562 eos
3832 1511 4053 1571 refellit,

642 1580 839 1641 quibus
867 1579 988 1627 ideo
1017 1578 1231 1625 videtur
1252 1590 1359 1624 non
1390 1574 1630 1623 eamdem
1665 1575 1801 1623 Patri
1823 1588 1892 1641 ac
1924 1574 2033 1623 Filii
2055 1589 2167 1641 esse
2199 1575 2571 1641 substantiam,
2595 1578 2719 1637 quia
2748 1589 2909 1641 omne
2929 1576 3073 1641 quod
3106 1577 3170 1625 de
3205 1574 3317 1626 Deo
3343 1576 3556 1641 dicitur,
3590 1577 3892 1625 secundum
3920 1575 4047 1624 sub-

642 1637 886 1690 stantiam
918 1640 1018 1689 dici
1050 1644 1275 1703 putant:
1310 1641 1360 1686 et
1391 1642 1670 1703 propterea
1703 1642 1754 1703 et
1784 1638 2003 1699 gignere
2034 1642 2085 1685 et
2115 1637 2366 1698 gigni,vel
2400 1638 2640 1703 genitum
2677 1653 2790 1703 esse
2814 1639 3474 1703 et_iugenitum,quoniam
3507 1638 3719 1687 diversa
3748 1642 3896 1703 sunt,
3920 1650 4047 1703 con-

639 1706 872 1752 tendunt
902 1699 1224 1752 substantias
1253 1714 1367 1749 esse
1392 1699 1639 1749 diversas
1664 1713 1675 1758 ;
1716 1699 2218 1755 demoustrans,uon
2251 1714 2407 1747 omne
2436 1700 2576 1761 quod
2606 1702 2672 1747 de
2705 1702 2807 1748 Deo
2831 1699 3024 1749 dicitur
3054 1699 3347 1750 secundum
3380 1703 3730 1750 substantiam
3764 1701 3888 1759 dici,
3913 1701 4054 1749 sicut

638 1767 929 1815 secundum
961 1765 1311 1813 substantiam
1344 1764 1535 1811 dicitur
1564 1764 1734 1810 bonus
1765 1766 1817 1809 et
1840 1767 2141 1823 magnus,et
2172 1762 2212 1809 si
2244 1762 2371 1824 quid
2403 1763 2541 1810 aliud
2574 1763 2638 1810 ad
2669 1778 2723 1811 se
2747 1763 2963 1813 dicitur:
2998 1765 3088 1811 sed
3122 1766 3223 1813 dici
3260 1766 3421 1813 etiam
3468 1765 3711 1823 relative,
3742 1765 3793 1811 id
3826 1768 3905 1812 est
3940 1775 4053 1811 non

636 1828 702 1876 ad
734 1843 808 1883 se.
835 1830 927 1877 sed
959 1828 1021 1875 ad
1051 1826 1249 1889 aliquid
1279 1825 1558 1889 quodgipse
1593 1838 1701 1889 non
1733 1825 1970 1889 est,sicut
2000 1825 2146 1872 Pater
2177 1824 2241 1872 ad
2276 1824 2463 1889 lf‘ilium
2496 1826 2705 1882 dicitur,
2730 1827 2809 1873 vel
2844 1827 3095 1874 Dominus
3126 1828 3190 1875 ad
3223 1833 3519 1875 creaturam
3553 1827 3652 1874 sibi
3685 1827 4012 1889 servientem
4039 1839 4053 1873 :

641 1890 733 1939 ubi
765 1891 805 1938 si
838 1886 1239 1953 quirelativieJd
1266 1886 1346 1953 est
1374 1887 1440 1935 ad
1470 1886 1671 1949 aliquid
1694 1887 1961 1953 quodipss
1994 1901 2099 1953 non
2132 1887 2391 1953 est.etinm
2411 1902 2485 1953 ex
2518 1893 2756 1948 tempore
2780 1889 2990 1953 dicitur,
3022 1889 3174 1937 sicuti
3206 1890 3545 1953 est.Domine,
3576 1888 3841 1948 refugium
3871 1890 4055 1949 facta:

640 1966 693 2001 es
724 1950 869 2002 nobis
886 1968 904 2002 :
933 1952 1066 2001 nihil
1094 1952 1143 2001 ei
1170 1950 1407 2000 accidere
1435 1963 1541 2012 quo
1573 1950 1923 2007 mutetur,sed
1953 1950 2172 1999 omnino
2202 1950 2377 2011 ipsum
2408 1950 2462 1998 in
2494 1956 2685 2000 natura
2721 1952 2801 2000 vel
2830 1953 3059 2000 essentia
3092 1965 3191 2000 sua
3218 1952 3613 2001 immutabilem
3636 1964 3982 2014 permanere.

712 2210 944 2266 CAPUT
968 2207 1264 2265 PRIMUM.
1288 2238 1353 2248 —-
1378 2209 1426 2262 1.
1453 2208 1603 2275 Quid
1640 2224 1671 2262 a
1717 2212 1847 2275 Deo,
1882 2206 2012 2278 quid
2033 2224 2066 2261 a
2089 2208 2287 2263 lectore

638 2309 824 2355 auctor
842 2299 1177 2369 exposcatln
1199 2298 1302 2351 Deo
1323 2297 1469 2351 nihil
1490 2298 1769 2351 mutabilis
1790 2307 1839 2351 et
1859 2299 2104 2366 corporei
2130 2299 2283 2367 cogi-

633 2389 883 2445 tandum.
917 2388 1060 2442 Hinc
1083 2388 1207 2456 jam
1238 2386 1543 2441 exordiens
1575 2402 1641 2439 ea
1672 2386 1882 2455 dicere,
1916 2402 2042 2456 quae
2074 2386 2186 2439 dici
2221 2389 2285 2440 ut

633 2478 963 2551 cogitantur
990 2477 1077 2531 vel
1108 2476 1178 2531 ab
1211 2474 1446 2529 homine
1474 2474 1696 2544 aliquo,
1728 2474 1815 2529 vel
1862 2479 2016 2528 certe
2047 2492 2079 2528 a
2112 2475 2277 2529 nobis

632 2584 747 2622 non
768 2564 1106 2621 omnimodo
1128 2567 1404 2635 possunt:
1429 2562 1697 2633 quamvis
1719 2567 1777 2617 et
1800 2563 1926 2633 ipsa
1952 2569 2153 2617 nostra
2179 2579 2273 2618 co-

632 2655 857 2728 gitatio,
881 2670 1010 2708 cum
1037 2653 1107 2707 de
1139 2658 1250 2707 Deo
1281 2652 1562 2706 Trinitate
1594 2652 1980 2723 cogitamus‘,
2016 2653 2186 2722 longe
2218 2669 2279 2708 se

633 2744 717 2798 illi
742 2745 812 2798 de
826 2760 937 2813 quo
955 2742 1188 2813 cogitat,
1209 2741 1491 2810 imparem
1513 2741 1744 2807 sentiat,
1767 2757 1955 2811 neque
1971 2746 2278 2795 utesteum

638 2832 848 2903 capiat,
874 2832 1001 2898 sed,
1028 2837 1089 2885 ut
1110 2830 1395 2901 scriptum
1420 2834 1527 2893 est,
1551 2828 1728 2884 etiam
1754 2847 1785 2883 a
1808 2830 1985 2883 tantis
2019 2833 2279 2900 quantus

636 2921 852 2977 Paulus
882 2920 1180 2991 apostolus
1212 2917 1305 2973 hic
1333 2922 1475 2987 erat,
1503 2934 1603 2988 per
1628 2919 1907 2988 speculum
1935 2927 1985 2971 et
2016 2919 2078 2972 in
2100 2918 2278 2985 amig-

636 3020 779 3066 mate
809 3010 1071 3063 videatur
1098 3010 1141 3075 (Ι
1176 3007 1295 3062 Cor.
1328 3023 1447 3071 xm,
1486 3008 1595 3076 12).
1630 3008 1884 3077 primum
1916 3009 1987 3060 ab
2019 3007 2145 3076 ipso
2176 3006 2281 3061 Do-

640 3099 799 3154 mino
823 3099 935 3152 Deo
960 3102 1176 3166 nostro,
1200 3097 1271 3150 de
1295 3112 1410 3165 quo
1432 3111 1545 3149 sem
1564 3111 1662 3165 per
1691 3096 1944 3165 cogitare
1975 3096 2277 3159 debemus,

641 3193 697 3243 et
713 3190 783 3242 de
801 3204 910 3257 quo
929 3186 1103 3257 digne
1118 3185 1371 3253 cogitare
1390 3201 1502 3238 non
1524 3201 1858 3253 possumus,
1878 3183 1967 3237 cui
1988 3182 2278 3238 laudando

640 3276 936 3331 reddenda
965 3280 1053 3329 est
1073 3272 1232 3329 omni
1254 3278 1510 3341 tempore
1532 3272 1858 3326 benedictio
1881 3273 2048 3341 (Psal.
2078 3289 2273 3337 xxxm,

637 3366 712 3436 1),
747 3370 805 3420 et
835 3364 927 3419 cui
949 3362 1303 3419 enuntiando
1332 3360 1491 3415 nulla
1514 3362 1789 3431 competit
1811 3362 2008 3426 dictio,
2034 3367 2088 3415 et
2110 3363 2275 3431 adju-

632 3455 847 3509 torium
879 3454 949 3508 ad
975 3450 1350 3522 intelligenda
1373 3456 1545 3520 atque
1572 3448 1914 3520 explicanda
1939 3466 2065 3520 quas
2092 3450 2275 3504 inten-

628 3544 724 3609 do,
758 3550 815 3598 et
846 3541 1073 3597 veniam
1107 3556 1307 3611 precor
1338 3538 1525 3593 sicubi
1575 3539 1823 3594 offendo.
1874 3542 2091 3593 Memor
2138 3555 2270 3593 sum

627 3632 805 3702 enim,
842 3648 955 3686 non
986 3629 1177 3685 solum
1215 3628 1552 3693 voluntatis,
1588 3644 1782 3682 verum
1815 3628 1990 3682 etiam
2022 3629 2270 3683 inﬁrmi-

624 3720 763 3776 tatis
796 3737 953 3775 meaa.
988 3720 1071 3773 Ab
1103 3716 1192 3772 his
1223 3718 1397 3773 etiam
1430 3717 1529 3787 qui
1561 3716 1890 3771 istalecturi
1914 3724 2073 3785 sunt,
2100 3722 2162 3770 ut
2183 3717 2270 3789 ig-

624 3814 869 3865 noscant
899 3812 1049 3879 peto,
1076 3806 1176 3862 ubi
1199 3822 1290 3860 me
1318 3806 1505 3877 magis
1526 3804 1779 3859 voluisse
1802 3822 1978 3876 quam
2006 3805 2268 3876 potuisse

623 3897 811 3952 dicere
833 3895 1203 3961 adverterint,
1226 3894 1379 3964 quod
1410 3892 1495 3947 vel
1520 3892 1626 3962 ipsi
1654 3892 1864 3947 melius
1887 3893 2224 3965 intelligunt
2248 3911 2260 3951 :

622 3986 774 4041 sicut
801 4001 905 4057 ego
937 3985 1021 4040 eis
1054 3984 1312 4055 ignosco,
1348 3981 1446 4036 ubi
1480 3987 1716 4052 propter
1738 3998 1905 4036 suam
1930 3982 2263 4038 tarditatem

618 4074 940 4145 intelligere
971 4091 1084 4128 non
1120 4077 1385 4137 possunt.

685 4166 741 4217 2.
770 4162 1014 4218 Facilius
1037 4166 1229 4215 autem
1258 4159 2258 4231 nobisinvicemignoscimus,sino-

615 4254 893 4317 verimus,
919 4256 1020 4305 aut
1040 4255 1191 4304 certe
1212 4249 1497 4303 credendo
1523 4250 1756 4302 lirmum
1789 4253 2170 4321 tenuerimus,
2193 4268 2261 4307 ea

614 4358 741 4412 quae
762 4337 1531 4397 denaturaincommutabili
1548 4337 1890 4392 etinvisibili
1908 4356 2258 4411 summeque

610 4430 835 4485 vivente
856 4445 921 4483 ac
942 4428 1055 4483 sibi
1076 4426 1399 4482 sul‘liciente
1423 4424 1717 4491 dicuntur,
1733 4442 1847 4480 non
1866 4442 1933 4481 ex
1950 4433 2257 4483 consuetu-

608 4519 745 4573 dine
764 4516 1083 4573 visibilium
1116 4522 1291 4588 atque
1322 4515 1686 4570 mutabilium
1720 4520 1777 4570 et
1807 4515 2141 4570 mortalium
2167 4516 2252 4572 vel

604 4622 921 4679 egenarum
940 4622 1133 4661 rerum
1148 4622 1273 4660 esse
1289 4605 1599 4660 metienda.
1615 4606 1723 4659 Sed
1744 4622 1877 4659 cum
1892 4606 1948 4659 in
1973 4604 2249 4661 bisetiam

607 4713 735 4767 qua:
750 4695 966 4751 nostris
979 4694 1375 4766 corporalibus
1389 4694 1657 4764 adjacent
1675 4694 1966 4757 sensibus,
1992 4694 2076 4749 vel
2094 4695 2247 4766 quod

603 4802 711 4841 nos
736 4786 843 4856 ipsi
868 4785 925 4840 in
942 4785 1214 4839 interiore
1229 4784 1462 4838 homine
1482 4799 1709 4847 sumus,
1730 4782 1971 4837 scientia
1986 4800 2248 4855 compre-

600 4874 928 4928 hendendis
960 4872 1314 4939 laboremus,
1349 4888 1452 4925 nec
1485 4870 1849 4925 sul'ticiamus
1873 4886 1885 4924 :
1912 4888 2025 4925 non
2050 4877 2244 4927 tamen

598 4963 972 5033 impudenter
995 4962 1051 5015 in
1076 4960 1175 5015 illa
1194 4977 1315 5030 quae
1339 4976 1517 5030 supra
1540 4965 1676 5013 sunt
1697 4959 1894 5013 divina
1914 4965 1970 5013 et
1986 4959 2245 5017 inell‘abi-

596 5051 694 5114 lia,
722 5052 902 5122 pietas
927 5050 1114 5105 tidelis
1139 5049 1418 5114 ardescit;
1443 5064 1552 5101 nun
1574 5064 1750 5118 quam
1772 5065 2009 5102 suarum
2031 5050 2241 5106 virium

592 5139 758 5194 inﬂat
778 5140 1129 5209 arrogantia,
1157 5139 1255 5192 sed
1281 5154 1457 5208 quam
1477 5137 1662 5207 gratia
1682 5136 1865 5203 ipsius
1884 5136 2168 5193 Creatoris
2184 5144 2241 5195 et

592 5228 909 5283 Salvatoris
933 5230 1279 5281 inflammat.
1310 5226 1454 5279 Nam
1481 5241 1595 5295 quo
1621 5224 1910 5279 intellectu
1937 5227 2117 5280 Deum
2144 5245 2237 5281 ca-

590 5318 676 5388 pit
702 5318 894 5381 bomo,
918 5316 1014 5386 qui
1043 5318 1232 5385 ipsum
1259 5313 1614 5367 intellectum
1644 5329 1813 5367 suum
1835 5330 2097 5382 quocum
2118 5316 2238 5371 vult

588 5422 793 5476 capere
817 5406 1076 5459 nondum
1101 5404 1255 5473 capit
1276 5406 1301 5456 γ
1326 5403 1383 5457 Si
1409 5408 1600 5457 autem
1627 5401 1924 5471 huncjam
1950 5406 2123 5474 capit,
2150 5411 2234 5460 at-

585 5496 786 5550 tendat
809 5493 1118 5563 diligenter
1140 5491 1283 5547 nihil
1307 5509 1372 5547 eo
1397 5508 1519 5545 esse
1546 5492 1601 5544 in
1629 5507 1734 5545 sua
1767 5496 1976 5545 natura
2001 5493 2230 5562 melius,

574 5590 641 5639 et
660 5582 852 5638 videat
876 5588 1071 5636 utrum
1092 5582 1166 5637 ibi
1182 5581 1371 5636 videat
1387 5581 1505 5637 ulla
1520 5580 1872 5635 lineamenta
1886 5581 2229 5650 formarum,

635 5692 693 5805 ᾧ
696 5689 782 5739 Er.
810 5688 979 5804 ﬁugd.
1010 5690 1138 5741 Ven.
1170 5690 1315 5751 Lov.,
1347 5702 1459 5739 cum
1495 5688 1560 5737 de
1602 5686 1699 5737 Dei
1750 5686 1996 5738 Trinitate
2032 5690 2228 5754 cogita-

580 5767 711 5810 ωας.
810 5767 879 5804 ω.

2395 2209 2612 2263 nitores
2644 2208 2925 2275 colorum,
2978 2209 3295 2280 spatiosam
3341 2209 3753 2281 granditatem,
3784 2210 4052 2280 partium

2394 2298 2734 2353 distantiam
2747 2341 2759 2362 ,
2776 2298 2945 2353 molis
2960 2298 3401 2360 distensionem,
3419 2298 3647 2369 aliquas
3664 2314 3764 2370 per
3780 2297 4050 2353 locorum

2392 2386 2696 2441 intervalla
2738 2388 3043 2456 motiones,
3088 2386 3170 2441 vel
3195 2387 3335 2458 quid
3368 2388 3677 2457 ejusmodi.
3704 2386 3862 2441 Nihil
3892 2393 4052 2442 certe

2388 2476 2633 2530 istorum
2662 2476 2994 2530 invenimus
3018 2478 3075 2530 in
3098 2492 3183 2544 eo,
3209 2476 3411 2546 quoin
3439 2483 3651 2531 natura
3673 2480 3875 2529 ucstra
3898 2475 4048 2530 nihil

2391 2561 2603 2616 melius
2633 2562 2981 2629 invenimus,
3018 2563 3072 2616 id
3107 2568 3215 2632 est,
3249 2563 3307 2617 in
3341 2569 3536 2619 nostro
3568 2563 3891 2628 intellectu,
3928 2579 4048 2634 quo

2390 2652 2737 2721 sapientiam
2760 2652 3026 2722 capimus
3048 2657 3335 2722 quantum
3360 2668 3603 2723 capaces
3618 2669 3850 2708 sumus.
3877 2652 4046 2715 Quod

2389 2756 2524 2810 ergo
2548 2757 2660 2795 non
2683 2740 3016 2796 invenimus
3035 2742 3091 2794 in
3119 2742 3353 2796 meliore
3372 2745 3593 2808 nostro,
3616 2758 3730 2795 non
3752 2742 4045 2797 debemus

2389 2828 2445 2881 in
2470 2828 2569 2883 illo
2594 2845 2869 2900 quaerere,
2894 2830 3045 2899 quod
3068 2828 3238 2899 longe
3274 2830 3485 2885 melius
3527 2835 3617 2885 est
3656 2830 3899 2886 meliore
3933 2848 4045 2886 no-

2389 2921 2508 2971 stro
2534 2933 2545 2971 :
2574 2924 2637 2971 ut
2659 2918 2740 2973 sic
2764 2917 3162 2988 intelligamus
3184 2918 3388 2983 Deum,
3414 2919 3461 2973 si
3486 2935 3827 2990 possumus,
3850 2937 4042 2991 quan-

2388 3011 2510 3059 tum
2530 3024 2864 3076 possumus,
2881 3008 3005 3061 sine
3021 3007 3297 3078 qualitate
3314 3008 3552 3072 bonum,
3571 3008 4044 3078 sinequantitate

2389 3111 2690 3167 magnum,
2714 3096 2839 3150 sine
2858 3096 3177 3166 indigentia
3195 3102 3535 3163 creatorem,
3556 3096 3680 3150 sine
3699 3096 3811 3150 situ
3837 3096 4043 3168 prcssi-

2388 3186 2616 3238 dentem
2636 3188 2675 3247 1,
2700 3184 2824 3239 sine
2846 3185 3049 3238 habitu
3078 3185 3275 3238 omnia
3301 3184 3716 3253 continentem,
3749 3185 3877 3239 sine
3911 3186 4040 3242 loco

2387 3274 2604 3343 ubique
2629 3279 2837 3341 totum,
2864 3275 2991 3327 sine
3014 3280 3270 3344 tempore
3292 3273 3741 3344 sempiternum,
3764 3274 3895 3329 sine
3917 3275 4041 3331 ulla

2386 3365 2476 3415 sui
2508 3364 2823 3416 mutatione
2846 3362 3149 3416 mutabilia
3176 3362 3503 3430 facientem,
3525 3362 3787 3433 nihilque
3807 3364 4037 3434 patient-

2384 3456 2521 3505 tem.
2547 3452 2824 3523 Quisquis
2847 3452 3026 3506 Deum
3054 3453 3131 3505 ita
3154 3453 3388 3522 cogitat,
3424 3452 3530 3507 etsi
3557 3453 3817 3507 nondum
3846 3459 4039 3524 potest

2382 3542 2539 3595 omni
2574 3542 2743 3595 modo
2781 3542 3036 3595 invenire
3093 3540 3231 3611 quid
3290 3542 3406 3607 sit;
3468 3541 3558 3610 pie
3614 3546 3811 3595 tamen
3845 3550 4032 3612 cavet,

2380 3635 2666 3699 quantum
2704 3636 2907 3701 potest,
2940 3629 3161 3701 aliquid
3196 3630 3264 3683 de
3290 3647 3355 3684 eo
3378 3632 3591 3685 sentire
3613 3631 3765 3698 quod
3792 3648 3908 3686 non
3931 3633 4031 3689 sic.

2450 3718 2679 3773 CAPUT
2706 3719 2769 3773 ΙΙ.
2795 3748 2863 3759 —-
2884 3720 2933 3772 3.
2964 3720 3100 3773 Deus
3120 3720 3239 3773 sola
3276 3720 3741 3773 incommutabilis
3766 3724 4028 3778 essentia.

2377 3808 2479 3862 Est
2510 3814 2703 3862 tamen
2738 3808 2863 3863 sine
2893 3807 3252 3863 dubitatione
3293 3808 3646 3873 substantia,
3680 3807 3789 3876 vel,
3818 3810 3866 3863 si
3902 3827 4031 3865 me-

2378 3895 2493 3952 lius
2514 3896 2621 3951 hoc
2643 3895 2986 3968 appellatur,
3011 3898 3284 3966 essentia,
3309 3914 3485 3967 quam
3510 3897 3685 3952 Graeci
3710 3894 3896 3949 οὐσίαν
3922 3916 3982 3953 vc
4000 3930 4029 3942 -

2376 3991 2528 4040 cant.
2564 3986 2726 4040 Sicut
2756 3986 2911 4040 enim
2945 3985 3017 4039 ab
3069 4002 3133 4040 eo
3181 3986 3333 4056 quod
3383 3990 3471 4040 est
3519 4002 3721 4056 sapere
3751 3986 3907 4041 dicta
3939 3997 4028 4044 est

2373 4074 2679 4144 sapientia,
2708 4076 2855 4128 etab
2878 4091 2944 4129 eo
2967 4075 3119 4144 quod
3144 4080 3232 4128 est
3254 4074 3400 4129 scire
3430 4074 3585 4128 dicta
3615 4078 3705 4129 est
3735 4074 3978 4129 scientia
4006 4095 4021 4143 ;

2371 4162 2451 4216 ita
2482 4165 2551 4217 ab
2584 4180 2649 4216 eo
2680 4163 2829 4231 quod
2862 4170 2949 4217 est
2978 4178 3105 4217 esse
3136 4163 3289 4217 dicta
3336 4171 3422 4217 est
3468 4162 3743 4217 essentia.
3775 4163 3841 4216 Et
3886 4181 3975 4231 qu‘
3997 4182 4021 4219 s

2370 4252 2557 4321 magis
2582 4257 2690 4315 est,
2716 4268 2891 4320 quam
2917 4250 3012 4304 ille
3031 4252 3129 4321 qui
3160 4252 3302 4305 dixit
3326 4249 3543 4306 famulo
3567 4251 3888 4322 squoysi,
3911 4255 3974 4320 E5
3997 4268 4021 4305 ο

2365 4356 2488 4394 sum
2511 4344 2601 4410 qui
2629 4356 2791 4400 sum;
2822 4345 2895 4401 et,
2928 4340 3076 4394 Dices
3104 4338 3245 4410 ﬁliis
3275 4340 3486 4395 Israel:
3514 4341 3617 4407 Qui
3634 4349 3734 4405 est,
3756 4344 3914 4395 misit
3932 4360 3971 4395 η
3997 4358 4021 4396 e

2363 4431 2445 4484 ad
2466 4446 2553 4483 vos
2580 4430 2770 4500 (Exod.
2798 4446 2879 4493 Ill,
2908 4430 2994 4497 14)
3014 4429 3040 4482 ‘I
3069 4430 3177 4483 Sed
3202 4428 3327 4483 alia:
3351 4446 3477 4500 quae
3515 4428 3791 4484 dicuntur
3812 4446 3969 4485 esser
3997 4462 4015 4471 -

2362 4518 2455 4573 tia-2
2480 4535 2597 4573 Sive
2622 4521 2985 4583 substantiae,
3004 4518 3244 4588 capiunt
3260 4518 3600 4581 accidentia,
3622 4519 3839 4589 quibus
3860 4519 3963 4574 ine
3997 4538 4019 4576 3

2362 4608 2463 4662 fiat
2482 4608 2566 4662 vel
2593 4625 2805 4678 magna
2826 4606 2911 4661 vel
2936 4613 3410 4679 quantacumque
3443 4608 3728 4662 mutatio:
3764 4607 3882 4663 Deo
3905 4625 3965 4663 an
3997 4641 4015 4651 -

2358 4700 2474 4750 tem
2508 4696 2727 4766 aliquid
2758 4695 3045 4761 ejusmodi
3078 4696 3338 4750 accidere
3370 4712 3484 4750 non
3528 4699 3760 4766 potest;
3793 4700 3852 4750 et
3882 4697 3962 4752 id:
3997 4715 4013 4753 )

2358 4783 2483 4839 sola
2504 4792 2589 4839 est
2615 4782 3115 4838 incommutabilis
3138 4784 3471 4838 substantia
3492 4783 3580 4837 vel
3603 4784 3883 4849 essentia,
3910 4802 3960 4855 ψ
3997 4786 4011 4839 i

2356 4873 2508 4928 Deus
2540 4878 2647 4939 est,
2680 4873 2771 4925 cui
2806 4872 3079 4942 profectio
3123 4872 3317 4942 ipsum
3366 4888 3516 4936 esse,
3567 4872 3721 4927 unde
3751 4880 3951 4928 essent
3997 4894 4011 4929 I.

2355 4962 2655 5016 nominata
2679 4966 2788 5028 est,
2816 4962 3065 5015 maxime
3091 4977 3156 5015 ac
3178 4960 3478 5015 verissime
3508 4962 3807 5031 competit.
3842 4965 3956 5027 Quc
3997 4964 4007 5017 l

2351 5050 2505 5105 enim
2528 5056 2806 5113 mutatur,
2833 5066 2947 5104 non
2968 5054 3157 5104 servat
3176 5048 3373 5120 ipsum
3392 5050 3785 5121 esse;etquod
3811 5057 3954 5106 muta
3997 5081 4007 5091 -

2350 5140 2397 5192 ri
2423 5144 2629 5210 potest,
2647 5137 3002 5193 etiamsinon
3022 5144 3296 5201 mutetur,
3316 5139 3668 5208 potestquod
3686 5139 3952 5195 fueratnc
3997 5164 4003 5194 ι

2348 5244 2475 5282 esse
2501 5244 2513 5281 :
2539 5244 2603 5282 ac
2629 5244 2728 5297 per
2750 5226 2858 5281 hoc
2891 5226 3032 5280 illud
3066 5225 3255 5281 solum
3288 5226 3443 5296 quod
3472 5243 3584 5280 nou
3621 5232 3851 5280 tantum
3888 5244 3949 5283 nc
3997 5273 4002 5282 .

2347 5322 2629 5385 mutatur,
2664 5332 2864 5369 verum
2896 5316 3070 5369 etiam
3121 5315 3330 5369 mutari
3366 5315 3605 5369 omnino
3638 5334 3751 5369 non
3788 5322 3948 5387 potes

2345 5407 2469 5461 sine
2500 5407 2775 5476 scrupulo
2807 5405 3058 5459 occurrit
3082 5404 3235 5474 quod
3263 5403 3566 5459 verissime
3588 5403 3819 5459 dicatur
3848 5422 3943 5460 ess

2414 5494 2640 5549 CAPUT
2666 5494 2757 5547 Ill.
2782 5494 2921 5547 -4.
2960 5493 3291 5547 Arianorum
3337 5502 3722 5564 argumentum
3762 5510 3836 5548 ea:
3874 5510 3937 5549 v0

2340 5585 2517 5653 geniti
2536 5592 2584 5639 et
2612 5583 2848 5653 ingeniti
2866 5582 3214 5652 desumptum
3233 5582 3489 5637 diluitur.
3516 5583 3940 5649 Quamobremi

2403 5757 2420 5792 ι
2455 5753 2540 5806 Sic
2566 5752 2691 5804 Mss.
2721 5751 2786 5803 At
2814 5751 2959 5814 editi,
2988 5754 3315 5817 pauentem.
