4160 6442
184 415 306 477 925

187 550 616 619 consequenter
628 545 979 621 principium
1000 552 1105 618 est;
1126 550 1405 623 quidquid
1422 554 1618 606 autem
1638 552 1654 585 ยน
1681 548 1840 605 aliud

187 635 424 700 dicitur,
478 653 612 691 cum
651 637 794 692 Filio
824 638 1057 705 dicitur,
1092 639 1177 693 vel
1213 639 1403 710 potius
1436 640 1493 693 in
1530 638 1691 703 Filio,
1726 638 1845 693 sive

189 741 441 796 magnus
466 742 531 780 ea
551 726 955 795 magnitudine
977 744 1151 800 quam
1178 729 1397 800 genuit,
1421 728 1540 782 sive
1559 729 1759 798 justus
1779 743 1847 782 ea

180 815 418 886 justitia
448 832 623 885 quam
657 816 879 887 genuit,
914 816 1032 871 sive
1065 818 1252 871 bonus
1285 833 1350 871 ea
1382 816 1636 871 bonitate
1668 832 1843 886 quam

190 904 413 975 genuit,
434 904 555 958 sive
588 912 793 976 potens
824 921 890 957 ea
924 905 1178 976 potentia
1194 905 1278 959 vel
1312 905 1524 960 virtute
1547 921 1721 976 quam
1743 921 1843 976 ge-

192 993 341 1060 nuit,
362 993 483 1046 sive
507 993 742 1063 sapiens
764 1010 830 1047 ea
850 994 1136 1063 sapientia
1159 1010 1332 1064 quam
1355 994 1589 1065 genuit:
1624 992 1846 1065 magni-

192 1082 333 1135 tudo
356 1087 547 1135 autem
573 1082 701 1153 ipsa
726 1099 836 1135 non
859 1082 1068 1136 dicitur
1094 1083 1275 1147 Pater,
1298 1084 1394 1137 sed
1424 1081 1846 1154 magnitudinis

190 1177 528 1241 generator:
556 1170 735 1225 Filius
766 1188 896 1225 vero
926 1172 1075 1226 sicut
1107 1172 1163 1225 in
1186 1173 1390 1243 seipso
1412 1171 1622 1226 dicitur
1646 1171 1843 1239 Filius,

188 1263 343 1332 quod
372 1279 483 1316 non
517 1278 647 1316 cum
676 1263 839 1317 Patre
870 1263 1100 1329 dicitur,
1126 1264 1225 1318 sed
1249 1264 1317 1317 ad
1346 1268 1592 1329 Patrem,
1618 1280 1731 1317 non
1763 1264 1846 1319 sic

188 1355 245 1406 et
274 1351 333 1405 in
359 1368 419 1405 se
453 1352 577 1423 ipso
604 1368 873 1422 magnus,
894 1352 991 1406 sed
1027 1369 1158 1406 cum
1184 1357 1350 1407 Patre
1380 1353 1548 1422 cujus
1578 1353 1699 1423 ipse
1725 1370 1845 1407 ma-

184 1440 434 1511 gnitudo
458 1446 574 1494 est:
608 1439 691 1494 sic
724 1444 778 1494 et
809 1440 1041 1511 sapiens
1064 1458 1197 1495 cum
1224 1445 1391 1496 Patre
1413 1442 1643 1510 dicitur,
1677 1442 1847 1509 cujus

186 1530 317 1600 ipse
341 1529 626 1599 sapientia
642 1534 749 1596 est;
766 1531 918 1584 sicut
937 1529 1032 1583 ille
1053 1529 1285 1601 sapiens
1301 1547 1432 1585 cum
1452 1530 1756 1599 Filio,quia
1779 1545 1847 1584 ea

184 1617 477 1688 sapientia
497 1618 730 1687 sapiens
749 1623 835 1671 est
857 1634 1033 1688 quam
1058 1619 1285 1689 genuit:
1309 1618 1595 1688 quidquid
1619 1634 1754 1685 ergo
1773 1619 1843 1673 ad

183 1722 247 1760 se
279 1707 573 1775 dicuntur,
628 1722 741 1761 non
784 1705 996 1760 dicitur
1046 1708 1192 1760 alter
1222 1707 1347 1762 sine
1400 1705 1597 1773 altero,
1646 1706 1700 1759 id
1734 1711 1843 1778 est,

186 1795 475 1867 quidquid
492 1794 766 1849 dicuntur
780 1795 934 1867 quod
956 1795 1343 1851 substantiam
1361 1812 1562 1851 eorum
1577 1796 1848 1851 ostendat

187 1886 363 1941 ambo
396 1885 886 1941 simuldicuntur.
911 1885 969 1940 Si
1003 1886 1123 1940 hac
1142 1886 1221 1941 ita
1252 1890 1410 1949 sunt.
1433 1887 1550 1958 jam
1583 1903 1718 1959 ergo
1742 1902 1845 1942 nec

188 1975 346 2031 Deus
377 1981 466 2032 est
483 1977 648 2033 Pater
668 1977 794 2033 sine
822 1977 982 2043 Filio,
1010 1994 1111 2033 nec
1145 1978 1323 2033 Filius
1344 1983 1493 2033 Deus
1512 1977 1636 2033 sine
1655 1978 1843 2049 Patre,

193 2066 294 2120 sed
318 2066 489 2121 ambo
504 2065 679 2121 simul
698 2068 944 2122 Deus.Et
958 2068 1107 2139 quod
1126 2067 1344 2122 dictum
1366 2072 1471 2133 est,
1494 2069 1555 2123 In
1568 2069 1844 2139 principio

189 2159 311 2210 erat
332 2156 607 2217 Verbum;
628 2156 686 2210 in
713 2156 877 2211 Patre
903 2161 1026 2211 erat
1046 2156 1322 2226 Verbum,
1342 2155 1715 2229 intelligitur:
1745 2160 1846 2212 aut

193 2244 241 2298 si
278 2246 333 2298 in
364 2246 640 2316 principio
672 2244 753 2299 sic
785 2245 1006 2300 dictum
1042 2251 1150 2311 est,
1185 2262 1249 2299 ac
1280 2248 1328 2301 si
1360 2245 1665 2316 diceretur,
1697 2248 1845 2302 Ante

190 2334 423 2401 omnia;
460 2335 611 2406 quod
647 2334 931 2405 sequitur,
963 2335 1026 2388 Et
1063 2336 1286 2389 Verbum
1323 2344 1449 2391 erat
1477 2335 1623 2407 apud
1652 2336 1840 2405 Deum,

188 2423 445 2479 Verbum
480 2423 714 2494 quidem
756 2423 917 2480 solus
950 2423 1128 2479 Filius
1162 2424 1461 2497 accipitur,
1518 2441 1633 2479 non
1665 2424 1843 2480 simul

190 2513 366 2567 Pater
396 2517 453 2567 et
485 2512 682 2580 Filius,
718 2518 999 2584 tanquam
1034 2514 1205 2569 ambo
1240 2531 1417 2569 unum
1448 2514 1701 2569 Verbum
1736 2516 1843 2583 (sic

188 2602 346 2657 enim
373 2601 627 2657 Verbum
662 2603 954 2673 quomodo
980 2604 1199 2675 Imago,
1233 2620 1346 2657 non
1372 2609 1563 2658 autem
1599 2608 1767 2659 Pater
1788 2608 1845 2659 et

188 2690 371 2745 Filius
397 2690 572 2746 simul
599 2693 769 2746 ambo
794 2692 1004 2758 imago,
1026 2694 1125 2747 sed
1152 2694 1333 2748 Filius
1355 2693 1514 2748 solus
1536 2692 1727 2765 imago
1743 2697 1845 2747 Pa-

185 2780 317 2845 tris,
342 2781 836 2852 quemadmodum
857 2787 913 2835 et
931 2781 1140 2836 Filius:
1168 2798 1279 2835 non
1300 2782 1454 2836 enim
1475 2783 1647 2836 ambo
1665 2782 1842 2837 simul

189 2869 399 2940 filius):
431 2870 583 2941 quod
640 2887 769 2924 vero
801 2871 1164 2942 adjungitur,
1200 2875 1263 2926 Et
1300 2872 1523 2926 Verbum
1554 2880 1670 2925 erat
1698 2872 1843 2942 apud

188 2959 395 3019 Deum;
430 2958 681 3013 multum
715 2962 803 3014 est
824 2964 887 3013 ut
909 2960 990 3014 sic
1013 2960 1393 3031 intelligatur,
1420 2961 1662 3026 Verbum,
1688 2962 1843 3032 quod

189 3045 354 3100 solus
384 3051 472 3100 est
520 3046 719 3111 Filius,
751 3049 872 3101 erat
916 3048 1064 3116 apud
1111 3048 1299 3113 Deum,
1333 3049 1484 3118 quod
1539 3064 1651 3101 non
1684 3046 1845 3103 solus

188 3142 276 3190 est
332 3135 515 3203 Pater,
575 3136 672 3189 sed
732 3135 897 3190 Pater
926 3140 983 3189 et
1030 3134 1210 3189 Filius
1263 3135 1439 3190 simul
1498 3136 1672 3190 Deus.
1732 3137 1844 3192 Sed

189 3223 330 3294 quid
360 3224 725 3291 mirum,siin
748 3225 977 3279 duabus
995 3224 1345 3295 quibusdam
1374 3226 1546 3280 rebus
1568 3225 1736 3296 longe
1758 3225 1845 3280 in-

188 3316 280 3367 ter
311 3329 373 3367 se
404 3312 647 3368 diversis
691 3317 880 3384 potest
920 3312 1029 3367 hoc
1059 3312 1211 3367 dici?
1243 3314 1387 3377 Quid
1420 3313 1572 3368 enim
1607 3318 1725 3368 tam
1758 3314 1846 3368 di-

188 3418 448 3471 versum,
473 3418 650 3473 quam
676 3402 909 3456 animus
932 3407 987 3456 et
1009 3402 1257 3473 corpus?
1280 3403 1471 3458 Potest
1491 3409 1684 3457 tamen
1709 3404 1845 3472 dici,

186 3491 437 3547 Animus
461 3496 587 3546 erat
617 3491 767 3562 apud
798 3491 1115 3559 hominem,
1135 3491 1189 3545 id
1210 3497 1317 3556 est,
1336 3492 1393 3545 in
1419 3491 1683 3548 homine:
1710 3510 1845 3549 cum

190 3582 429 3636 animus
452 3598 565 3635 non
592 3581 913 3652 sitcorpus,
934 3579 1108 3635 homo
1132 3590 1321 3635 autem
1344 3581 1577 3636 animus
1600 3581 1775 3637 simul
1793 3587 1849 3638 et

188 3686 403 3741 corpus
420 3668 595 3724 sit.Ut
617 3668 791 3723 etiam
808 3670 962 3740 quod
986 3675 1413 3740 consequenter
1434 3670 1718 3742 scriptum
1733 3674 1842 3737 est,

188 3760 253 3813 Et
285 3759 422 3814 Deus
465 3762 583 3813 erat
636 3758 861 3813 Verbum
892 3758 1074 3829 (Joan.
1110 3775 1150 3827 1,
1184 3758 1257 3828 1),
1311 3758 1394 3813 sic
1446 3758 1842 3830 intelligatur:

186 3847 445 3902 Verbum
480 3847 631 3918 quod
666 3863 780 3901 non
827 3852 913 3901 est
943 3847 1134 3916 Pater,
1169 3847 1322 3901 Deus
1352 3853 1474 3901 erat
1504 3847 1677 3902 simul
1712 3864 1845 3904 cum

190 3936 377 3990 Patre.
415 3937 572 3990 Itane
610 3950 745 4006 ergo
794 3934 1065 4002 dicimus,
1101 3941 1163 3989 ut
1212 3936 1379 3990 Pater
1435 3935 1511 3991 sit
1541 3944 1847 4007 generator

190 4024 637 4097 magnitudinis,
670 4024 777 4079 hoc
808 4029 895 4080 est
928 4028 1234 4096 generator
1263 4025 1518 4092 virtutis,
1552 4025 1640 4081 vel
1672 4042 1845 4097 gene-

188 4120 346 4169 rator
363 4114 665 4185 sapientiae
687 4131 827 4169 suae:
848 4114 1027 4169 Filius
1052 4119 1241 4168 autem
1270 4115 1845 4188 magnitudo,virtus,

188 4208 244 4259 et
274 4198 586 4273 sapientia:
622 4202 772 4258 Deus
818 4218 950 4257 vero
998 4218 1269 4273 magnus,
1322 4204 1712 4275 omnipotens,
1754 4221 1845 4260 sa-

191 4292 377 4364 piens,
401 4293 571 4347 ambo
603 4291 822 4347 simul?
846 4292 1146 4355 Quomodo
1171 4308 1305 4363 ergo
1334 4297 1483 4347 Deus
1505 4293 1574 4348 de
1606 4294 1740 4364 Deo,
1763 4293 1851 4348 lu"

187 4398 320 4437 men
342 4382 414 4437 de
440 4381 700 4436 lumine?
717 4382 841 4436 Non
874 4380 1030 4435 enim
1050 4379 1228 4435 simul
1254 4382 1424 4436 ambo
1448 4382 1598 4437 Deus
1621 4383 1689 4437 de
1714 4388 1824 4438 Deo

185 4472 289 4525 sed
323 4470 484 4526 solus
534 4469 717 4525 Filius
758 4470 828 4524 de
864 4476 995 4535 Deo,
1026 4469 1248 4524 scilicet
1297 4474 1497 4525 Patre:
1536 4488 1638 4525 nec
1678 4474 1847 4529 ambo

188 4559 365 4615 simul
396 4559 594 4615 lumen
628 4559 697 4613 de
728 4558 969 4625 lumine,
995 4559 1092 4613 sed
1131 4558 1292 4613 solus
1315 4558 1495 4614 Filius
1525 4559 1596 4613 de
1627 4559 1847 4616 lumine

187 4649 512 4705 Patre.Nisi
538 4647 769 4703 fortead
790 4647 1215 4702 insinuandum
1240 4648 1647 4703 etbrevissime
1664 4649 1848 4705 incul-

189 4738 443 4794 candum
472 4737 625 4809 quod
648 4741 969 4792 coaeternus
1002 4741 1089 4792 est
1112 4738 1265 4791 Patri
1289 4736 1489 4806 Filius,
1510 4738 1592 4792 ita
1620 4739 1844 4795 dictum

189 4833 297 4897 est,
326 4828 479 4883 Deus
497 4828 566 4882 de
589 4827 724 4895 Deo,
749 4833 807 4881 et
832 4826 1025 4881 lumen
1052 4826 1122 4881 de
1147 4826 1389 4894 lumine,
1415 4832 1471 4881 et
1493 4827 1538 4882 si
1574 4828 1709 4899 quid
1737 4828 1845 4885 hoc

188 4917 364 4973 modo
395 4916 629 4983 dicitur,
656 4932 723 4971 ac
749 4916 795 4971 si
829 4916 1141 4984 diceretur,
1165 4915 1281 4971 Hoc
1302 4916 1452 4986 quod
1487 4933 1601 4971 non
1633 4922 1721 4972 est
1753 4918 1843 4973 Fi-

188 5006 304 5061 lius
327 5006 453 5061 sine
477 5005 664 5073 Patre,
689 5006 759 5061 de
780 5004 889 5060 hoc
904 5005 1055 5076 quod
1082 5021 1194 5059 non
1219 5009 1309 5060 est
1334 5009 1503 5060 Pater
1523 5005 1648 5061 sine
1676 5005 1840 5076 Filio,

186 5095 244 5150 id
282 5100 392 5159 est,
423 5096 525 5150 hoc
558 5094 756 5149 lumen
780 5094 934 5165 quod
959 5093 1158 5149 lumen
1183 5110 1295 5149 non
1322 5094 1555 5150 estsine
1578 5094 1843 5164 Patre,de

186 5185 298 5241 hoc
326 5184 551 5240 lumine
582 5184 749 5240 Patre
771 5184 922 5255 quod
958 5184 1155 5239 lumen
1180 5200 1292 5238 non
1312 5188 1401 5239 est
1430 5184 1555 5238 sine
1582 5183 1752 5240 Filio:
1778 5188 1844 5240 ut

185 5292 322 5330 cum
356 5273 590 5343 dicitur,
623 5273 776 5329 Deus
827 5274 979 5346 quod
1013 5290 1128 5329 non
1160 5280 1245 5327 est
1284 5272 1463 5327 Filius
1492 5273 1617 5329 sine
1647 5277 1837 5343 Patre,

183 5368 240 5417 et
264 5363 335 5418 de
359 5363 471 5419 Deo
504 5363 654 5435 quod
682 5379 792 5417 non
827 5366 917 5418 est
946 5361 1115 5417 Pater
1136 5361 1261 5417 sine
1284 5360 1442 5428 Filio,
1470 5362 1719 5432 perfecte
1749 5363 1839 5417 in-

182 5451 484 5525 telligatur
504 5451 657 5522 quod
688 5467 802 5505 non
833 5450 1129 5521 praecessit
1151 5450 1378 5523 genitor
1399 5449 1543 5506 illud
1570 5452 1722 5522 quod
1744 5468 1840 5524 ge-

186 5542 330 5598 nuit.
367 5542 528 5607 Quod
564 5542 613 5597 si
647 5541 727 5596 ita
757 5545 847 5597 est
877 5541 984 5597 hoc
1016 5540 1205 5596 solum
1236 5542 1308 5596 de
1337 5541 1421 5598 eis
1450 5540 1563 5597 dici
1596 5559 1710 5598 non
1742 5560 1838 5617 po-

250 5725 266 5758 ฮน
303 5722 416 5771 Huc
447 5734 759 5771 revocamus
788 5719 1121 5785 particulam,
1143 5723 1330 5781 autem,
1354 5734 1473 5785 qua
1494 5720 1547 5771 in
1578 5724 1701 5774 ante
1721 5722 1833 5774 edi-

185 5787 251 5835 tis
279 5791 476 5835 temere
508 5788 774 5848 expuncta
801 5782 994 5833 fuerat.

1594 417 1828 482 LIBER
1873 417 2205 482 SEXTUS.

3479 424 3597 488 926

1952 553 2085 616 test,
2111 549 2255 607 illud
2290 553 2359 608 de
2386 553 2504 625 illo,
2527 557 2677 627 quod
2712 555 2889 611 simul
2922 557 3093 612 ambo
3111 572 3225 611 non
3259 560 3416 612 sunt.
3439 556 3602 613 Sicut

1947 638 2200 695 Verbum
2235 642 2305 697 de
2334 644 2506 698 verbo
2554 645 2665 700 dici
2703 662 2815 701 non
2860 650 3069 716 potest,
3109 646 3244 716 quia
3278 663 3389 700 non
3422 646 3598 701 simul

1947 729 2119 783 ambo
2152 731 2413 797 verbum,
2436 734 2533 787 sed
2570 733 2731 788 solus
2764 734 2972 789 Filius:
3004 751 3107 789 nec
3133 735 3326 805 imago
3360 736 3429 790 de
3452 735 3597 790 imaโ

1948 818 2100 888 gine,
2129 821 2259 888 quia
2292 839 2405 877 non
2430 823 2604 878 simul
2638 826 2808 880 ambo
2829 825 3050 895 imago:
3086 842 3188 879 nec
3212 824 3387 879 Filius
3419 826 3487 879 de
3509 825 3597 879 Fi-

1946 905 2043 970 lio,
2070 910 2205 980 quia
2240 928 2350 966 non
2376 912 2549 967 simul
2576 914 2747 968 ambo
2773 913 2947 971 filius.
2973 914 3295 968 secundum
3327 914 3476 983 quod
3510 912 3595 966 di-

1949 997 2119 1065 citur,
2155 1001 2260 1069 Ego
2289 1006 2340 1055 et
2369 1002 2539 1055 Pater
2568 1019 2740 1056 unum
2763 1018 2951 1056 sumus
2984 1003 3158 1071 (Joan.
3195 1018 3251 1065 ฯ,
3283 1002 3395 1071 30).
3421 1002 3596 1057 Unum

1946 1101 2131 1141 sumus
2156 1088 2308 1141 enim
2344 1089 2561 1143 dictum
2591 1097 2699 1155 est,
2723 1090 2881 1153 Quod
2914 1089 3032 1155 ille,
3056 1090 3162 1143 hoc
3184 1094 3237 1144 et
3261 1106 3364 1161 ego
3389 1106 3596 1144 secun-

1949 1174 2088 1230 dum
2120 1178 2459 1247 essentiam,
2496 1195 2606 1232 non
2641 1181 2967 1233 secundum
3002 1178 3329 1233 relativum.

2018 1263 2248 1320 CAPUT
2283 1266 2373 1321 III.
2408 1298 2475 1307 -โโ
2506 1269 2556 1321 4.
2596 1269 2871 1324 Unitatem
2902 1270 3149 1324 essentia:
3182 1268 3363 1323 Patris
3389 1272 3438 1323 et
3470 1267 3600 1323 Filii

1947 1353 2143 1407 haberi
2172 1371 2241 1408 ex
2270 1355 2460 1417 verbis,
2488 1355 2675 1411 Unum
2711 1374 2937 1411 sumus.
2965 1358 3140 1411 Filius
3169 1361 3218 1411 et
3241 1358 3298 1411 in
3326 1358 3597 1427 sapientia

1946 1450 1997 1497 et
2025 1444 2081 1495 in
2126 1446 2339 1498 caeteris
2386 1447 2614 1515 aequalis
2644 1447 2819 1499 Patri.
2874 1450 2937 1498 Et
2968 1444 3160 1499 nescio
3194 1449 3392 1498 utrum
3440 1445 3594 1499 inve-

1948 1531 2146 1585 niatur
2166 1531 2223 1586 in
2248 1533 2559 1604 Scripturis
2591 1535 2834 1605 dictum,
2860 1551 3029 1589 unum
3057 1542 3202 1602 sunt,
3229 1550 3477 1605 quorum
3509 1537 3598 1589 est

1947 1619 2176 1675 diversa
2193 1623 2482 1676 natura.Si
2497 1630 2687 1677 autem
2704 1622 2901 1693 aliqua
2915 1622 3081 1693 plura
3094 1623 3141 1692 ej
3155 1622 3357 1676 usdem
3374 1627 3592 1676 naturae

1948 1708 2086 1777 sint,
2105 1713 2161 1764 et
2180 1709 2404 1765 diversa
2427 1711 2701 1781 sentiant,
2724 1729 2836 1766 non
2861 1715 2999 1767 sunt
3024 1728 3205 1766 unum
3229 1714 3285 1765 et
3308 1720 3591 1782 quantum

1947 1798 2175 1854 diversa
2204 1798 2485 1853 sentiunt.
2539 1800 2682 1855 Nam
2716 1801 2764 1855 si
2810 1801 2933 1871 jam
2970 1816 3152 1855 unum
3203 1805 3398 1855 essent
3425 1815 3493 1854 ex
3525 1815 3591 1855 eo

1948 1888 2099 1959 quod
2164 1887 2430 1943 homines
2460 1894 2644 1953 erant,
2695 1906 2811 1943 non
2843 1889 3079 1959 diceret,
3114 1891 3176 1946 Ut
3231 1891 3343 1944 sint
3398 1904 3592 1955 unum,

1944 1977 2085 2031 sicut
2113 1992 2210 2031 nos
2239 1992 2412 2031 unum
2455 1978 2560 2049 (Id.
2596 1995 2730 2039 xvu.
2766 1978 2873 2049 11),
2928 1995 3061 2033 cum
3093 1994 3231 2033 suos
3274 1976 3593 2049 discipulos

1948 2066 2101 2119 Patri
2128 2068 2577 2121 commendaret.
2612 2068 2683 2121 At
2705 2082 2835 2122 vero
2868 2058 3083 2121 Paulus
3112 2071 3171 2122 et
3199 2065 3422 2137 Apollo,
3456 2066 3595 2137 quia

1946 2157 2003 2208 et
2031 2154 2203 2209 ambo
2234 2153 2520 2224 homines,
2554 2158 2611 2209 et
2639 2155 2793 2209 idem
2825 2155 3188 2211 sentiebant:
3222 2157 3330 2224 Qui
3353 2155 3593 2226 plantat,

1945 2241 2159 2313 inquit,
2208 2251 2261 2297 et
2288 2245 2385 2315 qui
2414 2246 2576 2314 rigat,
2616 2261 2793 2299 unum
2822 2254 2952 2299 sunt
2996 2246 3037 2315 (ฮ
3071 2246 3190 2299 Cor.
3226 2261 3308 2311 Ill,
3340 2245 3418 2313 8).
3451 2247 3593 2298 Cum

1946 2346 2082 2399 ergo
2103 2331 2188 2386 sic
2206 2332 2418 2386 dicitur
2440 2349 2644 2399 unum,
2670 2338 2735 2387 ut
2755 2349 2867 2388 non
2892 2334 3141 2387 addatur
3161 2332 3297 2404 quid
3326 2336 3595 2397 unum,et

1948 2422 2118 2493 plura
2148 2438 2331 2476 unum
2353 2422 2641 2491 dicantur,
2662 2423 2863 2477 eadem
2898 2428 3105 2477 natura
3126 2428 3299 2493 atque
3316 2421 3592 2489 essentia,

1946 2527 2059 2565 non
2088 2511 2379 2566 dissidens
2404 2527 2507 2565 nec
2528 2510 2879 2566 dissentiens
2893 2511 3277 2581 significatur.
3297 2512 3440 2565 Cum
3464 2525 3591 2565 vero

1946 2600 2181 2654 additur
2204 2598 2342 2672 quid
2367 2616 2569 2665 unum,
2587 2605 2774 2672 potest
2793 2600 3010 2671 aliquid
3035 2599 3350 2673 signi๏ฌcari
3374 2615 3441 2653 ex
3464 2597 3590 2669 plu-

1947 2688 2110 2743 ribus
2134 2706 2315 2743 unum
2350 2689 2590 2753 factum,
2615 2689 2883 2760 quamvis
2904 2689 3150 2744 diversis
3174 2694 3402 2743 natura.
3428 2687 3593 2743 Sicut

1947 2777 2142 2832 anima
2161 2783 2217 2832 et
2237 2794 2448 2849 corpus
2480 2795 2590 2833 non
2617 2783 2755 2832 sunt
2787 2778 2990 2848 utique
3022 2794 3240 2845 unum;
3275 2776 3408 2847 quid
3434 2776 3590 2830 enim

1946 2870 2064 2920 tam
2085 2866 2417 2921 diversum?
2436 2866 2545 2921 nisi
2571 2867 2821 2921 addatur
2837 2870 2937 2921 aut
2953 2865 3431 2937 subintelligatur
3452 2865 3589 2937 quid

1948 2972 2152 3021 unum,
2186 2955 2237 3010 id
2272 2962 2382 3021 est,
2418 2973 2572 3010 unus
2604 2956 2798 3024 homo,
2835 2961 2936 3009 aut
2967 2972 3150 3009 unum
3185 2952 3421 3009 animal.
3452 2953 3593 3008 Inde

1946 3044 2286 3115 Apostolus:
2324 3045 2428 3113 Qui
2457 3044 2698 3100 adhaEret
2716 3045 3012 3109 meretrici,
3047 3042 3256 3114 inquit,
3278 3059 3451 3097 unum
3480 3057 3596 3097 cor-

1943 3150 2049 3205 pus
2078 3138 2189 3188 est:
2219 3150 2332 3187 non
2364 3134 2526 3199 dixit,
2552 3133 2741 3188 Unum
2774 3137 2931 3201 sunt,
2965 3138 3085 3203 aut,
3122 3134 3307 3189 Unum
3337 3136 3460 3198 est;
3492 3130 3594 3186 sed

1949 3223 2193 3291 addidit,
2215 3239 2428 3295 corpus,
2446 3228 2727 3294 tanquam
2752 3240 2819 3278 ex
2845 3223 3074 3277 duobus
3099 3221 3342 3275 diversis
3364 3236 3595 3275 mascu-

1948 3309 2068 3365 lino
2088 3316 2144 3365 et
2173 3311 2452 3366 feminino
2470 3328 2648 3366 unum
2676 3328 2886 3382 corpus
2908 3309 3279 3381 adjunctione
3308 3307 3596 3379 composi-

1952 3404 2095 3454 tum.
2114 3401 2199 3470 Et,
2223 3402 2332 3471 Qui
2349 3400 2595 3457 adhaeret
2610 3402 2863 3469 Domino,
2886 3400 3096 3472 inquit,
3117 3416 3259 3453 unus
3272 3400 3505 3469 spiritus
3523 3404 3599 3451 est

1949 3489 2049 3560 (Id.
2082 3507 2158 3557 v1,
2192 3491 2276 3556 16,
2312 3491 2442 3558 17)อพ
2494 3506 2608 3545 non
2640 3489 2801 3557 dixit,
2854 3488 2961 3555 Qui
3021 3488 3273 3543 adhaaret
3328 3486 3593 3549 Domino,

1950 3596 2105 3633 unus
2126 3582 2234 3649 est,
2266 3583 2386 3646 aut,
2421 3595 2604 3633 unum
2629 3571 2797 3645 sunt}
2830 3578 2928 3633 sed
2963 3576 3204 3640 addidit,
3227 3578 3470 3647 spiritus.
3496 3574 3594 3629 Di-

1948 3668 2095 3723 versi
2127 3672 2267 3723 sunt
2288 3668 2440 3723 enim
2472 3671 2697 3732 natura,
2724 3666 2964 3738 spiritus
2995 3665 3251 3720 hominis
3273 3673 3319 3720 el
3357 3664 3599 3735 spiritus

1951 3757 2050 3812 Dei
2075 3761 2116 3825 ยนอพ
2167 3758 2267 3813 sed
2316 3757 2651 3812 inhaerendo
2683 3756 2749 3810 iit
2782 3772 2935 3810 unus
2980 3754 3222 3826 spiritus
3252 3770 3319 3808 ex
3349 3753 3596 3808 diversis

1950 3847 2201 3912 duobus,
2234 3847 2313 3901 ita
2344 3850 2407 3902 ut
2438 3846 2564 3902 sine
2606 3846 2858 3901 humano
2901 3844 3110 3916 spiritu
3158 3845 3362 3899 beatus
3394 3843 3470 3897 sit
3502 3841 3595 3896 Dei

1951 3934 2192 4007 spiritus
2222 3940 2395 4006 atque
2419 3935 2729 4007 perfectus,
2753 3935 2960 3988 beatus
2983 3938 3176 3988 autem
3202 3931 3457 3987 hominis
3480 3930 3599 4001 spi-

1953 4024 2100 4079 ritus
2132 4041 2245 4079 non
2279 4024 2387 4080 nisi
2434 4040 2565 4079 cum
2603 4028 2731 4079 Deo.
2784 4023 2893 4077 Nec
2945 4025 3178 4091 frustra,
3213 4026 3275 4074 ut
3308 4019 3597 4083 existimo,

1952 4130 2085 4169 cum
2119 4118 2279 4169 tanta
2295 4113 2352 4167 in
2372 4113 2677 4186 Evangelio
2699 4111 3021 4167 secundum
3047 4112 3325 4165 Joannem
3350 4113 3406 4163 et
3426 4107 3600 4163 toties

1952 4204 2169 4258 diceret
2192 4204 2469 4258 Dominus
2495 4203 2563 4257 de
2584 4203 2712 4271 ipsa
2734 4201 2979 4267 unitate,
3003 4199 3091 4254 vel
3124 4216 3230 4253 sua
3252 4214 3383 4253 cum
3411 4201 3595 4265 Patre,

1953 4290 2038 4347 vel
2062 4292 2521 4346 nostrainvicem
2543 4290 2849 4345 nobiscum
2867 4306 2880 4354 ;
2899 4303 3190 4358 nusquam
3216 4286 3380 4353 dixit,
3397 4284 3470 4339 Ut
3493 4301 3598 4339 nos

1952 4384 2009 4436 et
2035 4380 2148 4452 ipsi
2180 4397 2393 4435 unum:
2427 4380 2549 4449 sed,
2585 4381 2647 4437 Ut
2674 4395 2849 4433 unum
2885 4379 3017 4443 sint,
3046 4378 3188 4431 sicut
3216 4379 3268 4430 et
3296 4389 3392 4430 nos
3424 4390 3597 4428 unum

1951 4486 2137 4526 sumus
2153 4470 2327 4541 (Joan.
2349 4469 2688 4539 xvn).Pater
2702 4483 2838 4539 ergo
2854 4472 2911 4522 et
2925 4465 3102 4521 Filius
3119 4482 3303 4520 unum
3325 4462 3595 4528 sunt,uti-

1952 4576 2063 4631 que
2077 4560 2399 4615 secundum
2416 4559 2698 4612 unitatem
2717 4556 3141 4623 substantiamt
3156 4571 3309 4608 unus
3323 4553 3595 4618 Deusest,

1951 4655 2007 4705 et
2029 4666 2180 4704 unus
2208 4652 2539 4720 magnus,et
2559 4663 2712 4700 unus
2730 4644 3144 4715 sapiens,sicut
3160 4645 3593 4698 tractatumest.

2019 4741 2069 4793 5.
2100 4738 2262 4794 Unde
2284 4753 2419 4809 ergo
2444 4737 2630 4807 major
2655 4733 2860 4790 Pater?
2887 4735 2944 4789 Si
2962 4734 3114 4789 enim
3145 4734 3350 4804 major,
3372 4729 3595 4801 magni-

1948 4828 2152 4883 tudine
2170 4827 2383 4897 major:
2405 4842 2537 4881 cum
2562 4829 2755 4880 autem
2774 4823 3118 4895 magnitudo
3142 4821 3322 4877 Filius
3346 4819 3475 4889 ejus
3498 4818 3594 4886 sit,

1950 4935 2055 4973 nec
2085 4917 2181 4972 ille
2207 4916 2407 4987 utique
2438 4915 2625 4984 major
2653 4918 2742 4969 est
2778 4930 2844 4968 eo
2876 4912 2976 4985 qui
3010 4927 3072 4966 se
3112 4908 3333 4982 genuit,
3364 4924 3468 4962 nec
3501 4906 3595 4975 ille

1949 5007 2136 5076 major
2146 5010 2235 5061 est
2247 5023 2313 5060 ea
2326 5003 2726 5076 magnitudine
2740 5018 2857 5074 qua
2870 5016 3114 5072 magnus
3127 5002 3233 5053 est:
3253 5012 3389 5067 ergo
3407 5012 3595 5066 aequa-

1944 5095 2187 5151 lis.Nam
2214 5094 2367 5148 unde
2389 5091 2648 5164 aequalis,
2673 5091 2723 5146 si
2746 5107 2860 5145 non
2882 5106 2948 5145 eo
2970 5105 3081 5158 quo
3102 5091 3210 5155 est,
3235 5085 3325 5140 cui
3361 5101 3473 5139 non
3505 5087 3595 5138 est

1946 5184 2102 5240 aliud
2133 5200 2281 5249 esse,
2306 5188 2361 5237 et
2391 5181 2546 5237 aliud
2574 5196 2849 5251 magnum
2875 5177 3041 5233 esse?
3060 5178 3175 5231 Aut
3195 5174 3243 5231 si
3276 5172 3593 5229 aeternitate

1944 5275 2109 5330 Pater
2145 5275 2329 5345 major
2352 5277 2459 5338 est,
2494 5288 2606 5327 non
2638 5274 2729 5325 est
2758 5266 2999 5340 aequalis
3022 5265 3201 5320 Filius
3226 5279 3594 5335 quacumque

1944 5381 2024 5420 re.
2049 5363 2210 5419 Unde
2239 5363 2394 5417 enim
2419 5359 2702 5432 aequalis?
2723 5358 2776 5413 Si
2798 5354 3204 5428 magnitudine
3221 5354 3452 5419 dixeris,
3476 5369 3589 5407 non

1941 5457 2030 5508 est
2052 5469 2156 5524 par
2188 5450 2551 5523 magnitudo,
2572 5465 2699 5519 quae
2726 5447 2919 5501 minus
2948 5450 3167 5500 aeterna
3188 5449 3297 5508 est,
3318 5447 3491 5514 atque
3513 5442 3592 5495 ita

1940 5547 2166 5598 caetera.
2199 5542 2281 5594 An
2312 5540 2454 5594 forte
2476 5538 2532 5592 in
2565 5537 2782 5591 virtute
2811 5534 3049 5605 aqualis
3079 5538 3187 5602 est,
3219 5533 3279 5587 in
3302 5531 3592 5603 sapientia

1938 5648 2069 5688 vero
2092 5647 2206 5686 non
2230 5633 2318 5685 est
2338 5624 2615 5699 aqualis?
2635 5625 2745 5680 Sed
2780 5624 3073 5697 quomodo
3094 5628 3183 5680 est
3211 5619 3454 5695 aequalis
3473 5620 3588 5675 vir-

2001 5788 2017 5821 ฮน
2052 5783 2237 5835 Plures
2261 5781 2406 5839 Mss.,
2435 5781 2484 5828 et
2513 5777 2737 5842 Spiritus
2771 5776 2921 5827 Deus.
