4160 6468
500 420 617 481 927

498 557 595 608 tus
627 569 753 624 quae
786 551 983 607 minus
1014 553 1215 623 sapit?
1241 554 1327 607 An
1360 552 1418 607 in
1450 551 1735 623 sapientia
1760 551 2002 623 aequalis
2032 555 2139 615 est,

1611 419 1710 479 DE
1754 419 2206 495 TRINITATE,
2253 421 2319 479 S.
2363 419 2792 481 AUGUSTINI

3786 412 3909 477 928

2251 552 2537 607 consistit.
2562 552 2687 607 Sive
2710 553 2864 606 enim
2890 551 2967 606 sit
2989 550 3184 606 unitas
3207 549 3665 617 amborum,sive
3686 549 3903 604 sancti-

501 641 559 695 in
592 641 803 695 virtute
854 646 1047 694 autem
1084 658 1197 695 non
1247 646 1335 695 est
1378 640 1663 713 zequalis‘l
1710 642 1817 695 Sed
1854 642 2141 711 quomodo
2247 646 2357 707 tas,
2388 640 2507 694 sive
2529 640 2802 706 Charitas,
2838 640 2955 695 sive
2995 640 3124 694 ideo
3158 639 3352 694 unitas
3387 642 3525 710 quia
3556 638 3909 701 cbaritas,et

503 729 744 801 aequalis
761 734 847 784 est
879 731 1183 801 sapientia,
1208 747 1335 801 qua!
1365 732 1561 784 minus
1581 735 1783 801 potens
1804 732 1921 784 est?
1946 730 2145 784 Restat
2250 729 2644 785 ideocharitas
2661 728 3497 800 quiasanctitas,manifestum
3515 730 3770 799 estquod
3793 744 3905 782 non

502 836 636 889 ergo
660 824 724 872 ut
752 819 798 873 si
827 820 885 872 in
910 818 1027 873 ulla
1050 836 1109 873 re
1131 819 1365 889 aequalis
1389 837 1501 873 non
1526 824 1634 882 est,
1658 819 1712 873 in
1738 820 2012 874 omnibus
2031 835 2143 872 non
2249 818 2458 889 aliquis
2480 820 2728 873 duorum
2748 823 2837 873 est
2855 835 2969 888 quo
2994 825 3235 889 uterque
3253 817 3775 889 conjungitur,quo
3804 834 3908 889 ge-

503 907 577 963 sit
608 907 866 978 aequalis.
890 910 960 962 At
991 909 1291 979 Scriptura
1315 909 1545 978 clamat,
1570 912 1687 963 Non
1710 909 1965 978 rapinam
1994 908 2146 962 arbi-

507 1005 682 1052 tratus
712 1005 788 1053 est
828 1013 937 1051 esse
965 1000 1196 1068 zequalis
1252 1000 1354 1053 Deo
1387 1000 1652 1068 (Philipp.
1689 1015 1745 1062 II,
1778 999 1855 1067 6).
1915 996 2149 1068 Cogitur

502 1102 636 1157 ergo
662 1086 853 1156 quivis
875 1086 1242 1141 adversarius
1265 1088 1542 1150 veritatis,
1570 1087 1667 1157 qui
1695 1086 1893 1141 modo‘
1922 1090 2151 1141 tenetur

502 1174 819 1246 apostolica
851 1178 1211 1241 auctoritate,
1246 1175 1300 1230 in
1336 1176 1593 1246 qualibet
1622 1174 1705 1230 vel
1742 1193 1855 1229 una
1879 1192 1937 1230 re
1964 1192 2153 1245 mqua-

502 1262 615 1317 lem
654 1264 761 1317 Deo
813 1263 1021 1317 Filium
1056 1264 1336 1317 confiteri.
1398 1264 1586 1334 Eligat
1637 1279 1810 1334 quam
1862 1262 2148 1319 voluerit:

502 1350 637 1405 hinc
673 1352 722 1405 ei
755 1353 1090 1407 ostendetur
1118 1352 1177 1406 in
1209 1352 1482 1407 omnibus
1515 1368 1642 1407 esse
1689 1351 1993 1424 aequalem,
2024 1368 2151 1423 quae

503 1441 573 1495 de
603 1441 935 1495 substantia
966 1442 1092 1511 ejus
1126 1442 1421 1496 dicuntur.

570 1529 800 1585 CAPUT
832 1529 923 1583 IV.
958 1561 1025 1569 —
1063 1530 1116 1585 6.
1147 1531 1415 1602 Sequitur
1470 1530 1536 1586 de
1581 1531 1761 1586 eodem
1810 1534 2153 1600 argumento.

500 1618 594 1673 Sic
653 1619 809 1673 enim
842 1618 1084 1673 virtutes
1144 1636 1269 1691 quae
1325 1624 1463 1676 sunt
1507 1619 1567 1675 in
1620 1620 1813 1674 animo
1874 1619 2152 1687 humano,

503 1708 769 1778 quamvis
800 1708 913 1762 alio
962 1713 1135 1779 atque
1167 1708 1279 1764 alio
1324 1710 1493 1765 modo
1544 1709 1786 1781 singulae
1820 1709 2150 1781 intelligan-

502 1799 619 1865 tur,
652 1796 812 1851 nullo
870 1798 1040 1852 modo
1100 1803 1295 1852 tamen
1354 1805 1702 1869 separantur
1759 1800 1829 1854 ab
1887 1799 2153 1865 invicem,

504 1891 568 1941 ut
598 1885 953 1957 quicumque
973 1886 1184 1941 fuerint
1209 1886 1487 1958 aequales,
1511 1888 1665 1942 verbi
1689 1889 1895 1959 gratia,
1920 1888 1976 1942 in
2005 1888 2160 1942 forti-

506 1974 731 2042 tudine,
753 1974 1001 2046 zequales
1033 1976 1149 2030 sint
1172 1980 1227 2030 et
1245 1977 1573 2047 prudentia,
1595 1982 1651 2031 et
1681 1977 2084 2048 temperantia,
2105 1987 2162 2038 et

500 2064 811 2133 justitia.Si
830 2064 981 2119 enim
1002 2065 1211 2119 dixeris
1231 2066 1479 2137 aequales
1495 2082 1619 2121 esse
1639 2066 1781 2121 istos
1796 2066 2155 2139 fortitudine,

507 2154 606 2207 sed
632 2152 796 2207 illum
825 2159 1099 2225 praestare
1120 2156 1451 2225 prudentia;
1482 2156 1747 2226 sequitur
1770 2161 1831 2210 ut
1850 2156 2026 2226 hujus
2051 2156 2159 2211 for-

504 2243 691 2297 titudo
716 2243 912 2298 minus
934 2245 1192 2315 prudens
1211 2245 1307 2314 sit,
1333 2261 1396 2299 ac
1430 2262 1529 2317 per
1552 2245 1658 2299 hoc
1692 2262 1794 2300 nec
1821 2245 2159 2301 fortitudine

507 2331 754 2403 aequales
769 2337 925 2403 sunt,
948 2334 1180 2404 quando
1198 2338 1283 2388 est
1302 2333 1460 2389 illius
1492 2336 1770 2389 fortitudo
1794 2335 2157 2407 prudentior.

505 2423 693 2491 Atque
732 2420 813 2476 ita
849 2422 919 2476 de
950 2422 1170 2478 caeteris
1209 2424 1523 2479 virtutibus
1555 2424 1833 2489 invenies,
1876 2424 1921 2480 si
1955 2441 2160 2481 omnes

512 2511 713 2567 eadem
729 2512 1190 2568 consideratione
1204 2529 1527 2585 percurras.
1545 2514 1668 2569 Non
1685 2514 1837 2569 enim
1858 2513 1926 2569 de
1939 2515 2159 2570 viribus

511 2601 770 2672 corporis
786 2602 1100 2673 agitur.sed
1122 2603 1191 2657 de
1208 2604 1387 2658 animi
1406 2604 1759 2659 fortitudine.
1777 2603 1998 2667 Quanto
2024 2620 2159 2676 ergo

514 2691 703 2762 magis
740 2691 795 2744 in
829 2690 929 2745 illa
978 2690 1443 2748 incommutabili
1472 2698 1798 2764 aeternaque
1828 2693 2162 2749 substantia

510 2780 1046 2851 incomparabiliter
1076 2782 1429 2855 simpliciore
1460 2800 1636 2855 quam
1666 2789 1753 2839 est
1784 2784 2017 2839 animus
2051 2783 2160 2838 hu-

510 2870 869 2938 manus,hzec
887 2872 966 2925 ita
979 2889 1038 2926 se
1053 2873 1295 2927 habent?
1309 2874 1574 2928 Humano
1598 2874 1813 2947 quippe
1836 2874 2029 2929 animo
2045 2891 2160 2929 non

510 2959 616 3014 hoc
646 2965 735 3014 est
765 2977 891 3015 esse
921 2963 1072 3032 quod
1114 2972 1202 3017 est
1233 2963 1435 3017 fortem
1469 2980 1618 3028 esse,
1663 2969 1763 3018 aut
1792 2965 2158 3034 prudentem.

512 3049 876 3117 autjustum,
902 3055 1001 3104 aut
1030 3056 1470 3122 temperantem:
1498 3059 1683 3124 potest
1708 3053 1861 3107 enim
1885 3070 2010 3107 esse
2034 3052 2156 3107 ani—

512 3154 666 3203 mus,
694 3142 750 3192 et
776 3138 996 3193 nullam
1020 3139 1261 3195 istarum
1286 3142 1495 3196 habere
1519 3142 1812 3197 virtutem.
1834 3147 1941 3197 er
1966 3148 2158 3198 autem

516 3226 625 3282 hoc
656 3230 743 3282 est
773 3242 900 3283 esse
924 3229 1075 3299 quod
1101 3234 1187 3283 est
1223 3230 1426 3285 fortem
1458 3247 1608 3293 esse,
1632 3236 1729 3285 aut
1753 3233 1984 3301 justum
2009 3249 2158 3301 esse,

513 3322 615 3371 aut
646 3316 968 3388 sapientem
994 3334 1141 3383 esse,
1167 3320 1289 3373 etsi
1316 3320 1447 3388 quid
1475 3321 1543 3374 de
1568 3320 1664 3374 illa
1686 3321 1936 3393 simplici
1960 3321 2159 3375 multi-

511 3404 785 3476 plicitate,
802 3405 886 3460 vel
902 3423 955 3459 m
969 3406 1066 3460 ulti
1079 3407 1210 3478 plici
1228 3408 1597 3479 simplicitate
1611 3410 1643 3463 d
1656 3410 2005 3481 ixeris,quod
2024 3410 2159 3465 sub-

514 3495 728 3550 stantia
749 3497 873 3565 ejus
895 3496 1688 3568 signilicetur.Quamobrem,
1711 3500 1827 3554 sive
1844 3500 1919 3554 ita
1932 3500 2163 3555 dicatur

511 3584 663 3640 Deus
678 3586 747 3639 de
770 3585 903 3649 Deo,
923 3592 983 3639 ut
1004 3592 1059 3641 et
1082 3587 1331 3658 singulis
1357 3588 1461 3642 hoc
1479 3606 1683 3643 nomen
1708 3590 2030 3660 conveniat,
2049 3607 2159 3645 non

513 3680 707 3729 tamen
741 3680 803 3728 ut
825 3675 994 3729 ambo
1026 3676 1198 3731 simul
1224 3678 1337 3731 duo
1360 3678 1460 3741 dii,
1485 3679 1580 3732 sed
1620 3696 1771 3733 unus
1796 3679 1949 3734 Deus
1974 3680 2163 3733 sit.lta

513 3763 667 3817 enim
702 3764 809 3817 sibi
845 3764 1153 3832 cohaerent,
1186 3768 1682 3836 quemadmodum
1715 3774 1769 3822 et
1802 3769 1859 3823 in
1893 3770 2161 3824 distanti-

514 3852 666 3906 bus’
705 3852 1067 3923 diversisque
1098 3856 1450 3911 substantiis
1491 3857 1612 3910 ﬁeri
1645 3857 1955 3927 Apostolus
1997 3859 2161 3913 testis

516 3947 622 3995 est.
649 3942 793 3997 Nam
825 3949 883 3996 et
907 3944 1065 3999 solus
1087 3944 1370 4000 Dominus
1402 3946 1643 4018 spiritus
1665 3954 1771 4013 est,
1798 3953 1855 4003 et
1876 3948 2036 4003 solus
2060 3949 2161 4004 ho-

515 4030 693 4086 minis
724 4032 966 4103 spiritus
1000 4034 1199 4105 utique
1229 4035 1473 4105 spiritus
1503 4043 1611 4102 est,
1642 4042 1837 4091 tamen
1870 4039 1917 4093 si
1951 4039 2163 4094 hwreat

513 4121 760 4176 Domino
792 4139 935 4177 unus
963 4126 1196 4191 spiritus
1225 4128 1323 4178 est:
1355 4128 1574 4195 quanto
1608 4128 1792 4198 magis
1825 4127 1923 4193 ibi,
1954 4129 2049 4183 ubi
2076 4134 2164 4183 est

516 4211 755 4267 omnino
789 4212 1194 4284 inseparabilis
1217 4219 1392 4285 atque
1422 4219 1632 4269 aeterna
1655 4218 1951 4283 connexio,
1971 4235 2037 4272 ne
2061 4219 2160 4272 ab-

514 4301 815 4356 surdedici
839 4301 1275 4372 videaturquasi
1298 4304 1933 4371 tiliusamborum,cum
1951 4308 2165 4362 dicitur

516 4391 693 4445 Filius
714 4392 896 4453 Dei,si
928 4392 983 4446 id
1011 4395 1161 4464 quod
1197 4394 1410 4448 dicitur
1442 4395 1611 4463 Deus,
1650 4414 1759 4450 non
1796 4398 1904 4451 nisi
1939 4399 2007 4450 de
2038 4415 2158 4452 am-

518 4479 706 4534 bobus
736 4481 954 4535 dicitur
986 4482 1201 4539 simul:
1236 4485 1353 4555 sive
1386 4486 1666 4555 quidquid
1702 4486 1770 4539 de
1802 4486 1915 4541 Deo
1948 4487 2164 4541 dicitur

517 4569 668 4640 quod
703 4570 1088 4625 substantiam
1127 4573 1252 4642 ejus
1285 4573 1519 4641 indicet,
1554 4592 1664 4628 non
1701 4574 1812 4629 nisi
1861 4576 1929 4629 de
1960 4577 2160 4630 ambo-

517 4658 627 4712 bus
659 4659 856 4727 simul,
878 4659 993 4714 imo
1025 4663 1093 4715 de
1118 4662 1242 4733 ipsa
1269 4663 1443 4717 simul
1468 4664 1749 4718 Trinitate
1772 4664 2010 4719 dicitur?
2034 4666 2161 4719 Sive

515 4764 651 4818 ergo
683 4748 811 4816 hoc,
834 4750 954 4803 sive
984 4750 1125 4805 illud
1160 4750 1256 4815 sit,
1290 4752 1443 4823 quod
1476 4752 1815 4823 diligentius
1846 4754 2160 4809 discutien-

517 4838 655 4892 dum
690 4844 796 4906 est,
830 4855 984 4894 nunc
1019 4841 1169 4894 unde
1204 4841 1396 4911 agitur
1426 4843 1569 4896 satis
1615 4847 1705 4896 est
1753 4841 1965 4909 videre,
2001 4842 2161 4897 nullo

518 4929 689 4983 modo
714 4928 919 4983 Filium
945 4928 1222 5000 aequalem
1252 4948 1379 4985 esse
1396 4930 1622 5000 Patri,si
1647 4931 1703 4984 in
1731 4931 1925 5001 aliquo
1944 4931 2165 4987 scilicet

518 5017 672 5089 quod
714 5017 999 5089 pertineat
1029 5020 1095 5073 ad
1133 5019 1577 5089 significandam
1611 5021 1738 5090 ejus
1770 5021 2161 5076 substantiam

518 5108 822 5179 inaequalis
843 5107 1439 5179 invenitur,sicutjam
1460 5110 2163 5182 ostendimus.Apostolus

518 5204 711 5251 autem
737 5198 881 5251 dixit
906 5197 1210 5269 aequalem.
1244 5199 1304 5251 In
1336 5198 1610 5252 omnibus
1642 5215 1774 5269 ergo
1804 5198 2043 5269 aequalis
2074 5204 2165 5254 est

517 5289 671 5341 Patri
710 5288 911 5353 Filius,
965 5295 1023 5341 et
1052 5294 1138 5342 est
1171 5287 1345 5341 unius
1380 5287 1761 5357 ejusdemque
1800 5288 2160 5342 substantiae.

590 5376 822 5431 CAPUT
854 5376 919 5429 V.
953 5407 1021 5415 —
1059 5377 1113 5431 7.
1158 5376 1399 5446 Spiritus
1454 5381 1671 5431 sanctus
1717 5378 1886 5432 etiam
1934 5378 2088 5431 Patri
2114 5380 2163 5432 et

520 5466 659 5519 Filio
688 5466 915 5536 aequalis
948 5466 1009 5519 in
1030 5466 1298 5519 omnibus.
1321 5468 1681 5537 Quapropter
1706 5465 1879 5520 etiam
1912 5466 2165 5537 Spiritus

522 5560 762 5609 sanctus
790 5554 845 5608 in
878 5555 1077 5609 eadem
1112 5558 1332 5611 unitate
1380 5554 1722 5610 substantiae
1751 5560 1807 5610 et
1836 5555 2166 5627 azqualitate

583 5663 792 5772 {lEditL
825 5663 913 5725 qui
942 5663 1112 5727 aliquo
1158 5664 1325 5714 modo.
1375 5665 1440 5714 At
1468 5665 1613 5724 Mss.,
1655 5664 1744 5726 qui
1787 5664 1953 5722 modo,
2002 5664 2055 5713 id
2086 5668 2167 5715 est

627 5739 725 5772 em.

523 5739 725 5774 saltem.

586 5789 607 5824 ²
636 5788 874 5851 Plerique
905 5789 1044 5850 Mss.,
1076 5789 1213 5853 quod
1234 5790 1389 5839 etiam
1418 5790 1471 5839 in
1495 5788 1822 5840 distantibus.

2253 908 2411 962 nitus
2434 926 2465 961 a
2486 908 3592 980 gignentediligatur,generatoremque
3616 924 3792 962 suum
3818 908 3907 961 di-

2253 996 2415 1067 ligat,
2448 997 2679 1068 sintque
2712 1014 2823 1051 non
2860 996 3320 1067 participatione,
3357 997 3456 1051 sed
3490 996 3750 1052 essentia
3781 1014 3909 1067 sua,

2255 1102 2442 1156 neque
2472 1087 2623 1141 dono
2645 1086 2961 1157 superioris
2982 1084 3250 1155 alicujus,
3275 1086 3374 1141 sed
3400 1102 3506 1140 suo
3534 1085 3765 1156 proprio
3792 1101 3912 1140 ser-

2253 1176 2768 1244 vantesgunitatem
2800 1174 3043 1246 spiritus
3076 1175 3132 1229 in
3164 1175 3395 1230 vinculo
3429 1175 3589 1245 pacis
3619 1175 3835 1246 (Ephes.
3856 1192 3911 1242 ν,

2254 1266 2330 1331 3).
2365 1265 2525 1330 Quod
2552 1265 2764 1320 imitari
2790 1282 2889 1337 per
2909 1265 3182 1335 gratiam,
3206 1265 3352 1319 etad
3377 1265 3582 1331 Deum,
3617 1270 3675 1319 et
3704 1264 3775 1318 ad
3809 1280 3917 1319 nos

2257 1354 2727 1425 ipsosjubemur.
2746 1355 2808 1408 In
2832 1354 3047 1425 quibus
3073 1354 3301 1409 duobus
3330 1353 3634 1426 praeceptis
3660 1356 3782 1408 tota
3808 1358 3919 1407 Lex

2259 1444 2469 1514 pendet
2499 1448 2555 1497 et
2585 1442 2884 1515 Propheta:
2906 1444 3127 1513 (Matth.
3161 1460 3297 1508 χχιι,
3318 1442 3628 1513 37-40).Ita
3654 1446 3794 1497 sunt
3817 1440 3921 1496 illa

2258 1532 2391 1598 tria,
2425 1532 2577 1587 Deus
2612 1549 2785 1598 unus,
2821 1531 3007 1597 solus,
3044 1548 3313 1604 magnus,
3360 1530 3618 1603 sapiens,
3652 1535 3917 1599 sanctus,

2261 1621 2485 1676 beatus.
2512 1622 2627 1676 Nos
2660 1626 2852 1676 autem
2886 1638 2953 1677 ex
2988 1621 3138 1693 ipso,
3165 1626 3221 1675 et
3251 1637 3352 1692 per
3375 1620 3587 1692 ipsum,
3611 1624 3666 1674 et
3699 1619 3756 1674 in
3793 1620 3921 1690 ipso

2264 1710 2447 1777 beati;
2474 1710 2611 1781 quia
2642 1710 2829 1781 ipsius
2863 1726 3103 1765 munere
3132 1710 3281 1765 inter
3310 1726 3416 1765 nos
3447 1725 3798 1777 unum,cum
3821 1707 3922 1763 illo

2263 1804 2456 1855 autem
2485 1817 2637 1855 unus
2660 1800 3071 1870 spiritus,quia
3088 1798 3490 1871 agglutinetur
3509 1798 3707 1853 anima
3722 1802 3925 1853 nostra

2264 1889 2637 1961 posteum.Et
2660 1888 2827 1944 nobis
2845 1889 3060 1944 haerere
3075 1889 3188 1944 Deo
3206 1890 3419 1944 bonum
3441 1889 3698 1960 est,quia
3718 1889 3925 1959 perdet

2264 1996 2497 2033 omnem
2531 1980 2628 2049 qui
2663 1979 2984 2033 fornicatur
3015 1979 3085 2032 ab
3117 1994 3182 2033 eo
3235 1978 3401 2047 (Psal.
3438 1994 3644 2043 Lxxvn,
3678 1978 3769 2041 28,
3802 1978 3920 2045 27).

2264 2068 2510 2138 Spiritus
2530 2085 2666 2139 ergo
2697 2072 2934 2123 sanctus
2956 2084 3263 2123 commune
3294 2066 3514 2139 aliquid
3543 2072 3633 2123 est
3653 2066 3845 2121 Patris
3864 2070 3922 2120 et

2265 2157 2412 2223 Filii,
2434 2158 2717 2228 quidquid
2739 2157 2881 2212 illud
2906 2162 3012 2212 est.
3037 2161 3109 2212 At
3130 2157 3259 2228 ipsa
3280 2156 3637 2221 communio,
3661 2155 3920 2210 consub-

2266 2247 2555 2302 stantialis
2576 2253 2633 2302 et
2664 2252 2979 2301 coaeterna:
3007 2263 3134 2318 qua:
3158 2246 3207 2301 si
3234 2245 3493 2300 amicitia
3512 2246 3924 2301 convenienter

2266 2335 2375 2391 dici
2413 2341 2619 2408 potest,
2652 2337 2913 2402 dicatur;
2948 2336 3045 2390 sed
3080 2336 3276 2407 aptius
3305 2335 3520 2389 dicitur
3549 2334 3825 2389 charitas.
3854 2333 3925 2387 Et

2268 2426 2385 2480 haec
2415 2418 2646 2497 quoque
2702 2424 3049 2491 substantia,
3104 2424 3240 2496 quia
3274 2424 3428 2480 Deus
3478 2423 3835 2486 substantia,
3868 2425 3929 2476 et

2266 2520 2408 2571 Deus
2426 2516 2683 2584 Charitas,
2712 2514 2865 2569 sicut
2888 2515 3171 2585 scriptum
3194 2514 3328 2584 est(l
3352 2514 3513 2569 Joan.
3544 2530 3620 2582 Iv,
3648 2512 3932 2583 16).Sicut

2267 2608 2461 2658 autem
2495 2603 2824 2659 substantia
2858 2602 3033 2658 simul
3066 2620 3197 2658 cum
3235 2604 3397 2659 Patre
3429 2607 3485 2657 et
3527 2600 3693 2668 Filio,
3730 2601 3813 2655 ita
3844 2600 3928 2656 si-

2267 2693 2386 2749 mul
2420 2710 2652 2765 magna,
2679 2700 2731 2748 et
2762 2692 2935 2747 simul
2956 2694 3126 2757 bona,
3151 2697 3207 2747 et
3230 2691 3409 2747 simul
3429 2694 3653 2757 sancta,
3677 2696 3733 2745 et
3756 2689 3930 2761 quid-

2267 2784 2407 2855 quid
2432 2783 2587 2837 aliud
2623 2784 2693 2837 ad
2719 2799 2779 2838 se
2801 2782 3045 2838 dicitur:
3072 2782 3347 2853 quoniam
3377 2798 3487 2836 non
3513 2780 3669 2835 aliud
3694 2785 3787 2834 est
3808 2779 3929 2834 Deo

2267 2888 2415 2942 esse,
2447 2877 2501 2927 et
2531 2871 2688 2927 aliud
2752 2888 3033 2943 magnum
3091 2888 3218 2926 esse
3252 2870 3340 2926 vel
3403 2871 3621 2925 bonum
3682 2884 3835 2935 esse,
3868 2873 3931 2923 et

2267 2967 2490 3027 caetera,
2526 2961 2677 3017 sicut
2734 2977 2912 3031 supra
2951 2959 3339 3015 ostendimus.
3391 2958 3451 3014 Si
3504 2957 3659 3013 enim
3723 2956 3929 3013 minus

2268 3068 2480 3122 magna
2510 3056 2599 3105 est
2628 3050 2707 3104 ibi
2730 3050 2982 3105 charitas
3007 3064 3183 3119 quam
3206 3047 3721 3120 sapientia,minus
3742 3062 3927 3116 quam

2267 3146 2356 3195 est
2385 3139 2644 3207 diligitur
2676 3137 2981 3210 sapientia:
3008 3137 3247 3209 aqualis
3278 3141 3367 3193 est
3387 3136 3584 3209 igitur,
3609 3141 3673 3190 ut
3704 3140 3932 3207 quanta

2267 3234 2355 3284 est
2385 3228 2669 3299 sapientia
2698 3232 2927 3283 tantum
2959 3227 3255 3298 diligatur:
3289 3230 3374 3281 est
3408 3230 3602 3281 autem
3634 3224 3931 3296 sapientia

2265 3318 2507 3390 tequalis
2542 3318 2719 3382 Patri,
2754 3318 2907 3373 sicut
2946 3334 3127 3388 supra
3155 3315 3625 3387 disputavimus:
3678 3313 3928 3385 aequalis

2266 3414 2355 3463 est
2387 3408 2565 3479 igitur
2594 3408 2771 3462 etiam
2803 3407 3054 3478 Spiritus
3087 3410 3360 3472 sanctus;
3394 3409 3450 3460 et
3489 3404 3537 3459 si
3568 3403 3829 3475 aequalis,
3862 3403 3926 3457 in

2266 3498 2540 3553 omnibus
2572 3496 2811 3567 tequalis
2858 3501 3091 3568 prOpter
3135 3511 3429 3550 summam
3483 3493 3924 3565 simplicitatem

2267 3604 2390 3655 qum
2421 3586 2478 3641 in
2531 3585 2627 3640 illa
2677 3585 3010 3640 substantia
3041 3589 3147 3639 est.
3211 3584 3275 3638 Et
3322 3583 3450 3637 ideo
3501 3599 3615 3637 non
3665 3581 3927 3652 amplius

2267 3693 2443 3747 quam
2477 3676 2587 3730 tria
2618 3681 2793 3741 sunt;
2829 3692 2981 3730 unus
3014 3672 3267 3743 diligens
3289 3689 3421 3727 eum
3454 3672 3554 3743 qui
3588 3672 3660 3725 de
3687 3669 3787 3725 illo
3808 3678 3921 3737 est,

2266 3770 2322 3820 et
2356 3782 2509 3819 unus
2540 3764 2789 3835 diligens
2821 3780 2952 3818 eum
2988 3764 3059 3817 de
3087 3779 3200 3833 quo
3233 3762 3471 3832 estipsa
3500 3760 3753 3815 dilectio.
3788 3760 3924 3823 Qua

2267 3856 2313 3909 si
2350 3853 2493 3909 nihil
2526 3858 2633 3919 est,
2684 3853 2973 3923 quomodo
3009 3853 3148 3907 Deus
3178 3851 3396 3906 dilectio
3426 3853 3548 3905 est?
3594 3849 3654 3904 Si
3688 3865 3803 3904 non
3836 3853 3925 3903 est

2267 3944 2616 4011 substantia,
2650 3942 2942 4016 quomodo
2973 3942 3128 3997 Deus
3160 3940 3493 3996 substantia
3521 3938 3658 3995 est?

2337 4086 2569 4142 CAPUT
2601 4086 2693 4140 Vl.
2728 4117 2793 4127 —
2813 4070 2868 4140 8.
2892 4083 3167 4154 Quomodo
3197 4084 3336 4139 Deus
3369 4083 3673 4137 substantia
3688 4084 3927 4153 simplex

2267 4180 2314 4231 et
2334 4175 2650 4245 multiplex.
2677 4174 2733 4229 Si
2763 4180 2955 4228 autem
2983 4174 3262 4243 quaeritur
3278 4172 3571 4242 quomodo
3598 4170 3851 4242 simplex
3870 4176 3927 4225 et

2260 4264 2570 4335 multiplex
2601 4264 2676 4318 sit
2709 4262 2805 4317 illa
2850 4262 3215 4328 substantia;
3278 4260 3799 4316 animadvertenda
3838 4264 3927 4315 est

2271 4356 2455 4426 primo
2472 4358 2733 4407 creatura
2752 4368 2927 4423 quare
2943 4352 3017 4405 sit
3036 4349 3524 4421 multiplex,nullo
3539 4355 3732 4404 autem
3752 4352 3923 4406 modo

2266 4460 2395 4497 vere
2415 4441 2679 4512 simplex.
2706 4442 2773 4495 Et
2792 4440 2952 4511 prius
2972 4456 3181 4510 corpus
3200 4439 3539 4493 universum
3558 4438 3763 4509 utique
3790 4456 3923 4509 par-

2265 4533 2423 4586 tibus
2443 4535 2691 4597 constat;
2728 4530 2806 4583 ita
2830 4534 2893 4583 ut
2925 4528 3001 4581 sit
3031 4528 3109 4582 ibi
3135 4527 3247 4581 alia
3268 4544 3401 4598 pars
3435 4528 3643 4597 major,
3667 4527 3783 4581 alia
3817 4528 3925 4582 mi-

2269 4639 2392 4685 nor,
2415 4627 2469 4674 et
2500 4622 2693 4688 majus
2726 4618 2799 4673 sit
2818 4618 3155 4673 universum
3178 4634 3351 4688 quam
3375 4633 3506 4688 pars
3530 4616 3803 4687 quaelibet
3824 4624 3927 4671 aut

2268 4709 2653 4781 quantalibet.
2675 4708 2819 4761 Nam
2843 4712 2899 4761 et
2928 4706 3136 4761 ccelum
3161 4710 3217 4760 et
3246 4711 3399 4760 terra
3418 4710 3610 4776 partes
3628 4711 3769 4758 sunt
3790 4706 3923 4759 uni—

2267 4815 2441 4854 versae
2462 4797 2769 4851 mandante
2793 4795 2983 4850 molis:
3020 4799 3075 4849 et
3091 4793 3212 4849 sola
3231 4799 3399 4863 terra,
3425 4798 3483 4847 et
3501 4792 3692 4847 solum
3711 4792 3925 4847 coelum

2269 4885 2801 4942 innumerabilibus
2850 4884 3112 4956 partibus
3155 4888 3401 4947 constat,
3435 4887 3491 4938 et
3538 4882 3596 4936 in
3628 4883 3801 4937 tertia
3832 4884 3929 4937 sui

2270 4982 2430 5049 parte
2462 4975 2653 5029 minor
2673 4980 2762 5029 est
2791 4990 2966 5044 quam
2987 4972 3044 5025 in
3068 4976 3355 5041 caetera,et
3376 4971 3432 5024 in
3454 4970 3701 5025 dimidia
3733 4973 3932 5026 minor

2270 5081 2446 5136 quam
2478 5062 2535 5117 in
2571 5066 2719 5130 tota;
2753 5066 2809 5116 et
2838 5064 3023 5116 totum
3050 5059 3251 5113 mundi
3277 5074 3487 5130 corpus
3514 5059 3666 5130 quod
3693 5060 3931 5116 duabus

2270 5153 2611 5225 plerumque
2644 5150 2906 5222 partibus
2937 5147 3215 5219 appellari
3248 5146 3488 5214 solet,id
3512 5146 3847 5217 est,ccelum
3875 5155 3932 5205 et

2268 5247 2445 5305 terra,
2477 5242 2678 5312 utique
2706 5240 2897 5310 majus
2919 5243 3200 5308 estquam
3234 5236 3423 5291 solum
3444 5236 3651 5291 cmlum
3677 5242 3779 5291 aut
3802 5238 3933 5293 sola

2269 5331 2520 5387 terra.Et
2541 5330 2597 5385 in
2623 5345 2975 5400 unoquoque
3006 5342 3244 5396 corpore
3261 5326 3416 5380 aliud
3448 5330 3536 5383 est
3555 5326 3927 5398 magnitudo,

2270 5421 2423 5476 aliud
2442 5419 2616 5485 color,
2634 5417 2791 5473 aliud
2818 5416 3227 5487 tignra.Potest
3247 5413 3401 5468 enim
3422 5418 3478 5467 et
3499 5412 3794 5469 diminuta
3812 5431 3931 5469 ma-

2272 5510 2577 5582 gnitudine
2599 5522 2834 5562 manere
2853 5506 3004 5559 idem
3030 5504 3187 5558 color
3211 5508 3267 5558 et
3282 5504 3483 5557 eadem
3518 5503 3727 5575 ﬁgura,
3754 5508 3812 5558 et
3828 5521 3928 5560 co-

2272 5600 2390 5655 lore
2413 5602 2636 5653 mutato
2657 5612 2891 5651 manere
2910 5595 3111 5649 eadem
3134 5593 3320 5663 figura
3338 5596 3393 5647 et
3408 5592 3610 5646 eadem
3637 5592 3929 5663 magnitu-

2271 5690 2366 5755 do,
2388 5693 2443 5743 et
2472 5689 2659 5759 figura
2689 5684 2889 5740 eadem
2910 5700 3023 5738 non
3047 5684 3314 5737 manente
3345 5684 3465 5735 tam
3491 5696 3775 5752 magnum
3799 5700 3930 5740 esse

2272 5783 2329 5835 et
2344 5779 2546 5834 eodem
2566 5775 2737 5832 modo
2755 5772 3103 5841 coloratum;
3124 5775 3180 5829 et
3200 5786 3583 5844 quaecumque
3606 5770 3726 5828 alia
3745 5772 3928 5829 simul
