4160 6446
237 352 358 414 938

238 485 359 541 Hoc
381 486 532 541 enim
558 483 934 558 quaestionem
961 484 1116 553 facit,
1144 485 1280 559 quia
1298 488 1578 559 scriptum
1603 493 1711 555 est,
1738 489 1891 545 Chri-

234 579 382 630 stum
410 577 507 631 Dei
536 577 815 642 virtutem,
847 578 896 631 et
926 577 1023 631 Dei
1069 578 1399 646 sapientiam
1450 578 1495 650 (Ι
1531 577 1649 634 Cor.
1684 595 1723 649 ι,
1755 579 1847 650 24)
1876 596 1889 634 :

237 672 437 719 utrum
472 664 551 720 ita
582 664 660 719 sit
690 670 851 736 pater
882 665 1179 736 sapientiae
1213 673 1387 738 atque
1409 668 1639 722 virtutis
1663 685 1803 733 suae,
1830 672 1893 723 ut

237 753 350 809 bac
372 754 660 825 sapientia
680 755 911 825 sapiens
934 755 1012 809 sit
1034 771 1208 827 quam
1235 757 1459 827 genuit,
1482 762 1540 812 et
1556 757 1662 812 hac
1681 756 1893 812 virtute

240 848 451 916 potens
464 859 639 914 quam
657 845 942 915 genuit;et
955 844 1091 915 quia
1105 860 1336 915 semper
1349 850 1553 915 potens
1566 850 1620 899 et
1634 845 1888 915 sapiens,

240 949 475 1003 semper
498 933 701 1003 genuit
725 932 999 987 virtutem
1031 938 1087 987 et
1129 934 1500 1004 sapientiam.
1553 934 1889 988 Dixeramus

242 1020 401 1076 enim
434 1021 481 1075 si
516 1022 599 1075 ita
628 1026 736 1087 est,
773 1038 878 1075 cur
908 1038 1019 1076 non
1051 1026 1109 1076 et
1141 1023 1565 1093 magnitudinis
1586 1040 1703 1077 suae
1733 1028 1895 1093 pater

244 1110 322 1165 sit
339 1127 455 1181 qua
473 1126 726 1181 magnus
745 1115 852 1176 est,
873 1110 1220 1165 etbonitatis
1233 1128 1348 1181 qua
1361 1111 1571 1174 bonus.
1590 1111 1890 1181 etjustitiaa

244 1216 364 1271 qua
391 1200 608 1269 justus,
643 1203 699 1253 et
728 1198 841 1254 alia
872 1198 919 1254 si
951 1216 1068 1270 qua
1097 1199 1282 1254 sunt?
1313 1204 1429 1255 Aut
1460 1200 1507 1255 si
1549 1200 1667 1254 haec
1698 1199 1895 1255 omnia

243 1288 517 1360 pluribus
537 1287 837 1344 vocabulis
863 1288 919 1343 in
945 1289 1147 1344 eadem
1180 1290 1467 1360 sapientia
1491 1296 1547 1344 et
1574 1290 1784 1344 virtute
1808 1290 1892 1343 in-

242 1377 610 1449 telliguntur,
645 1383 706 1433 ut
735 1395 802 1433 ea
832 1378 909 1434 sit
940 1379 1279 1448 magnitudo
1311 1396 1435 1450 quas
1469 1380 1678 1443 virtus,
1709 1395 1775 1434 ea
1802 1380 1892 1434 bo-

247 1468 403 1523 nitas
437 1484 563 1538 quaa
594 1466 904 1539 sapientia,
953 1473 1010 1522 et
1061 1484 1129 1523 ea
1185 1484 1391 1524 rursus
1448 1468 1736 1539 sapientia
1766 1486 1891 1539 quas

243 1556 452 1621 virtus,
475 1556 629 1611 sicut
652 1557 778 1627 jam
811 1557 1227 1625 tractavimus;
1262 1557 1724 1625 meminerimus,
1759 1574 1891 1613 cum

246 1645 467 1717 aliquid
502 1645 711 1700 horum
743 1645 1002 1714 nomino,
1035 1645 1119 1701 sic
1151 1646 1555 1718 accipiendum
1583 1662 1731 1717 esse,
1757 1663 1821 1701 ac
1842 1646 1893 1703 si

246 1736 447 1791 omnia
467 1751 940 1791 commemorem.
965 1735 1252 1799 Quaeritur
1271 1752 1406 1807 ergo
1429 1754 1501 1792 an
1526 1736 1696 1792 Pater
1717 1736 1892 1792 etiam

243 1824 517 1897 singulus
540 1825 613 1879 sil
626 1824 881 1897 sapiens,
897 1830 1073 1896 atque
1088 1824 1219 1897 ipsa
1235 1825 1343 1881 sibi
1360 1826 1484 1897 ipse
1497 1826 1804 1898 sapientia,
1820 1843 1893 1881 an

247 1916 328 1970 ita
348 1914 426 1969 sit
448 1914 685 1986 sapiens
701 1914 994 1985 quomodo
1014 1914 1236 1972 dicens.
1253 1914 1441 1971 Verbo
1460 1915 1613 1970 enim
1632 1916 1782 1987 quod
1804 1931 1895 1987 ge~

247 2004 377 2058 nuit
398 2004 599 2059 dicens
620 2009 737 2070 est;
763 2020 876 2059 non
901 2005 1073 2059 verbo
1096 2004 1250 2074 quod
1275 2004 1581 2075 profertur,
1616 2010 1671 2059 et
1700 2009 1890 2072 sonat,

246 2097 305 2147 et
327 2092 571 2161 transit;
597 2094 696 2149 sed
720 2092 907 2148 Verbo
929 2094 1084 2163 quod
1107 2098 1231 2148 erat
1260 2094 1412 2165 apud
1439 2093 1643 2165 Deum,
1667 2099 1722 2149 et
1746 2099 1896 2149 Deus

245 2188 372 2237 erat
393 2182 669 2247 Verbum,
703 2187 761 2238 st
782 2182 979 2237 omnis.
1002 2200 1103 2254 per
1133 2182 1326 2254 ipsum
1361 2183 1506 2238 facta
1536 2187 1677 2238 sunt
1706 2183 1892 2254 (Joan.

246 2290 284 2339 ι,
320 2273 371 2341 1,
404 2271 497 2342 3):
534 2272 722 2326 Verbo
756 2271 963 2342 aequati
997 2271 1130 2339 sibi,
1174 2287 1289 2343 quo
1339 2288 1573 2343 semper
1600 2277 1774 2344 atque
1806 2272 1893 2327 in-

243 2358 744 2415 commutabiliter
781 2360 923 2414 dicit
952 2376 1014 2415 se
1063 2359 1277 2430 ipsum.
1311 2360 1435 2415 Non
1468 2365 1556 2416 est
1584 2360 1739 2415 enim
1773 2362 1897 2433 ipse

240 2448 508 2514 verbum,
543 2448 695 2503 sicut
728 2465 831 2503 nec
865 2448 1039 2518 titius,
1067 2466 1170 2503 nec
1195 2450 1403 2519 imago.
1431 2450 1640 2505 Dicens
1662 2456 1891 2506 autem:

241 2539 499 2609 exceptis
521 2538 635 2593 illis
658 2538 1079 2609 temporalibus
1102 2539 1343 2594 vocibus
1369 2539 1484 2605 Dei,
1510 2556 1636 2611 quae
1662 2540 1718 2593 in
1739 2556 1895 2595 crea-

241 2632 378 2682 tura
409 2628 597 2692 ﬁuut;
632 2643 766 2681 nam
798 2632 1031 2694 sonant,
1067 2632 1123 2682 et
1151 2632 1493 2682 transeunt:
1529 2629 1896 2701 dicens-ergo

242 2716 345 2771 illo
376 2722 659 2771 coaeterno
691 2716 899 2785 Verbo,
933 2733 1044 2771 non
1096 2717 1352 2789 singulis
1394 2717 1761 2789 intelligitur,
1796 2720 1895 2773 sed

245 2822 376 2861 cum
411 2805 537 2876 ipso
568 2804 777 2872 Verbo,
810 2805 935 2860 sine
977 2823 1091 2876 quo
1142 2823 1257 2860 non
1307 2811 1395 2861 est
1442 2806 1643 2877 utique
1675 2807 1896 2862 dicens.

248 2897 411 2951 Itane
441 2900 497 2950 et
528 2896 761 2966 sapiens
793 2896 945 2950 sicut
975 2895 1195 2961 dicens,
1243 2900 1307 2950 ut
1356 2896 1434 2951 ita
1482 2896 1559 2951 sit
1589 2896 1896 2967 sapientia,

252 2985 405 3040 sicut
436 2985 713 3051 Verbum,
738 2985 921 3039 ethoc
944 2984 1021 3039 sit
1044 2986 1298 3040 Verbum
1333 3001 1459 3040 esse
1484 2986 1639 3056 quod
1663 2990 1749 3040 est
1771 3002 1899 3041 esse

256 3073 603 3145 sapientiam
631 3092 643 3141 ;
679 3073 787 3129 hoc
816 3073 991 3128 etiam
1027 3090 1153 3129 esse
1200 3074 1497 3140 virtutem,
1540 3078 1603 3129 ut
1631 3074 1814 3130 virtus
1846 3079 1903 3131 et

257 3162 548 3234 sapientia
577 3168 633 3217 et
665 3162 915 3218 Verbum
950 3163 1104 3218 idem
1153 3163 1250 3225 sit,
1284 3168 1341 3218 et
1387 3162 1621 3219 relative
1652 3164 1899 3234 dicatur,

252 3251 406 3307 sicut
422 3250 601 3306 Filius
618 3256 675 3306 et
690 3251 915 3324 imago:
938 3256 1111 3324 atque
1128 3251 1227 3308 ille
1248 3269 1362 3307 non
1381 3252 1648 3324 singulus
1670 3259 1897 3325 potens,

250 3339 340 3395 vel
364 3340 619 3412 sapiens,
646 3341 744 3396 sed
779 3358 911 3395 cum
935 3341 1063 3412 ipsa
1083 3342 1297 3397 virtute
1320 3348 1375 3397 et
1404 3343 1690 3413 sapientia
1719 3360 1897 3414 quam

248 3429 454 3501 genuit
481 3446 494 3496 ;
528 3429 683 3483 sicut
714 3446 827 3483 non
862 3429 1131 3501 singulus
1157 3431 1376 3495 dicens,
1401 3432 1500 3486 sed
1524 3448 1589 3486 eo
1615 3432 1819 3502 Verbo,
1842 3444 1897 3488 et

248 3534 383 3573 cum
413 3534 477 3572 eo
502 3517 687 3573 Verbo
709 3519 860 3589 quod
886 3519 1124 3590 genuit;
1160 3525 1335 3591 atque
1361 3520 1439 3574 ita
1472 3537 1721 3592 magnus
1754 3538 1820 3576 ea
1839 3526 1897 3576 et

242 3624 380 3661 cum
414 3624 481 3661 ea
508 3608 909 3678 magnitudine
950 3625 1124 3678 quam
1159 3610 1410 3681 genuit?
1439 3610 1505 3664 Et
1553 3610 1599 3663 si
1636 3627 1748 3665 non
1782 3610 1894 3665 alio

240 3713 513 3768 magnus,
547 3696 660 3751 alio
684 3697 856 3762 Deus,
892 3697 989 3750 sed
1026 3713 1090 3752 eo
1123 3714 1373 3769 magnus
1406 3714 1521 3769 quo
1557 3703 1723 3767 Deus,
1759 3698 1895 3770 quia

242 3801 359 3838 non
393 3784 551 3839 aliud
584 3784 665 3839 illi
695 3790 784 3839 est
817 3802 1095 3857 magnum
1128 3802 1276 3855 esse,
1310 3786 1465 3840 aliud
1510 3785 1689 3841 Deum
1724 3804 1889 3855 esse;

240 3890 611 3944 consequens
634 3880 721 3928 est
744 3878 807 3928 ut
834 3890 938 3928 nec
958 3878 1103 3928 Deus
1127 3873 1419 3946 singulus,
1452 3876 1551 3929 sed
1578 3893 1645 3931 ea
1672 3882 1729 3931 et
1760 3894 1890 3932 cum

242 3977 311 4016 ea
337 3961 551 4017 deitate
569 3979 742 4033 quam
764 3962 984 4033 genuit,
1007 3962 1170 4016 utsic
1188 3963 1264 4017 sit
1283 3963 1463 4019 Filius
1482 3966 1667 4019 deitas
1683 3964 1888 4033 Patris,

241 4050 399 4105 sicut
419 4050 709 4122 sapientia
731 4056 787 4106 et
808 4051 991 4105 virtus
1020 4051 1222 4117 Patris,
1247 4056 1305 4106 et
1326 4052 1496 4108 sicuti
1527 4059 1614 4107 est
1635 4053 1888 4110 Verbum

240 4144 299 4195 et
324 4140 516 4212 imago
540 4140 743 4195 Patris.
773 4142 839 4195 Et
861 4139 998 4211 quia
1021 4158 1132 4195 non
1156 4140 1314 4196 aliud
1340 4140 1419 4195 illi
1443 4151 1527 4197 est
1559 4158 1708 4209 esse,
1733 4143 1888 4199 aliud

243 4232 424 4283 Deum
448 4245 596 4299 esse,
621 4229 701 4283 ita
724 4230 800 4284 sit
820 4229 994 4284 etiam
1021 4230 1275 4285 essentia
1291 4230 1479 4284 Patris
1498 4230 1696 4298 Filius,
1715 4232 1889 4287 sicuti

238 4321 332 4372 est
352 4317 604 4373 Verbum
629 4322 684 4374 et
706 4318 898 4389 imago
922 4318 1069 4388 ejus.
1096 4324 1173 4373 Ac
1197 4335 1298 4389 per
1318 4318 1426 4374 hoc
1455 4320 1628 4375 etiam
1652 4325 1885 4391 excepto

238 4423 307 4462 eo
330 4407 479 4478 quod
512 4408 672 4462 Pater
696 4415 803 4473 est,
832 4424 943 4462 non
964 4408 1043 4461 sit
1063 4406 1281 4479 aliquid
1307 4412 1489 4473 Pater,
1511 4409 1623 4463 nisi
1648 4410 1785 4480 quia
1799 4415 1890 4467 est

238 4494 290 4549 ei
319 4495 529 4550 Filius:
556 4502 619 4551 ut
642 4512 753 4551 non
781 4501 1005 4551 tantum
1032 4496 1086 4549 id
1112 4498 1264 4567 quod
1288 4496 1501 4551 dicitur
1525 4498 1706 4563 Pater,
1731 4500 1886 4570 quod

240 4584 617 4638 manifestum
653 4590 741 4640 est
763 4602 894 4639 eum
932 4602 1041 4639 non
1077 4586 1148 4638 ad
1184 4602 1245 4639 se
1294 4586 1512 4656 ipsum,
1548 4587 1645 4641 sed
1680 4589 1749 4642 ad
1794 4589 1887 4643 Fi-

238 4672 385 4726 lium
417 4672 649 4727 relative
670 4674 804 4739 dici,
829 4681 884 4728 et
908 4674 1033 4727 ideo
1076 4674 1299 4728 Patrem
1327 4674 1465 4744 quia
1484 4679 1571 4730 est
1591 4676 1639 4730 ei
1667 4675 1885 4745 Filius;

239 4761 341 4816 sed
368 4761 606 4817 omnino
632 4768 695 4817 ut
720 4762 797 4817 sit
818 4763 969 4833 quod
992 4764 1061 4816 ad
1088 4779 1149 4817 se
1175 4764 1368 4834 ipsum
1386 4768 1494 4830 est,
1514 4763 1641 4819 ideo
1660 4765 1890 4836 sitquia

238 4850 772 4921 genuitessentiam
798 4869 987 4906 suam.
1015 4852 1176 4906 Sicut
1196 4850 1348 4905 enim
1376 4869 1624 4924 magnus
1644 4859 1749 4923 est,
1771 4871 1884 4909 non

238 4938 351 4994 nisi
376 4954 442 4993 ea
464 4956 639 5012 quam
663 4941 863 5012 genuit
885 4940 1291 5012 magnitudine
1316 4958 1329 5008 ;
1357 4941 1437 4995 ita
1457 4946 1510 4996 et
1531 4947 1618 4997 est
1641 4959 1754 4999 non
1775 4943 1887 4999 nisi

237 5044 308 5083 ea
331 5045 504 5099 quam
529 5030 733 5100 genuit
753 5031 1034 5098 essentia;
1061 5029 1195 5101 quia
1219 5046 1331 5084 non
1352 5036 1440 5085 est
1456 5030 1614 5085 aliud
1636 5031 1714 5086 illi
1736 5049 1883 5101 esse,

237 5114 396 5171 aliud
427 5134 702 5185 magnum
735 5135 880 5174 esse.
916 5118 1075 5173 Itane
1106 5118 1288 5189 igitur
1319 5123 1483 5189 pater
1512 5124 1600 5174 est
1619 5121 1886 5177 essentia

235 5222 379 5275 sum,
405 5206 557 5261 sicut
581 5212 744 5278 pater
760 5212 848 5263 est
863 5207 1289 5279 magnitudinis
1303 5223 1444 5270 suae,
1460 5207 1613 5262 sicut
1626 5214 1887 5279 paterest

232 5296 469 5351 virtutis
486 5313 552 5351 ac
571 5296 867 5367 sapientia
886 5298 1045 5353 suae?
1062 5296 1273 5351 Eadem
1291 5295 1502 5367 quippe
1514 5296 1642 5367 ejus
1657 5300 1885 5370 magni-

233 5385 377 5440 tudo
404 5402 527 5454 quaa
559 5385 762 5453 virtus,
786 5392 843 5443 et
864 5387 1064 5442 eadem
1090 5385 1344 5441 essentia
1368 5402 1495 5456 quae
1519 5387 1881 5457 magnitudo.

303 5509 357 5565 2.
392 5510 519 5566 Hzec
550 5511 875 5582 disputatio
908 5517 1044 5567 nata
1073 5516 1163 5567 est
1193 5528 1260 5566 ex
1311 5528 1377 5567 eo
1410 5511 1563 5582 quod
1597 5512 1881 5584 scriptum

236 5605 345 5669 est,
382 5600 658 5656 Christum
686 5617 813 5657 esse
840 5602 941 5657 Dei
967 5602 1233 5656 virtutem
1282 5608 1332 5656 et
1381 5601 1484 5656 Dei
1527 5602 1879 5671 sapientiam.

235 5690 603 5764 Quapropter
622 5690 679 5745 in
703 5705 800 5746 eas
820 5689 1124 5764 angustias
1146 5705 1336 5746 sermo
1368 5692 1712 5761 coarctatur,
1746 5707 1881 5749 cum

1615 351 1846 418 LIBER
1890 357 2307 421 SEPTIMUS.

3524 365 3642 430 934

1996 489 2313 547 ineffabilia
2330 492 2430 546 fari
2448 494 2736 565 cupimus,
2755 497 3504 553 utautdicamustristum
3523 516 3638 554 non

1999 594 2127 634 esse
2154 580 2247 634 Dei
2271 581 2536 637 virtutem
2562 589 2619 638 et
2644 585 2734 638 Dei
2760 586 3127 657 sapientiam,
3152 586 3425 658 atqueita
3443 587 3518 642 im
3532 606 3639 659 pu-

1998 667 2200 723 denter
2220 676 2275 723 et
2306 670 2483 742 impie
2512 672 2855 728 resistamus
2882 674 3183 744 Apostolo:
3218 683 3318 729 aut
3343 676 3636 732 Christum

1998 758 2233 827 quidem
2257 764 2351 813 Dei
2369 760 2637 815 virtutem
2654 762 3180 833 etDeisapientiam
3195 781 3321 819 esse
3335 766 3639 835 fateamur,

1999 846 2098 899 sed
2116 848 2243 916 ejus
2266 848 2489 903 Patrem
2515 867 2626 904 non
2646 867 2771 905 esse
2788 857 3009 922 patrem
3024 852 3255 907 virtutis
3268 859 3324 909 et
3341 848 3655 925 sapientiai

1999 951 2137 995 sua.
2156 939 2310 1006 quod
2326 955 2439 991 non
2458 940 2651 993 minus
2666 940 2911 1011 impium
2928 942 3124 1006 est;sic
3138 943 3292 996 enim
3312 959 3414 998 nec
3428 944 3641 1000 Christi

1997 1024 2107 1076 erit
2132 1029 2311 1091 pater,
2337 1028 2476 1096 quia
2496 1027 2760 1083 Christus
2792 1028 2891 1084 Dei
2922 1029 3104 1084 virtus
3141 1035 3198 1085 et
3226 1030 3323 1086 Dei
3356 1033 3645 1103 sapientia

2003 1117 2093 1167 est
2120 1130 2132 1167 :
2157 1120 2257 1168 aut
2278 1132 2389 1169 non
2414 1133 2541 1171 esse
2566 1116 2791 1172 Patrem
2811 1118 3021 1173 virtute
3053 1136 3160 1173 sua
3192 1126 3507 1190 potentem,
3544 1139 3642 1177 ne-

2004 1216 2117 1272 que
2148 1202 2432 1273 sapientia
2464 1221 2570 1259 sua
2599 1205 2925 1276 sapientem
2953 1225 2966 1273 ;
3000 1208 3151 1278 quod
3178 1209 3312 1279 quis
3334 1210 3544 1264 audeat
3565 1211 3646 1265 di-

1996 1305 2125 1345 cere
2141 1290 2440 1347 Pautaliud
2462 1292 2518 1347 in
2540 1294 3127 1367 Patreintetligiesse.
3143 1296 3301 1352 aliud
3318 1298 3644 1369 sapientem

1996 1394 2144 1445 esse,
2181 1385 2243 1434 ut
2274 1399 2385 1436 non
2420 1381 2529 1437 hoc
2557 1384 2681 1455 ipso
2705 1385 2782 1439 sit
2814 1402 2929 1453 quo
2963 1386 3199 1457 sapiens
3227 1391 3355 1455 est;
3389 1388 3541 1458 quod
3572 1389 3645 1443 de

1997 1468 2196 1523 anima
2224 1469 2467 1542 intelligi
2499 1472 2665 1539 solet,
2699 1489 2824 1543 quae
2857 1473 3001 1529 alias
3033 1475 3338 1547 insipiens,
3373 1476 3519 1532 alias
3551 1494 3646 1532 sa-

1996 1557 2163 1627 piens
2185 1564 2292 1623 est,
2316 1559 2469 1615 velut
2490 1566 2699 1616 natura
2721 1562 3046 1629 mutabilis,
3068 1569 3125 1618 et
3143 1581 3256 1619 non
3273 1582 3503 1620 summe
3524 1583 3650 1637 per-

1997 1645 2260 1718 fectaque
2281 1647 2561 1720 simplex:
2588 1655 2687 1705 aut
2711 1654 2938 1705 Patrem
2963 1668 3078 1707 non
3102 1669 3230 1708 esse
3251 1652 3472 1726 aliquid
3496 1655 3565 1709 ad
3587 1672 3649 1710 se

1997 1733 2216 1806 ipsum,
2252 1741 2311 1791 et
2342 1754 2453 1791 non
2486 1737 2674 1793 solum
2710 1740 2861 1810 quod
2903 1739 3070 1795 Pater
3116 1747 3223 1811 est,
3274 1742 3373 1797 sed
3406 1743 3646 1799 omnino

1999 1825 2153 1895 quod
2187 1830 2294 1896 est,
2330 1826 2399 1881 ad
2448 1826 2654 1882 Filium
2709 1828 2945 1884 relative
2993 1830 3127 1885 dici.
3179 1833 3479 1895 Quomodo
3509 1848 3646 1905 ergo

1999 1912 2263 1983 ejusdem
2290 1914 2554 1970 essentia:
2575 1915 2753 1971 Filius
2772 1917 2941 1987 cujus
2962 1917 3146 1989 Pater,
3167 1921 3644 1992 quandoquidem

2000 2002 2069 2056 ad
2095 2018 2156 2057 se
2179 2002 2396 2073 ipsum,
2424 2021 2527 2059 nec
2550 2005 2807 2060 essentia
2826 2010 2935 2072 est,
2960 2023 3064 2061 nec
3095 2008 3332 2063 omnino
3363 2014 3453 2064 est
3483 2010 3553 2063 ad
3586 2025 3647 2064 se

2000 2090 2218 2162 ipsum,
2232 2092 2331 2146 sed
2348 2092 2520 2147 etiam
2536 2109 2666 2149 esse
2679 2094 2968 2150 adFilium
2984 2094 3065 2150 illi
3080 2102 3169 2151 est
3186 2097 3444 2152 PAtenim
3460 2096 3646 2153 multo

2000 2179 2187 2251 magis
2205 2180 2380 2235 unius
2403 2182 2786 2254 ejusdemque
2809 2185 3095 2249 essentiaa,
3119 2185 3258 2256 quia
3281 2203 3395 2240 una
3417 2188 3651 2242 eadem-

1998 2286 2112 2339 que
2124 2269 2377 2325 essentia
2390 2271 2554 2326 Pater
2566 2278 2623 2325 et
2639 2271 2819 2327 Filius
2837 2290 2848 2339 ;
2867 2289 2897 2343 q
2912 2274 3347 2345 uandoquiclem
3364 2275 3517 2330 Patri
3534 2293 3647 2331 non

2000 2358 2070 2412 ad
2105 2376 2165 2413 se
2197 2358 2387 2429 ipsum
2422 2364 2509 2413 est
2540 2359 2734 2431 ipsum
2767 2378 2914 2426 esse,
2946 2362 3045 2415 sed
3077 2362 3146 2417 ad
3181 2361 3410 2429 Filium,
3446 2367 3643 2432 quam‘

2000 2447 2314 2501 essentiam
2348 2447 2568 2519 genuit,
2603 2453 2659 2503 et
2691 2466 2808 2519 qua
2838 2450 3094 2505 essentia
3116 2456 3204 2506 est
3224 2452 3508 2523 quidquid
3535 2458 3645 2508 est.

1999 2536 2215 2591 Neuter
2233 2552 2369 2609 ergo
2392 2538 2460 2591 ad
2488 2554 2548 2592 se
2569 2543 2677 2604 est,
2704 2544 2765 2592 ut
2789 2545 3029 2610 uterque
3052 2541 3121 2594 ad
3146 2540 3388 2596 invicem
3412 2541 3644 2598 relative

2001 2624 2214 2679 dicitur
2229 2643 2241 2679 :
2258 2643 2329 2679 an
2348 2625 2685 2682 Patersolus
2702 2645 2811 2682 non
2828 2627 3018 2683 solum
3033 2630 3186 2700 quod
3212 2634 3379 2686 Pater
3409 2632 3642 2702 dicitur,

2002 2714 2101 2769 sed
2125 2714 2362 2769 omnino
2384 2716 2672 2786 quidquid
2695 2717 2910 2771 dicitur
2932 2717 3163 2772 relative
3185 2720 3254 2773 ad
3279 2719 3485 2775 Filium
3507 2720 3652 2775 dici-

2002 2807 2135 2869 tur;
2161 2802 2254 2857 ille
2276 2809 2470 2858 autem
2494 2805 2706 2859 dicitur
2726 2810 2782 2859 et
2803 2806 2873 2860 ad
2900 2823 2961 2860 se
2981 2806 3008 2860 ?
3038 2812 3094 2862 et
3125 2807 3203 2861 ita
3233 2812 3341 2874 est,
3376 2809 3515 2879 quid
3557 2809 3648 2863 di-

2004 2891 2155 2946 citur
2176 2893 2245 2946 ad
2269 2894 2393 2947 se”?
2414 2910 2484 2947 an
2520 2894 2647 2965 ipsa
2686 2895 2937 2950 essentia
2959 2895 2986 2949 ‘I
3025 2897 3124 2951 sed
3171 2896 3356 2951 Patris
3396 2898 3654 2954 essentia

2004 2980 3653 3056 estFilius,sicutPatrisvirtusetsapientia,sicutVerbum

2004 3071 2191 3125 Patris
2214 3076 2271 3126 et
2291 3071 2484 3143 imago
2508 3072 2728 3129 Patris:
2755 3078 2856 3128 aut
2877 3073 2924 3128 si
2948 3075 3223 3142 essentia,
3259 3075 3474 3130 dicitur
3494 3078 3563 3131 ad
3589 3093 3651 3133 se

2005 3158 2205 3229 Filius,
2242 3164 2409 3215 Pater
2438 3166 2631 3215 autem
2666 3178 2779 3217 non
2830 3170 2914 3216 est
2963 3163 3239 3231 essentia,
3288 3164 3389 3219 sed
3422 3166 3649 3238 genitor

2003 3250 2288 3317 essentiaa,
2321 3266 2435 3305 non
2468 3254 2557 3305 est
2588 3255 2779 3305 autem
2813 3251 2882 3305 ad
2916 3268 2978 3306 se
3027 3252 3242 3323 ipsum,
3285 3253 3386 3308 sed
3418 3255 3485 3309 ad
3520 3254 3650 3327 ipsa

2001 3339 2253 3393 essentia
2284 3354 2459 3409 quam
2490 3340 2709 3411 genuit,
2743 3339 2894 3395 sicut
2926 3339 3032 3395 hac
3078 3340 3206 3412 ipsa
3248 3342 3647 3413 magnitudine

2002 3443 2253 3496 magnus
2276 3444 2449 3498 quani
2476 3428 2713 3500 genuit;
2739 3445 2874 3499 ergo
2896 3434 2954 3483 et
2976 3430 3316 3501 magnitudo
3338 3430 3553 3486 dicitur
3574 3431 3646 3486 ad

2001 3532 2062 3571 se
2086 3516 2286 3577 Filius,
2314 3534 2449 3586 ergo
2480 3523 2532 3570 et
2566 3516 2769 3583 virtus,
2803 3524 2859 3573 et
2889 3518 3194 3588 sapientia,
3227 3524 3283 3573 et
3314 3518 3567 3575 Verbum
3593 3524 3649 3575 et

1998 3604 2212 3675 imago.
2243 3606 2387 3670 Quid
2421 3610 2613 3660 autem
2649 3606 2979 3671 absurdius,
3012 3623 3187 3678 quam
3224 3608 3538 3680 imaginem
3574 3610 3646 3665 ad

1998 3711 2058 3749 se
2090 3694 2202 3748 dici
2225 3694 2251 3746 ‘?
2282 3696 2392 3747 Aut
2423 3695 2467 3748 si
2505 3712 2616 3748 non
2652 3696 2908 3766 idipsum
2942 3701 3030 3751 est
3060 3696 3251 3769 imago
3282 3704 3339 3753 et
3360 3700 3641 3765 Verbum,

1998 3783 2148 3853 quod
2184 3786 2273 3836 est
2304 3782 2487 3837 virtus
2526 3788 2582 3838 et
2628 3785 2935 3855 sapientia,
2986 3786 3086 3839 sed
3139 3786 3237 3841 illa
3284 3786 3517 3842 relative
3551 3788 3638 3842 di-

1997 3876 2229 3937 cuntur,
2265 3871 2383 3925 haec
2412 3877 2605 3927 autem
2641 3874 2709 3927 ad
2735 3890 2819 3940 se,
2842 3890 2957 3928 non
2980 3875 3051 3929 ad
3075 3874 3233 3929 aliud
3260 3893 3272 3942 ;
3298 3876 3501 3947 incipit
3522 3893 3636 3931 non

1996 3977 2062 4016 ea
2092 3960 2379 4032 sapientia
2408 3977 2584 4033 quam
2616 3962 2836 4033 genuit,
2870 3962 3101 4034 sapiens
3132 3980 3259 4019 esse
3294 3964 3473 4034 Pater,
3498 3967 3638 4037 quia

1997 4066 2110 4103 non
2147 4054 2335 4120 potest
2364 4050 2487 4121 ipse
2517 4050 2585 4104 ad
2622 4067 2748 4106 eam
2782 4051 3015 4107 relative
3045 4052 3181 4122 dici,
3216 4058 3270 4107 et
3292 4052 3392 4109 illa
3411 4055 3480 4109 ad
3504 4071 3639 4110 eum

1995 4138 2230 4193 relative
2264 4156 2376 4193 non
2411 4138 2542 4193 dici.
2577 4139 2786 4195 Omnia
2817 4141 2972 4195 enim
3004 4158 3130 4213 qua:
3171 4142 3404 4197 relative
3437 4143 3647 4199 dicun-

1994 4231 2109 4297 tur,
2146 4229 2213 4281 ad
2250 4228 2494 4282 invicem
2530 4229 2825 4283 dicuntur.
2878 4229 3080 4285 Restat
3128 4231 3325 4301 itaque
3377 4238 3440 4286 ut
3468 4232 3648 4288 etiam

1994 4316 2251 4371 essentia
2279 4316 2458 4371 Filius
2492 4316 2726 4372 relative
2767 4318 2999 4373 dicatur
3027 4320 3095 4373 ad
3146 4323 3398 4376 Patrem.
3431 4321 3510 4376 Ex
3534 4339 3651 4391 quo

1996 4405 2307 4460 conficitur
2337 4405 2847 4476 inopinatissimus
2878 4424 3111 4475 sensus,
3145 4414 3208 4462 ut
3239 4410 3367 4481 ipsa
3393 4411 3651 4466 essentia

1998 4511 2111 4549 non
2146 4494 2222 4548 sit
2250 4494 2542 4549 essentia:
2587 4494 2673 4551 vel
2723 4501 2878 4551 certe
2920 4514 3053 4552 cum
3105 4498 3319 4553 dicitur
3363 4500 3640 4567 essentia,

1998 4601 2113 4638 non
2156 4574 2427 4653 essentia,
2476 4585 2574 4639 sed
2625 4582 2929 4640 relativum
2977 4586 3286 4643 indicetur.
3341 4589 3640 4653 Quomodo

1996 4688 2128 4726 cum
2163 4671 2376 4725 dicitur
2404 4672 2698 4740 dominus,
2734 4691 2847 4728 non
2893 4676 3149 4731 essentia
3194 4676 3503 4747 indicatur,
3538 4677 3639 4732 sed

1998 4760 2300 4816 relativum
2335 4762 2524 4831 quod’
2555 4764 2801 4817 refertur
2838 4764 2910 4819 ad
2960 4781 3232 4833 servum;
3281 4782 3415 4822 cum
3449 4770 3643 4821 autem

1997 4851 2169 4905 homo
2201 4850 2434 4916 dicitur,
2468 4850 2554 4905 vel
2590 4850 2812 4923 aliquid
2841 4852 2976 4921 tale,
3020 4855 3171 4925 quod
3207 4854 3279 4908 ad
3312 4871 3395 4921 se,
3427 4872 3539 4909 non
3573 4856 3642 4910 ad

1992 4938 2149 4993 aliud
2184 4938 2418 5005 dicitur,
2453 4944 2595 4994 tunc
2629 4940 2925 4996 indicatur
2974 4942 3245 4997 essentia.
3300 4943 3481 4997 Homo
3511 4959 3647 5014 ergo

1992 5043 2125 5082 cum
2152 5028 2428 5083 dominus
2452 5027 2686 5095 dicitur,
2710 5032 2835 5101 ipse
2857 5030 3032 5085 homo
3053 5032 3306 5087 essentia
3327 5036 3433 5102 est,
3459 5031 3648 5086 domi-

1994 5132 2106 5170 nus
2137 5132 2270 5170 vero
2301 5115 2535 5171 relative
2565 5117 2816 5173 dicitur:
2850 5117 3023 5173 homo
3045 5120 3199 5175 enim
3225 5120 3295 5173 ad
3321 5136 3383 5174 se
3403 5119 3635 5186 dicitur,

1992 5204 2269 5260 dominus
2302 5205 2370 5259 ad
2405 5221 2677 5272 servum;
2728 5208 2835 5261 hoc
2882 5212 3077 5262 autem
3120 5209 3275 5264 unde
3306 5207 3554 5280 agimus,
3591 5208 3639 5265 si

1990 5294 2247 5349 essentia
2277 5293 2405 5366 ipsa
2435 5293 2670 5351 relative
2702 5295 2933 5365 dicitur,
2965 5297 3219 5353 essentia
3248 5298 3377 5370 ipsa
3406 5313 3520 5352 non
3550 5301 3642 5353 est

2055 5456 2071 5489 ί
2107 5454 2219 5502 Duo
2250 5454 2374 5503 Mss.
2419 5466 2588 5515 quem.

2058 5516 2265 5586 ‘_F_2d_iti,
2295 5516 2367 5586 ad
2396 5516 2606 5586 lintrem
2629 5518 2675 5565 et
2704 5517 2779 5565 ad
2803 5532 2855 5567 se
2873 5518 2899 5567 ?
2919 5521 2967 5567 et
2996 5521 3041 5568 si
3061 5522 3143 5586 ita
3173 5523 3262 5586 est,
3294 5519 3423 5586 quid
3452 5519 3646 5586 dicitur

1994 5577 2049 5651 ρ
2066 5578 2207 5651 filio
2237 5578 2311 5627 ad
2335 5593 2387 5628 se
2410 5576 2437 5626 7
2466 5579 2532 5628 At
2561 5580 2683 5628 Mss.
2717 5587 2899 5632 carent
2929 5585 3121 5645 verbis,
3150 5585 3224 5635 ad
3250 5576 3472 5646 Patrem,
3504 5588 3557 5635 et
3584 5582 3642 5638 in

1993 5639 2259 5763 niugditi,
2291 5716 2408 5769 qua.
2440 5703 2506 5755 At
2537 5702 2681 5766 Mss.,
2737 5707 2895 5774 quod.

2419 5466 2588 5515 quem.
