4160 6500
518 375 636 436 935

519 507 791 564 essentia.
818 511 939 561 Huc
962 506 1202 574 accedit,
1230 505 1368 577 quia
1391 504 1581 561 omnis
1599 505 1853 559 essentia
1870 521 1993 574 quae
2018 502 2165 557 rela-

522 598 633 652 tive
654 598 885 664 dicitur,
909 602 999 650 est
1017 596 1194 650 etiam
1222 594 1440 665 aliquid
1466 599 1703 665 excepto
1727 592 1966 648 relativo
1985 609 1995 648 :
2013 592 2167 646 sicut

523 686 694 740 homo
712 686 1005 749 dominus,
1031 689 1084 737 et
1104 684 1276 739 homo
1297 700 1518 749 servus,
1541 686 1598 737 et
1614 684 2163 753 equusjumentum,

520 780 576 829 et
599 790 878 828 nummus
902 773 1096 835 arrha,
1122 772 1297 826 homo
1321 778 1376 827 et
1396 789 1583 842 equus
1605 776 1661 826 et
1691 787 1971 825 nummus
2003 771 2073 824 ad
2106 787 2165 825 se

520 865 813 924 dicuntur.
839 868 896 917 et
915 862 1255 917 substantiae
1280 867 1419 916 sunt
1439 862 1528 915 vel
1551 860 1854 923 essentise;
1888 859 2163 913 dominus

515 968 651 1008 vero
673 958 728 1007 et
750 968 949 1006 servus
971 953 1378 1019 etjumentum
1401 954 1457 1005 et
1487 949 1678 1015 arrha,
1714 949 1782 1003 ad
1815 947 2035 1019 aliquid
2071 964 2164 1002 re-

515 1040 688 1096 lative
710 1040 1005 1094 dicuntur.
1030 1039 1139 1093 Sed
1165 1038 1213 1094 si
1239 1055 1352 1092 non
1375 1043 1529 1093 esset
1550 1037 1743 1103 homo,
1769 1036 1824 1091 id
1848 1040 1936 1090 est
1967 1035 2165 1107 aliqua

515 1128 864 1198 substantia,
887 1144 1001 1183 non
1017 1132 1172 1183 esset
1186 1127 1286 1197 qui
1303 1126 1537 1181 relative
1552 1126 1827 1179 dominus
1843 1124 2159 1180 diceretur:

514 1223 571 1274 et
600 1219 647 1273 si
680 1235 796 1272 non
827 1222 979 1273 esset
1009 1233 1196 1288 equus
1228 1216 1492 1288 quaedam
1543 1214 1817 1278 essentia,
1861 1230 1976 1268 non
2010 1216 2164 1269 esset

514 1307 669 1378 quod
695 1307 1031 1376 jumentum
1069 1304 1307 1359 relative
1340 1304 1664 1358 diceretur:
1701 1303 1780 1357 ita
1810 1303 1858 1356 si
1883 1319 2161 1357 nummus

515 1414 629 1451 non
647 1401 802 1451 esset
820 1395 1018 1465 aliqua
1031 1394 1381 1461 substantia,
1403 1408 1507 1447 nec
1527 1391 1699 1447 arrha
1713 1396 1909 1463 posset
1927 1390 2164 1447 relative

513 1485 646 1540 dici.
682 1487 1047 1554 QuaprOpter
1079 1483 1127 1537 si
1162 1487 1217 1536 et
1252 1482 1412 1537 Pater
1441 1498 1555 1536 non
1604 1486 1693 1536 est
1739 1480 1959 1551 aliquid
1994 1480 2065 1534 ad
2100 1497 2161 1535 se

510 1573 727 1644 ipsum,
761 1588 874 1627 non
910 1577 997 1626 est
1027 1572 1267 1625 omnino
1299 1570 1397 1641 qui
1432 1569 1664 1625 relative
1696 1569 1926 1625 dicatur
1946 1570 2016 1623 ad
2051 1567 2158 1623 ali-

509 1662 668 1733 quid.
697 1662 819 1715 Non
843 1660 1021 1729 enim,
1048 1660 1202 1715 sicut
1226 1660 1295 1713 ad
1320 1658 1541 1729 aliquid
1566 1657 1889 1713 coloratum
1915 1659 2160 1712 refertur

509 1750 667 1806 color
686 1751 837 1818 ejus,
861 1766 964 1803 nec
987 1749 1223 1803 omnino
1245 1748 1315 1802 ad
1341 1764 1402 1802 se
1425 1747 1638 1803 dicitur
1659 1746 1834 1816 color,
1868 1747 1967 1801 sed
2000 1762 2156 1802 sem-

508 1856 612 1912 per
633 1838 882 1908 alicujus
906 1836 1143 1892 colorati
1170 1842 1284 1902 est;
1307 1835 1451 1890 illud
1471 1841 1667 1891 autem
1686 1836 1855 1906 cujus
1874 1840 2031 1890 color
2045 1840 2153 1904 est,

507 1928 681 1984 etiam
708 1928 753 1982 si
787 1943 853 1982 eo
884 1928 1039 1997 quod
1073 1925 1385 1981 colotatum
1420 1926 1653 1995 dicitur,
1688 1926 1756 1980 ad
1784 1930 2034 1980 colorem
2065 1941 2153 1981 re-

508 2020 709 2082 fertur,
735 2020 931 2071 tamen
955 2015 1010 2069 id
1038 2015 1190 2086 quod
1215 2031 1425 2084 corpus
1447 2013 1677 2073 dicitur.
1705 2014 1775 2069 ad
1810 2030 1871 2068 se
1904 2012 2152 2068 dicitur:

508 2103 626 2158 ullo
654 2104 825 2157 modo
848 2103 924 2156 ita
948 2101 1274 2173 putandum
1300 2106 1386 2155 est
1409 2105 1634 2155 Patrem
1659 2118 1773 2156 non
1795 2101 1905 2156 dici
1932 2099 2153 2171 aliquid

505 2192 577 2247 ad
606 2208 666 2247 se
698 2193 917 2262 ipsum,
952 2191 1052 2245 sed
1087 2190 1373 2261 quidquid
1409 2190 1621 2244 dicitur
1649 2190 1719 2244 ad
1756 2190 1963 2244 Filium
1999 2189 2148 2258 dici;

506 2281 778 2336 eumdem
809 2297 940 2335 vero
975 2279 1185 2334 Filium
1219 2284 1275 2333 et
1300 2279 1370 2333 ad
1403 2296 1464 2334 se
1493 2278 1687 2350 ipsum
1721 2279 1856 2347 dici,
1880 2282 1937 2333 et
1957 2278 2025 2333 ad
2052 2283 2152 2333 Pa-

505 2376 675 2435 trem,
691 2386 820 2425 cum
837 2369 1047 2423 dicitur
1060 2368 1402 2439 magnitudo
1418 2369 1910 2440 magna‘et‘yirtus
1924 2373 2148 2440 potens,

504 2460 705 2530 utique
726 2459 797 2513 ad
822 2475 884 2513 se
906 2458 1122 2528 ipsum,
1142 2463 1198 2511 et
1216 2457 1556 2527 magnitudo
1571 2457 1940 2527 atquevirtus
1956 2457 2148 2527 magni

502 2554 557 2603 et
579 2548 831 2620 potentis
856 2547 1065 2613 Patris,
1098 2563 1213 2617 qua
1249 2547 1412 2601 Pater
1443 2562 1691 2617 magnus
1722 2549 1778 2600 et
1814 2552 2016 2618 potens
2038 2551 2146 2601 est.

502 2638 626 2693 Non
652 2653 787 2708 ergo
813 2637 914 2701 ita,
940 2635 1039 2690 sed
1063 2640 1380 2705 utrumque
1399 2634 1742 2704 substantia,
1762 2639 1817 2689 et
1836 2642 2149 2705 utrumque

502 2744 619 2781 una
647 2724 997 2780 substantia.
1042 2724 1206 2779 Sicut
1235 2728 1431 2778 autem
1463 2724 1785 2778 absurdum
1817 2730 1903 2778 est
1934 2724 2144 2791 dicere,

501 2816 813 2871 candidum
838 2830 952 2868 non
980 2830 1107 2868 esse
1125 2812 1433 2867 candorem
1460 2829 1473 2878 ;
1499 2812 1582 2867 sic
1611 2813 1931 2867 absurdum
1954 2823 2037 2867 est
2060 2812 2147 2867 di-

501 2920 647 2973 cere,
671 2902 993 2974 sapientem
1014 2919 1127 2955 non
1147 2918 1273 2956 esse
1291 2900 1639 2972 sapientiam
1662 2902 1912 2956 :etsicut
1930 2902 2148 2957 candor

501 2992 571 3046 ad
605 3009 667 3047 se
698 2993 890 3063 ipsum
923 2991 1208 3045 candidus
1238 2990 1473 3060 dicitur,
1501 2991 1579 3045 ita
1599 2996 1654 3046 et
1674 2990 1960 3062 sapientia
1989 2992 2059 3046 ad
2085 3009 2146 3047 se

501 3084 687 3153 ipsam
721 3081 933 3135 dicitur
962 3080 1216 3150 sapiens.
1252 3080 1361 3134 Sed
1396 3082 1615 3134 candor
1638 3080 1897 3151 corporis
1919 3098 2032 3135 non
2056 3085 2146 3136 est

499 3169 784 3235 essentia;
809 3169 1087 3239 quoniam
1111 3167 1306 3239 ipsum
1330 3184 1542 3239 corpus
1564 3170 1817 3223 essentia
1838 3174 1943 3235 est,
1968 3174 2024 3223 et
2046 3168 2146 3225 illa

499 3261 629 3329 ejus
644 3258 926 3329 qualitas:
945 3258 1097 3311 unde
1112 3262 1167 3311 et
1185 3257 1256 3310 ab
1276 3274 1343 3311 ea
1360 3256 1897 3312 diciturcandidum
1914 3274 2143 3330 corpus,

498 3349 591 3403 cui
613 3364 726 3401 non
753 3346 861 3402 hoc
880 3351 967 3402 est
985 3363 1112 3401 esse
1129 3346 1283 3416 quod
1304 3344 1619 3400 candidum
1638 3362 1785 3401 esse.
1801 3345 1972 3401 Aliud
1986 3347 2143 3402 enim

496 3437 577 3491 ibi
600 3437 806 3504 forma,
828 3441 883 3491 et
901 3435 1057 3491 aliud
1078 3433 1263 3501 color;
1290 3437 1347 3489 et
1366 3440 1680 3505 utrumque
1702 3452 1815 3489 non
1834 3435 1889 3489 in
1907 3453 1968 3491 se
1992 3437 2139 3507 ipso,

500 3528 600 3581 sed
625 3526 682 3580 in
706 3527 904 3597 aliqua
925 3524 1096 3595 mole,
1121 3541 1251 3594 quae
1273 3522 1452 3579 moles
1486 3541 1587 3579 nec
1620 3525 1823 3592 forma,
1859 3542 1961 3580 nec
1988 3526 2145 3582 color

498 3620 610 3681 est,
651 3615 751 3669 sed
794 3614 1043 3669 formata
1085 3618 1142 3668 et
1178 3613 1451 3668 colorata.
1485 3613 1775 3684 Sapientia
1800 3630 1934 3669 vera
1964 3619 2020 3669 et
2049 3632 2142 3670 sa-

497 3703 662 3773 piens
684 3708 792 3772 est,
820 3707 881 3757 et:
897 3719 958 3757 se
981 3703 1108 3772 ipsa
1124 3702 1357 3773 sapiens
1370 3708 1476 3758 est.
1494 3686 1851 3773 thuoniam
1868 3721 2139 3775 quaecun-

496 3808 606 3862 que
640 3792 834 3845 anima
873 3791 1315 3862 participatione
1362 3792 1658 3862 sapientia:
1710 3795 1774 3845 tit
1803 3793 2057 3862 sapiens,
2090 3794 2140 3849 si

495 3897 701 3934 rursus
731 3880 1000 3951 desipiat,
1035 3886 1230 3934 manet
1260 3886 1453 3935 tamen
1488 3882 1542 3935 in
1590 3897 1649 3935 se
1690 3880 2000 3951 sapientia,
2036 3900 2140 3939 nec

494 3985 627 4023 cum
644 3970 840 4023 anima
855 3968 1094 4024 fueritin
1111 3968 1941 4035 stultitiamzcommutata,illa
1956 3978 2141 4027 muta-

493 4064 623 4112 tur:
672 4075 784 4113 non
819 4058 898 4112 ita
927 4058 1099 4112 estin
1134 4075 1199 4112 eo
1230 4058 1329 4128 qui
1363 4075 1431 4112 ex
1460 4075 1527 4112 ea
1560 4058 1621 4112 {it
1650 4059 1901 4129 sapiens,
1935 4076 2138 4129 quem-

494 4148 806 4201 admodum
841 4148 1060 4202 candor
1091 4146 1147 4200 in
1181 4163 1419 4217 corpore
1441 4147 1591 4217 quod
1615 4164 1682 4201 ex
1703 4147 1801 4202 illo
1823 4150 2138 4205 candidum

493 4240 600 4291 est.
626 4236 769 4290 Cum
797 4237 952 4291 enim
979 4253 1186 4307 corpus
1212 4236 1269 4289 in
1290 4236 1468 4290 alium
1488 4235 1737 4291 colorem
1758 4237 1929 4292 fuerit
1947 4244 2135 4294 muta-

492 4328 639 4393 tum,
665 4341 779 4379 non
804 4325 1057 4381 manebit
1082 4325 1300 4379 candor
1321 4324 1436 4391 ille,
1472 4326 1571 4379 sed
1604 4326 1841 4381 omnino
1874 4344 2001 4383 esse
2033 4330 2134 4383 de-

492 4414 662 4469 sinet.
689 4413 849 4476 Quod
872 4415 919 4469 si
944 4420 1001 4469 et
1024 4414 1190 4469 Pater
1212 4416 1307 4485 qui
1344 4414 1543 4483 genuit
1573 4416 1942 4487 sapientiam,
1977 4433 2044 4471 ex
2070 4434 2138 4474 ea.

491 4503 556 4556 ﬁt
577 4502 832 4573 sapiens,
858 4518 1045 4573 neque
1066 4501 1173 4556 hoc
1196 4506 1283 4556 est
1312 4502 1394 4556 illi
1418 4519 1545 4558 esse
1568 4504 1720 4573 quod
1744 4520 1967 4574 sapere,
1992 4522 2132 4576 qua—

490 4589 622 4645 litas
645 4593 772 4661 ejus
796 4596 883 4646 est
906 4590 1085 4645 Filius
1110 4608 1123 4655 ;
1147 4607 1259 4645 non
1286 4590 1476 4662 proles
1498 4592 1645 4660 ejus,
1680 4596 1738 4647 et
1770 4609 1882 4647 non
1919 4592 1997 4648 ibi
2028 4594 2137 4649 erit

482 4680 607 4750 jam
640 4695 873 4734 summa
903 4678 1269 4749 simplicitas.
1300 4680 1409 4734 Sed
1442 4680 1595 4734 absit
1625 4684 1689 4735 ut
1737 4681 1817 4736 ita
1847 4681 1963 4749 sit;
1997 4683 2136 4753 quia

488 4784 618 4823 vere
651 4767 729 4822 ibi
762 4773 851 4822 est
881 4784 1112 4823 summe
1139 4768 1383 4839 simplex
1416 4770 1709 4823 essentia:
1745 4770 1850 4824 hoc
1880 4787 2015 4843 ergo
2047 4777 2136 4827 est

490 4856 567 4911 ibi
600 4873 729 4911 esse
749 4857 901 4927 quod
926 4873 1146 4927 sapere.
1175 4857 1337 4921 Quod
1370 4856 1418 4911 si
1449 4856 1559 4911 hoc
1589 4861 1677 4911 est
1706 4858 1784 4912 ibi
1819 4875 1947 4914 esse
1978 4861 2132 4931 quod

489 4961 833 5017 sapere,non
850 4963 951 5017 per
964 4945 1125 5001 illam
1139 4946 1485 5017 sapientiam
1503 4963 1677 5017 quam
1693 4948 2131 5019 genuitsapiens

489 5040 576 5089 est
599 5039 798 5099 Pater;
824 5035 1083 5105 alioquin
1112 5053 1226 5091 non
1256 5035 1380 5106 ipse
1403 5033 1583 5103 illam,
1608 5035 1707 5089 sed
1744 5034 1838 5089 illa
1869 5053 2000 5092 eum
2034 5055 2129 5109 ge-

492 5125 640 5179 nuit.
665 5124 810 5189 Quid
833 5124 985 5179 enim
1011 5125 1167 5179 aliud
1189 5125 1459 5192 dicimus,
1480 5139 1610 5178 cum
1628 5124 2128 5191 dicimus,Hocilli

490 5220 578 5270 est
596 5230 723 5269 esse
747 5216 897 5286 quod
923 5232 1146 5286 sapere,
1186 5212 1319 5279 nisi,
1346 5214 1422 5268 Eo
1462 5218 1551 5268 est
1591 5230 1704 5285 quo
1745 5215 1976 5286 sapiens
1997 5217 2133 5273 est?

490 5302 849 5375 QuaprOpter
871 5321 995 5375 quas
1018 5320 1195 5358 causa
1217 5302 1300 5357 illi
1324 5306 1411 5357 est
1433 5307 1495 5356 ut
1516 5303 1746 5373 sapiens
1770 5304 1864 5371 sit,
1900 5306 2128 5376 ipsailli

555 5462 570 5494 ¹
604 5460 755 5534 Apud
788 5462 863 5509 Er.
901 5463 1028 5534 Lov.‘
1057 5463 1413 5534 corrumpitur
1442 5475 1632 5534 sensus
1652 5462 1832 5534 addita
1852 5464 2126 5534 particula,

491 5536 631 5599 πρε,
662 5526 713 5571 et
743 5538 921 5599 prava.
941 5525 1160 5596 inducta
1208 5539 1391 5599 vocuo;
1429 5525 1957 5599 niutelrp'un-ctionenin
1987 5528 2131 5579 hunc

490 5584 709 5655 modum
731 5584 819 5634 {et
850 5588 921 5659 ad
946 5601 1000 5634 se
1030 5589 1194 5650 ipsum
1243 5590 1362 5651 dici,
1391 5590 1439 5639 et
1489 5591 1559 5639 ad
1586 5584 1824 5640 'Palrem.
1858 5589 1980 5641 Cum
2009 5606 2130 5657 ergo

491 5645 678 5713 die:th
711 5649 1014 5713 magnitudo
1040 5664 1244 5713 magna.

557 5666 678 5694 mur
711 5666 1014 5713 magnuuao
1040 5666 1244 5715 magna.

557 5708 579 5744 ³
602 5707 773 5775 Forte,
801 5725 860 5764 in
876 5710 1108 5767 stultam.

1636 370 1738 431 DE
1781 369 2237 443 TRINITATE,
2285 367 2348 428 S.
2395 362 2824 429 AUGUSTINI‘

3812 359 3934 422 936

2274 518 2450 557 causa
2479 505 2568 555 est
2598 504 2660 555 ut
2691 500 2793 554 sit:
2828 497 3069 569 proinde
3093 496 3139 551 si
3164 495 3449 567 sapientia
3480 511 3661 566 quam
3695 495 3924 567 genuit,

2273 608 2451 645 causa
2484 589 2567 644 illi
2599 594 2687 643 est
2718 593 2781 643 ut
2830 586 3065 659 sapiens
3097 586 3192 656 sit,
3229 585 3404 640 etiam
3455 590 3521 640 ut
3551 587 3629 639 sit
3660 584 3790 656 ipsa
3837 583 3926 638 illi

2272 696 2451 734 causa
2477 685 2583 733 est.
2609 679 2767 742 Quod
2803 678 2924 732 ﬁeri
2949 694 3059 731 non
3087 680 3295 747 potest,
3325 675 3436 729 nisi
3471 673 3764 746 gignendo
3788 689 3926 728 eum

2272 774 2372 822 aut
2394 768 2673 821 faciendo.
2697 767 2805 821 Sed
2832 782 3018 837 neque
3042 764 3405 836 genitricem,
3432 779 3619 834 neque
3642 762 3926 817 conditri-

2271 873 2392 912 cem
2426 856 2611 911 Patris
2644 855 2760 911 ullo
2784 855 2953 910 modo
2976 855 3287 926 quisquam
3313 853 3519 908 dixerit
3544 852 3922 923 sapientiam.

2270 946 2416 1009 Quid
2449 945 2603 1000 enim
2632 944 2940 999 insanius?
2974 944 3119 1015 Ergo
3150 947 3205 998 et
3235 943 3403 997 Pater
3433 944 3595 1013 ipse’
3631 940 3924 1011 sapientia

2269 1039 2389 1090 est:
2418 1040 2476 1090 et
2498 1035 2579 1089 ita
2609 1033 2822 1089 dicitur
2850 1032 3028 1088 Filius
3059 1030 3346 1104 sapientia
3378 1031 3585 1098 Patris,
3622 1031 3923 1101 quomodo

2269 1122 2691 1178 diciturlumen
2710 1122 2911 1190 Patris;
2933 1122 2985 1176 id
3000 1126 3107 1191 est,
3124 1125 3190 1176 ut
3205 1120 3701 1192 quemadmodum
3716 1119 3923 1175 lumen

2271 1211 2599 1282 delumine,
2622 1216 2679 1267 et
2701 1217 3016 1283 utrumque
3047 1228 3233 1264 unum
3257 1209 3484 1275 lumen;
3520 1209 3603 1265 sic
3632 1208 3923 1281 intelliga-

2267 1304 2366 1356 tur
2382 1301 2667 1371 sapientia
2680 1302 2750 1356 de
2763 1300 3463 1372 sapientia,etutrumque
3479 1316 3595 1353 una
3606 1299 3921 1370 sapientia:

2268 1406 2402 1462 ergo
2434 1396 2491 1446 et
2520 1408 2637 1445 una
2694 1390 2985 1456 essentia;
3018 1389 3161 1460 quia
3211 1389 3316 1444 hoc
3363 1394 3452 1443 est
3480 1387 3560 1443 ibi
3602 1404 3731 1443 esse
3762 1388 3921 1459 quod

2268 1496 2489 1551 sapere.
2515 1481 2675 1545 Quod
2700 1480 2854 1534 enim
2879 1483 2969 1534 est
2991 1478 3290 1549 sapientiaa
3315 1494 3535 1548 sapere,
3568 1481 3623 1531 et
3640 1477 3916 1547 potentiae

2267 1585 2458 1639 posse,
2490 1574 2546 1624 et
2576 1568 2876 1623 aeternitati
2912 1573 3186 1622 eternam
3219 1581 3367 1636 esse,
3393 1566 3641 1637 justitiaa
3680 1568 3913 1636 justam

2265 1674 2412 1723 esse,
2450 1657 2839 1729 magnitudini
2875 1673 3147 1727 magnam
3178 1671 3342 1721 esse;
3390 1658 3497 1709 hoc
3526 1660 3617 1711 est
3644 1656 3915 1711 essentia:

2265 1746 2457 1817 ipsum
2488 1764 2635 1802 esse.
2684 1748 2748 1801 Et
2804 1746 2939 1817 quia
2969 1746 3028 1799 in
3086 1744 3185 1799 illa
3244 1743 3620 1816 simplicitate
3678 1762 3795 1800 non
3829 1749 3920 1801 est

2264 1836 2423 1891 aliud
2458 1853 2661 1908 sapere
2692 1852 2869 1907 quam
2918 1850 3068 1899 esse,
3117 1834 3320 1889 eadem
3373 1833 3453 1888 ibi
3484 1834 3777 1905 sapientia
3825 1839 3919 1890 est

2265 1942 2392 1997 quae
2429 1925 2700 1980 essentia.

2334 2014 2562 2070 CAPUT
2595 2015 2640 2069 ΙΙ
2650 2045 2735 2069 .-
2757 2015 2810 2068 3.
2833 2015 2995 2068 Pater
3011 2017 3063 2068 et
3078 2013 3252 2068 Filius
3272 2013 3447 2068 simul
3467 2029 3583 2067 una
3604 2014 3911 2083 sapientia,

2260 2105 2400 2158 sicut
2433 2121 2543 2158 una
2572 2105 2829 2169 essentia,
2862 2106 3078 2158 tametsi
3104 2119 3213 2157 non
3243 2102 3409 2157 simul
3449 2119 3622 2156 unum
3658 2102 3911 2156 Verbum.

2260 2192 2427 2247 Pater
2447 2192 2624 2265 igitur
2643 2199 2698 2248 et
2730 2192 2913 2248 Filius
2935 2191 3110 2246 simul
3134 2209 3249 2247 una
3270 2192 3540 2259 essentia,
3568 2197 3627 2246 et
3646 2208 3762 2246 una
3784 2208 3912 2247 ma-

2259 2282 2524 2352 gnitudo,
2558 2286 2614 2337 et
2647 2299 2761 2337 una
2796 2281 3032 2347 veritas,
3066 2286 3122 2336 et
3153 2297 3270 2335 una
3310 2279 3614 2352 sapientia.
3647 2280 3756 2335 Sed
3792 2297 3912 2335 non

2258 2374 2427 2425 Pater
2447 2376 2500 2426 et
2522 2371 2699 2426 Filius
2723 2370 2897 2426 simul
2922 2370 3094 2424 ambo
3117 2386 3300 2424 unum
3331 2369 3607 2433 Verbum,
3630 2369 3769 2439 quia
3792 2386 3913 2425 non

2258 2459 2433 2513 simul
2459 2460 2627 2514 ambo
2652 2476 2802 2514 unus
2821 2459 3359 2515 Filius.Sicutenim
3381 2457 3557 2513 Filius
3579 2459 3651 2513 ad
3676 2459 3913 2513 Patrem

2258 2547 2524 2613 refertur,
2554 2566 2665 2603 non
2700 2548 2769 2602 ad
2796 2564 2857 2604 se
2880 2547 3072 2619 ipsum
3093 2547 3337 2613 dicitur;
3370 2552 3450 2601 Ita
3478 2552 3534 2601 et
3555 2546 3812 2602 Verbum
3839 2547 3913 2602 ad

2257 2653 2390 2691 eum
2410 2639 2580 2708 cujus
2597 2637 2849 2693 Verbum
2870 2640 2958 2692 est
2976 2638 3380 2705 refertur,cum
3399 2635 3911 2691 diciturVerbum.

2258 2727 2333 2781 Eo
2364 2727 2579 2798 quippe
2616 2727 2790 2781 Filius
2831 2742 2945 2797 quo
2976 2725 3255 2790 Verbum,
3290 2729 3347 2779 et
3390 2742 3455 2779 eo
3484 2724 3740 2780 Verbum
3790 2743 3912 2796 quo

2256 2815 2455 2871 Filius.
2489 2816 2772 2879 Quoniam
2832 2816 3009 2887 igitur
3039 2815 3207 2869 Pater
3237 2819 3293 2868 et
3351 2813 3532 2869 Filius
3577 2813 3755 2869 simul
3789 2832 3913 2871 non

2257 2906 2458 2977 utique
2481 2923 2632 2960 unus
2653 2905 2854 2969 Filius,
2874 2920 3236 2974 consequens
3258 2908 3346 2959 est
3370 2908 3432 2957 ut
3454 2904 3622 2958 Pater
3641 2910 3697 2958 et
3720 2904 3910 2961 Filius

2255 2992 2431 3047 simul
2454 3010 2565 3047 non
2585 2994 2884 3047 amborum
2902 3008 3081 3045 unum
3096 2990 3767 3062 Verbum.Etprupterea
3786 3009 3908 3047 non

2254 3098 2319 3137 eo
2353 3081 2606 3137 Verbum
2638 3099 2753 3153 quo
2785 3080 3099 3151 sapientia;
3132 3080 3264 3149 quia
3297 3080 3543 3135 Verbum
3587 3098 3702 3135 non
3735 3081 3807 3136 ad
3842 3098 3909 3137 se

2255 3173 2486 3241 dicitur,
2521 3171 2621 3227 sed
2654 3176 2883 3225 tantum
2908 3168 3141 3224 relative
3171 3169 3241 3223 ad
3275 3185 3410 3224 eum
3440 3171 3609 3240 cujus
3642 3169 3909 3226 Verbum

2253 3266 2360 3329 est,
2395 3262 2546 3316 sicut
2578 3260 2756 3315 Filius
2787 3260 2859 3314 ad
2892 3258 3154 3314 Patrem:
3190 3258 3475 3329 sapientia
3520 3274 3653 3314 vero
3684 3276 3752 3314 eo
3786 3277 3909 3331 quo

2253 3350 2519 3407 essentia.
2551 3349 2621 3404 Et
2648 3349 2776 3403 ideo
2808 3348 2947 3420 quia
2985 3364 3101 3401 una
3131 3347 3405 3413 essentia,
3440 3364 3557 3401 una
3588 3347 3905 3419 sapientia.

2253 3442 2537 3506 Quoniam
2569 3455 2701 3493 vero
2732 3442 2789 3493 et
2833 3437 3089 3491 Verbum
3112 3437 3133 3470 ²
3164 3436 3451 3507 sapientia
3489 3441 3599 3505 est,
3632 3438 3731 3492 sed
3786 3455 3906 3494 non

2252 3546 2317 3585 eo
2349 3529 2603 3585 Verbum
2657 3543 2769 3599 quo
2802 3525 3115 3596 sapientia;
3168 3526 3416 3580 Verbum
3450 3526 3605 3580 enim
3641 3525 3904 3599 relative,

2253 3618 2539 3689 sapientia
2567 3615 2952 3671 essentialiter
3002 3614 3377 3685 intelligitur:
3412 3613 3467 3668 id
3501 3613 3613 3669 dici
3648 3614 3904 3687 accipia-

2253 3725 2383 3763 mus
2401 3724 2532 3763 cum
2558 3707 2769 3761 dicitur
2785 3705 3061 3767 Verbum,
3081 3721 3147 3759 ac
3170 3705 3215 3758 si
3243 3704 3493 3769 dicatur,
3518 3708 3650 3758 nata
3673 3706 3907 3775 sapien-

2252 3798 2350 3863 tia,
2388 3803 2453 3852 ut
2483 3797 2558 3852 sit
2587 3802 2643 3851 et
2671 3795 2851 3850 Filius
2869 3793 3152 3864 etimago.
3175 3792 3243 3847 Et
3263 3793 3380 3847 haec
3403 3793 3517 3847 duo
3539 3810 3671 3848 cum
3696 3794 3905 3848 dicun-

2250 3898 2364 3958 tur,
2401 3891 2455 3946 id
2488 3897 2594 3957 est,
2637 3893 2770 3943 nata
2799 3889 3099 3959 sapimtia,
3134 3886 3192 3940 in
3224 3903 3339 3940 uno
3370 3902 3573 3940 eorum
3621 3902 3686 3941 eo
3739 3888 3901 3957 quod

2249 3987 2337 4037 est
2365 3988 2517 4046 nata,
2541 3985 2597 4035 et
2616 3978 2890 4041 Verbum,
2914 3981 2972 4031 et
2989 3975 3203 4045 imago,
3229 3979 3285 4029 et
3314 3974 3489 4029 Filius
3512 3975 3901 4046 intelligatur,

2248 4077 2305 4127 et
2335 4072 2392 4126 in
2425 4071 2517 4125 his
2535 4068 2809 4125 omnibus
2832 4065 3170 4120 nominibus
3193 4080 3306 4119 non
3330 4064 3671 4119 ostendatur
3697 4080 3902 4119 essen-

2249 4162 2350 4227 tia,
2382 4160 2520 4231 quia
2550 4156 2785 4213 relative
2840 4155 3144 4209 dicuntur:
3180 4162 3239 4207 at
3296 4152 3352 4206 in
3387 4152 3569 4208 altero
3600 4154 3756 4222 quod
3812 4157 3905 4210 est

2246 4250 2543 4321 sapientia,
2577 4244 2855 4317 quoniam
2907 4247 2963 4297 et
3009 4243 3077 4297 ad
3114 4259 3176 4297 se
3208 4242 3439 4307 dicitur,
3473 4258 3534 4296 se
3565 4240 3695 4313 ipsa
3738 4242 3901 4298 enim

2248 4340 2478 4410 sapiens
2511 4340 2618 4401 est,
2681 4332 2851 4388 etiam
2914 4332 3167 4386 essentia
3196 4331 3649 4397 demonstretur,
3685 4336 3741 4386 et
3791 4331 3907 4388 hoc

2247 4429 2374 4499 ejus
2406 4443 2535 4481 esse
2568 4422 2721 4495 quod
2754 4437 2971 4492 sapere.
3028 4419 3191 4475 Unde
3224 4420 3391 4474 Pater
3419 4424 3475 4474 et
3510 4420 3688 4475 Filius
3718 4420 3904 4476 simul

2248 4533 2366 4572 una
2397 4512 2702 4587 sapientia,
2736 4510 2873 4581 quia
2898 4526 3015 4563 una
3039 4508 3316 4575 essentia,
3346 4513 3402 4562 et
3432 4507 3779 4580 singillatim
3813 4526 3904 4564 sa-

2247 4605 2465 4679 pientia
2495 4604 2565 4657 de
2623 4598 2933 4672 sapientia,
2991 4597 3147 4652 sicut
3201 4597 3453 4652 essentia
3486 4597 3555 4651 de
3612 4598 3898 4653 essentia.

2247 4696 2631 4766 QuaprOpter,
2655 4705 2769 4743 non
2798 4686 2935 4759 quia
2954 4686 3119 4740 Pater
3149 4702 3263 4740 non
3286 4690 3375 4741 est
3398 4684 3598 4755 Filius,
3623 4690 3680 4740 et
3712 4685 3901 4744 Filius

2246 4800 2359 4840 non
2392 4785 2480 4836 est
2501 4783 2692 4842 Pater,
2716 4779 2818 4830 aut
2840 4772 2935 4827 ille
2958 4773 3273 4844 ingenitus,
3298 4772 3394 4828 ille
3417 4778 3612 4828 autem
3635 4774 3901 4845 genitus,

2246 4873 2374 4928 ideo
2407 4886 2522 4925 non
2554 4883 2672 4921 una
2696 4863 2952 4920 essentia
2975 4876 2988 4915 :
3024 4862 3162 4933 quia
3182 4862 3273 4918 his
3300 4860 3637 4917 nominibus
3661 4862 3903 4919 relativa

2244 4978 2446 5018 eorum
2478 4955 2883 5013 ostenduntur.
2931 4952 3181 5020 Uterque
3210 4957 3403 5005 autem
3434 4949 3615 5004 simul
3651 4968 3769 5006 una
3799 4968 3904 5007 sa-

2246 5051 2483 5125 pientia,
2503 5051 2559 5101 et
2578 5062 2694 5100 una
2715 5042 3092 5111 essentia,ubi
3114 5040 3221 5095 hoc
3238 5044 3325 5094 est
3346 5056 3472 5095 esse
3491 5039 3642 5111 quod
3667 5056 3898 5111 sapere:

2248 5158 2359 5195 non
2393 5142 2585 5192 autem
2616 5132 2792 5189 simul
2825 5136 3070 5201 uterque
3098 5128 3351 5183 Verbum
3387 5134 3486 5182 aut
3530 5127 3729 5196 Filius,
3759 5128 3902 5200 quia

2245 5247 2357 5285 non
2390 5228 2498 5282 hoc
2543 5228 2631 5279 est
2679 5237 2807 5277 esse
2838 5221 2991 5292 quod
3045 5218 3297 5273 Verbum
3334 5223 3436 5272 aut
3483 5217 3694 5271 Filium
3727 5234 3898 5274 esse:

2245 5320 2398 5375 sicut
2420 5318 2541 5383 jam
2576 5312 2720 5366 satis
2751 5310 3114 5366 ostendimus
3146 5308 3258 5361 ista
3287 5306 3521 5361 relative
3551 5307 3687 5361 dici.

2315 5404 2541 5462 CAPUT
2577 5402 2669 5456 Ill.
2706 5432 2767 5441 —
2801 5402 2853 5454 4.
2887 5399 3191 5469 Sapientiae
3220 5398 3441 5451 nomine
3467 5412 3565 5449 cur
3590 5397 3773 5450 Filius
3801 5411 3897 5466 po-

2244 5499 2519 5554 tissimum
2542 5493 2857 5549 insinuetur
2873 5490 2931 5543 in
2945 5487 3243 5559 Scriptura“:
3262 5503 3387 5542 cum
3405 5494 3456 5541 et
3466 5491 3634 5541 Pater
3646 5489 3700 5540 et
3717 5484 3895 5558 Spiri-

2306 5652 2324 5686 ί
2356 5650 2441 5700 Sic
2468 5647 2609 5697 bene
2637 5642 2788 5693 multi
2821 5641 2942 5706 Mss.
2974 5641 3039 5691 At
3066 5638 3213 5706 editi,
3243 5638 3375 5706 ipsa.

2303 5712 2325 5751 ³
2349 5712 2445 5766 Hic
2472 5707 2617 5778 apud
2645 5706 2773 5757 Lov.
2803 5703 3065 5769 additum,
3098 5704 3164 5755 et.
