4160 6502
593 353 711 415 939

598 492 718 543 mat
736 484 886 558 apud
910 480 1244 555 Apostolum
1273 478 1368 551 qui
1393 478 1790 544 dicit,Nescitis
1803 479 1944 549 quia
1964 477 2235 544 templum

597 578 699 634 Dei
727 577 853 631 estis
873 577 897 628 .9
915 572 1240 641 Statimque
1262 567 1517 640 subjicit,
1546 571 1592 620 1?
1597 577 1617 622 t
1639 569 1887 638 Spiritus
1913 568 2010 620 Dei
2030 566 2240 620 habitat

599 668 660 722 in
689 667 837 721 vobis
857 665 898 736 (Ι
923 662 1046 720 Cor.
1080 677 1165 726 ιιι,
1193 659 1299 730 16).
1325 659 1478 712 Deus
1510 656 1663 711 enim
1696 655 1922 710 habitat
1944 655 1999 710 in
2023 653 2240 725 templo

601 773 726 811 suo.
763 754 884 810 Non
917 751 1071 807 enim
1106 754 1383 820 tanquam
1418 747 1688 800 minister
1720 745 1945 799 habitat
1990 743 2240 813 Spiritus

601 845 700 902 Dei
723 843 784 899 in
814 840 1031 912 templo
1063 839 1181 908 Dei,
1216 853 1348 892 cum
1382 835 1493 891 alio
1534 834 1659 891 loco
1689 833 2010 889 evidentius
2051 832 2238 888 dicat:

601 935 826 991 Nescitis
855 933 988 1003 quia
1021 943 1249 999 corpora
1274 929 1450 980 vestra
1481 924 1744 994 templum
1774 923 1835 976 in
1859 921 2006 977 vobis
2022 923 2099 975 est
2118 919 2241 990 Spi-

601 1026 744 1080 ritus
774 1020 967 1084 sancti,
1002 1034 1160 1088 quem
1189 1014 1398 1070 habetis
1426 1031 1460 1068 a
1495 1013 1621 1079 Deo,
1653 1019 1704 1066 et
1736 1027 1838 1066 non
1875 1012 2004 1065 estis
2034 1010 2245 1064 vestri?

605 1111 948 1183 lr'mptieuim
968 1109 1097 1162 estis
1118 1106 1297 1178 pretio
1313 1117 1509 1172 magno
1531 1118 1547 1153 :
1572 1100 1815 1170 glori/ica
1825 1106 1873 1154 te
1886 1098 2036 1166 ergo'
2069 1101 2242 1151 Deum

602 1204 666 1259 in
696 1215 917 1272 corpore
945 1206 1114 1252 vestro
1145 1193 1243 1264 (Id.
1276 1209 1353 1261 γι,
1389 1191 1472 1257 19,
1504 1189 1617 1259 20).
1651 1187 1795 1252 Quid
1820 1193 1906 1242 est
1929 1192 2120 1242 autem
2151 1203 2241 1241 sa-

601 1287 960 1364 pientia,nisi
983 1286 1183 1340 lumen
1204 1279 1506 1353 spirituale
1528 1282 1584 1333 et
1608 1274 2084 1332 incommutabile
2104 1273 2244 1364 ?l3_st

602 1361 756 1435 enim
790 1382 846 1431 et
874 1373 956 1430 sol
987 1373 1092 1427 iste
1115 1371 1334 1434 lumen,
1369 1367 1468 1422 sed
1512 1363 1810 1437 corporale
1835 1367 1950 1432 est;
1991 1368 2046 1420 et
2067 1361 2241 1435 spiri-

601 1467 777 1524 tualis
809 1468 1074 1520 creatura
1102 1459 1326 1522 lumen,
1348 1456 1449 1511 sed
1485 1472 1598 1510 non
1622 1451 2242 1509 incommutabile.Lu-

602 1573 735 1613 men
764 1569 898 1624 ergo
923 1555 1109 1615 Pater,
1135 1547 1330 1602 lumen
1358 1543 1557 1611 Filius,
1593 1541 1788 1598 lumen
1821 1542 2076 1612 Spiritus
2107 1558 2243 1596 san-

600 1649 756 1702 ctus:
781 1639 1162 1698 simulantem
1189 1651 1302 1690 non
1315 1633 1428 1688 tria
1446 1631 1796 1698 lumina,sed
1817 1647 1997 1685 unum
2019 1631 2238 1684 lumen.

600 1736 670 1790 Et
697 1733 825 1787 ideo
856 1727 1144 1800 sapientia
1173 1727 1362 1793 Pater,
1397 1720 1688 1792 sapientia
1721 1718 1922 1788 Filius,
1959 1717 2243 1790 sapientia

600 1822 856 1895 Spiritus
885 1819 1163 1872 sanctus:
1197 1817 1253 1867 et
1281 1810 1456 1866 simul
1486 1826 1597 1863 non
1633 1814 1750 1863 tres
1792 1806 2106 1879 sapientiae,
2142 1807 2239 1860 sed

603 1929 718 1968 una
739 1905 1060 1982 sapientia:
1087 1908 1144 1958 et
1175 1900 1312 1974 quia
1342 1899 1449 1954 hoc
1466 1904 1554 1954 est
1585 1898 1664 1953 ibi
1685 1913 1812 1953 esse
1837 1897 1989 1967 quod
2017 1911 2240 1967 sapere,

602 2018 720 2057 una
749 1995 1003 2056 essentia
1023 1993 1188 2048 Pater
1209 1995 1264 2044 et
1293 1987 1473 2044 Filius
1498 1992 1553 2042 et
1584 1985 1838 2058 Spiritus
1859 1983 2241 2040 sanctus.Nec

603 2090 761 2148 aliud
785 2091 873 2144 est
904 2085 980 2140 ibi
1005 2098 1130 2138 esse
1161 2095 1336 2151 quam
1365 2079 1539 2132 Deum
1561 2092 1687 2131 esse
1711 2091 1723 2130 :
1752 2091 1902 2129 unus
1929 2089 2064 2145 ergo
2087 2072 2241 2127 Deus

602 2184 772 2235 Pater
801 2180 858 2230 et
884 2173 1061 2227 Filius
1091 2174 1149 2225 et
1178 2167 1430 2238 Spiritus
1463 2169 1725 2220 sanctus.

673 2263 904 2323 CAPUT
936 2259 1027 2316 IV.
1072 2257 1206 2311 —-7.
1249 2256 1364 2324 Qua
1394 2256 1710 2308 necessitate
1744 2253 1918 2306 Graeci
1938 2259 2047 2305 tres
2068 2251 2240 2321 hypo-

601 2365 772 2413 stases
801 2352 1083 2412 dixerint;
1109 2346 1291 2402 Latini
1300 2349 1426 2412 ,tres
1444 2340 2016 2414 personas.Scriptura
2039 2339 2240 2392 nultibi

602 2445 739 2501 dicit
771 2451 878 2497 tres
904 2451 1165 2512 personas
1194 2438 1255 2488 in
1285 2433 1407 2487 Deo.
1439 2432 1636 2500 Itaque
1661 2427 1935 2500 loquendi
1963 2443 2140 2482 causa
2171 2427 2242 2482 de

603 2529 1018 2592 inell'abilibus,
1053 2530 1116 2580 ut
1146 2523 1251 2577 fari
1283 2520 1478 2591 aliquo
1514 2519 1683 2572 modo
1711 2520 2051 2589 lpossemus,
2085 2515 2237 2587 quod

604 2621 763 2679 effari
787 2617 945 2675 nullo
977 2614 1145 2670 modo
1173 2625 1507 2683 possumus,
1561 2608 1779 2662 dictum
1815 2610 1904 2660 est
1954 2623 1986 2659 a
2025 2604 2241 2660 nostris

604 2710 817 2767 Grecis
851 2722 967 2762 una
995 2700 1270 2768 essentia,
1292 2703 1410 2752 tres
1439 2695 1777 2752 substantiae
1803 2711 1813 2749 :
1841 2711 1873 2749 a
1897 2693 2117 2750 Latinis
2140 2711 2240 2749 an-

605 2806 743 2868 tem,
770 2814 885 2853 una
902 2791 1158 2850 essentia
1171 2787 1256 2843 vel
1282 2784 1755 2853 substantia,tres
1769 2799 2028 2855 personae
2045 2801 2057 2850 ;
2083 2782 2239 2854 quia,

605 2889 759 2944 sicut
781 2886 905 2957 jam
937 2880 1213 2945 diximus,
1247 2891 1360 2930 non
1392 2873 1558 2929 aliter
1588 2873 1645 2926 in
1679 2888 1945 2926 sermone
1961 2871 2241 2941 nostro,id

605 2983 713 3044 est,
745 2975 946 3040 latino,
980 2966 1232 3025 essentia
1262 2979 1438 3035 quam
1472 2961 1798 3016 substantia
1828 2959 1975 3014 solet
1996 2959 2243 3031 intelligi

604 3065 745 3139 (Lib.
768 3065 823 3131 5,
846 3078 999 3132 capp.
1031 3058 1086 3123 2,
1118 3056 1194 3126 8).
1247 3054 1315 3106 Et
1355 3053 1491 3105 dum
1546 3048 1905 3139 intelligatur
1952 3047 2155 3139 saltem
2183 3048 2241 3102 in

605 3137 912 3224 aenigmate
943 3147 1093 3220 quod
1128 3139 1586 3211 dicitur,placuit
1615 3138 1693 3191 ita
1717 3137 1923 3202 dici,ut
1955 3137 2245 3191 diceretur

605 3241 824 3314 aliquid
858 3255 991 3295 cum
1013 3234 1364 3306 quaereretur
1386 3228 1525 3299 quid
1552 3226 1811 3293 triasint,
1838 3242 1962 3297 qua:
1987 3226 2097 3280 tria
2115 3243 2242 3281 esse

605 3333 750 3388 ﬁdes
771 3346 906 3384 vera
937 3321 1296 3398 pronuntiat,
1321 3334 1455 3373 cum
1480 3322 1536 3371 et
1567 3315 1793 3370 Patrem
1817 3331 1932 3369 non
1955 3314 2094 3369 dicit
2114 3330 2241 3370 esse

608 3420 839 3483 Filium,
871 3422 927 3472 et
957 3411 1237 3485 Spiritum
1270 3411 1540 3463 sanctum
1572 3403 1725 3475 quod
1758 3408 1846 3458 est
1877 3403 2094 3457 donum
2140 3402 2241 3458 Dei

608 3528 712 3568 nec
727 3513 952 3564 Patrem
972 3502 1112 3558 dicit
1135 3513 1261 3555 esse
1283 3512 1387 3551 nec
1401 3493 1778 3550 Filium.Cum
1811 3508 1945 3563 ergo
1965 3492 2244 3564 queritur

607 3601 746 3675 quid
763 3593 985 3666 tria,vel
1017 3589 1156 3662 quid
1180 3583 1679 3653 tres,conferimus
1711 3597 1814 3636 nos
1847 3582 1916 3635 ad
1941 3581 2239 3637 invenien-

607 3671 746 3747 dum
771 3683 1003 3757 aliquod
1028 3676 1278 3752 speciale
1299 3673 1386 3730 vel
1408 3671 1675 3745 generale
1697 3685 1929 3737 nomen,
1956 3687 2069 3742 quo
2089 3688 2242 3727 com-

601 3781 924 3852 plectamur
952 3771 1070 3826 haac
1092 3767 1224 3837 tria,
1249 3779 1435 3835 neque
1456 3759 1706 3816 occurrit
1727 3760 1947 3826 animo,
1966 3759 2121 3832 quia,
2144 3777 2238 3816 ex-

601 3846 1259 3936 ceditsupereminentia
1276 3849 1594 3907 divinitatis
1617 3848 1813 3903 usitati
1832 3846 2047 3918 eloquii
2068 3850 2240 3905 facul-

597 3964 798 4013 tatem.
823 3951 1023 4007 Verius
1046 3945 1201 4001 enim
1236 3940 1520 4012 cogitatur
1553 3941 1702 3990 Deus
1734 3952 1908 4006 quam
1944 3936 2239 4008 dicitur,et

596 4047 788 4102 ver-ms
820 4046 908 4097 est
937 4051 1110 4109 quam
1141 4031 1446 4102 COgitatur.
1473 4026 1613 4080 Cum
1649 4025 1802 4078 enim
1835 4024 2084 4079 dicimus
2119 4044 2232 4083 non

594 4134 866 4194 eumdem
915 4142 1042 4183 esse
1084 4120 1262 4178 Jacob
1313 4116 1411 4188 qui
1457 4122 1544 4169 est
1592 4114 1905 4184 Abraham,
1945 4118 2100 4169 Isaac
2129 4133 2232 4170 au.

592 4235 709 4283 tem
744 4239 848 4280 nec
876 4217 1166 4276 Abraham
1197 4226 1325 4265 esse
1358 4224 1460 4262 nec
1491 4205 1693 4276 Jacob,
1726 4210 1842 4259 tres
1872 4222 1998 4261 esse
2030 4208 2232 4279 utique

589 4301 1350 4380 iatemur,Abrabam,lsaac
1373 4302 1428 4350 et
1456 4294 1768 4350 Jacob.Sed
1805 4311 1933 4349 cum
1953 4298 2232 4366 quaeritur

589 4404 727 4477 quid
741 4408 879 4466 tres,
893 4391 1314 4465 respondemus
1328 4395 1444 4439 tres
1465 4383 1992 4451 homines,nomine
2005 4386 2225 4456 Specie-

585 4471 628 4548 li
650 4509 716 4548 eo
738 4483 1072 4561 spluraliter
1093 4475 1472 4550 appellantes;
1496 4471 1747 4544 generali
1773 4474 2044 4541 autem,si
2070 4475 2226 4531 dica-

589 4597 722 4637 mus
744 4568 1171 4632 triaanimalia:
1195 4566 1364 4620 homo
1385 4561 1721 4629 enim,sicnt
1742 4565 1962 4615 veteres
1985 4561 2220 4617 definie-

586 4660 966 4738 runt,animal
984 4649 1662 4722 estrationale,mortale:
1684 4648 1945 4704 autsicut
1967 4650 2223 4723 Scriptu-

585 4777 658 4816 rae
681 4761 891 4813 nostrae
913 4748 1070 4821 loqui
1104 4745 1431 4809 solent,lres
1463 4739 1848 4807 animus,cum
1874 4756 1905 4792 a
1927 4744 2088 4809 parte
2110 4757 2223 4794 me-

582 4849 724 4904 liore
754 4849 944 4901 totum
972 4833 1248 4910 appellari
1281 4829 1551 4902 placct,id
1576 4828 1761 4894 est,eb
1781 4827 1995 4892 anima,
2019 4833 2074 4881 et
2097 4845 2219 4882 cor-

581 4955 692 5011 pus
710 4941 766 4991 et
784 4923 1223 4997 animam,qnod
1250 4925 1338 4976 est
1357 4921 1516 5011 totus
1533 4915 1845 5011 homo’Jta
1867 4916 2082 5011 quippe
2096 4917 2218 4971 dic-

578 5006 703 5085 tum
727 5029 816 5081 est
834 5024 894 5076 in
916 5020 1224 5089 [Egyptum
1248 5007 1619 5064 descendisse
1641 5021 1770 5060 cum
1791 5006 1968 5059 Jacob
1990 5006 2218 5061 animas

577 5112 950 5188 septuaginta
971 5106 1249 5178 quinque,
1285 5113 1384 5169 pro
1419 5101 1498 5149 tot
1534 5093 1862 5188 horninibus
1889 5093 2213 5188 (Geu.xr.v1,

573 5183 664 5274 27,
696 5207 746 5259 et
772 5183 931 5257 Deut.
963 5214 1017 5262 x,
1047 5193 1160 5262 22).
1186 5195 1328 5242 ltem
1364 5201 1495 5240 cum
1526 5183 1779 5238 dicimus
1803 5198 2017 5253 equum
2042 5187 2212 5237 tuum

575 5271 690 5351 non
712 5308 844 5346 eum
877 5301 1004 5341 esse
1023 5281 1118 5353 qui
1154 5293 1318 5332 meus
1348 5279 1519 5339 est,et
1543 5272 1781 5326 tertium
1801 5271 2051 5341 alicujus
2075 5271 2214 5326 alte-

573 5385 694 5441 rius
720 5397 820 5435 nec
846 5391 1038 5431 meum
1064 5384 1191 5425 esse
1216 5382 1317 5420 nec
1340 5370 1531 5427 tuum,
1557 5362 1807 5415 fatemur
1831 5367 1946 5414 tres
1971 5377 2096 5414 esse
2118 5377 2130 5415 :
2156 5363 2214 5416 et

572 5464 951 5540 interroganti
966 5460 1101 5532 quid
1117 5452 1684 5524 tres,respondemus
1701 5455 1816 5504 tres
1830 5465 2008 5519 equos
2023 5448 2209 5504 nomi-

633 5627 651 5661 ί
689 5619 826 5672 Editi
855 5614 1061 5667 addunt
1088 5609 1193 5674 hic,
1220 5608 1269 5655 et
1292 5605 1530 5670 portate;
1561 5601 1702 5666 quod
1725 5601 1885 5674 abest
1913 5615 1944 5649 ι
1977 5599 2100 5674 Msa.

632 5689 654 5728 ι
678 5665 959 5744 ἑτῖ-ἰυήεά.
984 5677 1115 5727 Ven.
1146 5665 1307 5731 Low;
1340 5682 1453 5720 cum
1481 5679 1661 5730 carpas
1687 5667 1733 5714 et
1766 5665 1942 5714 anima
1977 5665 2042 5715 sit
2074 5665 2208 5714 totus

568 5751 735 5805 homo.
804 5745 870 5796 Μ.

1705 347 1807 404 DE
1850 342 2301 415 TRINITATE,
2349 343 2412 403 S.
2463 341 2890 403 AUGUSTINI

3876 341 3995 400 940

2347 491 2417 529 ne
2440 473 2698 545 speciali,
2722 472 2976 546 generali
3000 477 3194 529 autem
3215 473 3328 530 tria
3362 472 3664 531 animalia.
3689 477 3836 528 Item
3859 489 3993 528 cum

2341 565 2592 618 dicimus
2623 564 2828 618 bovem
2855 581 2969 618 non
3008 579 3133 619 esse
3165 580 3410 636 equum,
3445 580 3678 619 carnem
3720 580 3855 619 vero
3891 579 3995 617 nec

2340 654 2545 709 bovem
2573 669 2701 707 esse
2732 669 2836 707 nec
2876 669 3113 724 equum,
3162 653 3273 708 tria
3316 655 3584 724 quaedam
3617 653 3906 707 dicimus:
3943 657 3997 707 et

2341 741 2815 814 percontantibus
2849 742 2987 813 quid
3025 742 3157 811 tria,
3192 759 3305 798 non
3326 744 3452 813 jam
3486 741 3727 814 speciali
3761 742 3999 797 nomine

2342 830 2592 886 dicimus
2619 835 2736 885 tres
2765 847 2965 901 equos,
2999 836 3101 885 aut
3133 835 3248 887 tres
3283 831 3478 899 boves,
3513 837 3616 886 aut
3643 835 3764 887 tres
3796 847 3997 897 canes,

2343 919 2480 992 quia
2511 936 2625 974 non
2657 919 2856 974 eadem
2891 919 3082 991 specie
3113 921 3490 976 continentur
3518 938 3530 983 ;
3583 921 3683 976 sed
3716 917 3995 992 generali,

2341 1007 2453 1063 tria
2484 1007 2794 1076 animalia;
2828 1008 2948 1063 sive
2980 1008 3279 1080 superiore
3299 1025 3532 1080 genere,
3567 1013 3687 1064 tres
3713 1008 3991 1064 substan-

2341 1096 2477 1164 tias,
2504 1095 2589 1152 vel
2621 1101 2735 1152 tres
2767 1102 3084 1165 creaturas,
3111 1098 3197 1153 vel
3230 1103 3348 1153 tres
3385 1102 3648 1153 naturas.
3683 1099 3994 1163 Quaecum-

2343 1201 2456 1256 que
2488 1189 2679 1240 autem
2717 1184 2925 1257 plurali
2959 1202 3202 1241 numero
3245 1187 3629 1242 enuntiantur
3659 1185 3998 1258 specialiter

2343 1291 2458 1330 uno
2500 1274 2754 1338 nomine,
2791 1275 2964 1329 etiam
3015 1274 3365 1345 generaliter
3419 1276 3711 1332 enuntiari
3747 1280 3999 1348 possunt

2342 1380 2459 1419 uno
2490 1363 2744 1420 nomine.
2780 1362 2903 1418 Non
2937 1372 3128 1419 autem
3155 1364 3354 1420 omnia
3371 1382 3500 1437 qua;
3529 1365 3885 1437 generaliter
3905 1382 4000 1420 no-

2343 1451 2500 1507 mine
2527 1469 2640 1506 uno
2671 1451 3061 1523 appellantur,
3110 1453 3287 1508 etiam
3336 1453 3671 1524 specialiter
3703 1453 3999 1525 appellare

2342 1558 2458 1597 uno
2491 1540 2727 1596 nomine
2759 1557 3090 1612 pessumus.
3126 1542 3270 1596 Nam
3303 1547 3422 1598 tres
3474 1559 3679 1614 equos,
3716 1543 3874 1614 quod
3909 1547 3999 1599 est

2344 1647 2554 1685 nomen
2569 1629 2837 1701 speciale,
2861 1629 3034 1685 etiam
3050 1630 3262 1686 animal
3275 1631 3328 1686 ia
3341 1632 3456 1686 tria
3471 1631 3752 1687 dicimus:
3774 1647 3998 1704 equum

2343 1732 2475 1772 vero
2508 1722 2562 1771 et
2586 1717 2785 1772 bovem
2819 1723 2876 1772 et
2907 1734 3133 1784 canem,
3157 1719 3567 1774 animaliatria
3599 1725 3825 1775 tantum
3857 1720 4000 1775 dici-

2344 1822 2476 1860 mus
2507 1805 2591 1860 vel
2625 1807 3156 1878 substantias,quae
3185 1813 3327 1862 sunt
3353 1807 3642 1877 generalia
3666 1808 3998 1874 nomina,et

2344 1893 2392 1949 si
2427 1893 2562 1965 quid
2598 1894 2751 1949 aliud
2785 1895 2854 1948 de
2877 1894 2967 1948 his
2999 1895 3350 1966 generaliter
3367 1896 3478 1950 dici
3504 1901 3725 1968 potest;
3752 1903 3870 1952 tres
3901 1915 3997 1952 ve-

2345 1999 2404 2037 ro
2427 1999 2627 2053 equos,
2662 1987 2762 2037 aut
2794 1985 2986 2052 boves,
3021 1990 3120 2038 aut
3140 2001 3334 2051 canes,
3369 2002 3496 2056 quae
3530 1985 3805 2056 specialia
3827 2002 3995 2042 voca-

2342 2072 2478 2126 bula
2512 2078 2670 2136 sunt,
2697 2090 2808 2126 non
2843 2088 2909 2126 ea
2938 2090 3255 2144 possumus
3283 2074 3492 2130 dicere.
3519 2079 3596 2130 Ea
3627 2091 3844 2146 quippe
3876 2091 3996 2130 uno

2343 2161 2580 2216 nomine
2618 2161 2883 2232 quamvis
2918 2162 3222 2233 pluraliter
3251 2165 3631 2220 enuntiemus
3664 2182 3791 2237 quae
3826 2183 3996 2222 com-

2344 2251 2598 2306 muniter
2619 2251 2834 2305 habent
2865 2251 3003 2306 illud
3040 2253 3191 2324 quod
3227 2270 3292 2308 eo
3327 2254 3561 2309 nomine
3601 2254 3994 2326 signiﬁcatur.

2343 2340 2629 2395 Abraham
2664 2341 2879 2411 quippe
2908 2345 2965 2396 et
2988 2343 3143 2396 Isaac
3161 2346 3217 2396 et
3241 2342 3422 2397 Jacob
3443 2358 3755 2399 commune
3776 2343 4000 2402 habent

2343 2427 2398 2481 id
2431 2427 2585 2497 quod
2618 2431 2706 2481 est
2735 2427 2944 2495 homo;
2977 2427 3169 2498 itaque
3200 2429 3477 2485 dicuntur
3527 2437 3643 2486 tres
3677 2430 3955 2487 homines
3985 2448 3998 2487 :

2343 2532 2527 2588 equus
2557 2531 2785 2587 quoque
2815 2521 2872 2571 et
2899 2516 3004 2572 bos
3032 2521 3088 2571 et
3119 2518 3305 2584 canis,
3337 2535 3647 2575 commune
3682 2520 3903 2576 habent
3937 2520 3998 2575 id

2343 2606 2495 2678 quod
2529 2609 2615 2660 est
2645 2604 2896 2672 animal;
2945 2604 3220 2661 dicuntur
3258 2623 3393 2680 ergo
3430 2607 3542 2662 tria
3572 2608 3877 2666 animalia.
3914 2610 4002 2668 Ita

2341 2697 2459 2749 tres
2489 2693 2717 2765 aliquas
2739 2693 2954 2765 lauros,
2971 2696 3144 2751 etiam
3167 2701 3284 2751 tres
3302 2697 3538 2752 arbores
3561 2698 3847 2763 dicimus;
3875 2699 4003 2754 lau-

2343 2800 2474 2839 rum
2505 2799 2637 2838 vero
2669 2787 2724 2837 et
2744 2788 3000 2855 myrtum
3033 2789 3088 2838 et
3119 2784 3572 2852 oleam,tantum
3599 2790 3716 2841 tres
3748 2787 3998 2843 arbores

2342 2871 2428 2927 vel
2459 2876 2575 2927 tres
2608 2871 3109 2943 substantias,aut
3141 2878 3256 2928 tres
3282 2877 3552 2929 naturas:
3580 2875 3854 2945 atqueita
3877 2880 4002 2930 tres

2345 2960 2587 3032 lapides,
2607 2961 2780 3016 etiam
2803 2961 2913 3016 tria
2936 2977 3210 3032 corpora;
3237 2962 3489 3035 lapidem
3512 2980 3642 3018 vero
3675 2969 3730 3019 et
3761 2963 4000 3036 lignum

2343 3055 2399 3106 et
2429 3050 2668 3117 ferrum,
2695 3055 2921 3105 tantum
2953 3049 3064 3105 tria
3094 3067 3356 3122 corpora,
3377 3050 3458 3106 vel
3479 3052 3526 3106 si
3554 3069 3668 3124 quo
3694 3053 3870 3108 etiam
3891 3069 4003 3109 su-

2347 3139 2566 3210 periore
2592 3138 2845 3210 generali
2877 3139 3112 3194 nomine
3139 3140 3249 3194 dici
3286 3147 3557 3212 possunt.
3586 3141 3754 3196 Pater
3774 3159 3911 3215 ergo
3942 3147 4006 3200 et

2344 3227 2526 3283 Filius
2556 3232 2612 3282 et
2642 3227 2891 3298 Spiritus
2922 3235 3181 3294 sanctus,
3202 3230 3478 3300 quoniam
3505 3235 3622 3284 tres
3645 3236 3806 3299 sunt,
3837 3248 4004 3302 qua:-

2344 3333 2542 3371 ramus
2573 3317 2710 3387 quid
2728 3321 2843 3372 tres
2861 3316 3213 3389 sint,etquid
3239 3335 3552 3373 commune
3577 3318 4000 3376 habeant.Non

2343 3404 2498 3460 enim
2531 3421 2840 3461 commune
2869 3405 2986 3460 illis
3017 3413 3104 3461 est
3134 3407 3190 3461 id
3218 3407 3371 3476 quod
3408 3407 3571 3462 Pater
3607 3414 3715 3476 est,
3754 3415 3816 3462 ut
3849 3409 4001 3463 invi-

2344 3511 2466 3550 cem
2498 3494 2607 3550 sibi
2635 3495 2753 3550 sint
2783 3499 3006 3566 patres;
3059 3495 3211 3550 sicut
3241 3495 3440 3564 amici,
3485 3513 3614 3552 cum
3652 3497 3890 3553 relative
3919 3499 4001 3554 ad

2345 3583 2688 3639 alterutrum
2713 3582 3003 3650 dicantur,
3039 3590 3283 3655 possunt
3315 3585 3428 3639 dici
3461 3591 3578 3641 tres
3605 3585 3799 3656 amici,
3835 3589 4000 3658 quod

2341 3673 2590 3729 invicem
2621 3671 2732 3727 sibi
2765 3678 2924 3728 sunt.
2957 3671 3080 3728 Non
3114 3679 3304 3728 autem
3331 3673 3439 3730 hoc
3461 3675 3564 3743 ibi,
3588 3675 3725 3747 quia
3759 3682 3997 3732 tantum

2341 3766 2509 3817 Pater
2541 3761 2617 3816 ibi
2653 3767 2852 3833 pater;
2887 3778 2992 3817 nec
3023 3762 3271 3817 duorum
3307 3767 3494 3834 pater,
3517 3765 3616 3819 sed
3642 3765 3798 3820 unici
3832 3764 3994 3822 Filii.

2341 3850 2455 3906 Nec
2484 3856 2601 3906 tres
2625 3850 2749 3919 ﬁlii,
2783 3867 2916 3906 cum
2950 3855 3121 3906 Pater
3151 3851 3228 3906 ibi
3272 3867 3385 3907 non
3413 3853 3491 3907 sit
3523 3853 3695 3921 illius,
3730 3871 3837 3909 nec
3867 3857 3995 3928 Spi-

2340 3940 2488 3995 ritus
2517 3945 2774 3995 sanctus.
2808 3940 2921 3995 Nec
2953 3947 3070 3995 tres
3101 3941 3344 4012 spiritus
3371 3942 3579 4008 sancti,
3612 3943 3753 4007 quia
3780 3950 3837 3998 et
3864 3945 3993 4017 spi-

2339 4030 2487 4084 ritus
2518 4033 2758 4084 sanctus
2789 4030 3021 4100 propria
3049 4029 3474 4101 signiﬁcatione
3506 4048 3622 4102 qua
3654 4033 3830 4087 etiam
3882 4034 3992 4088 do-

2338 4135 2479 4173 num
2515 4118 2610 4173 Dei
2647 4119 2880 4183 dicitur,
2906 4135 3008 4172 nec
3038 4118 3204 4172 Pater
3239 4136 3340 4174 nec
3370 4119 3572 4176 Filius.
3620 4121 3765 4185 Quid
3805 4121 3994 4194 igitur

2335 4208 2502 4262 tres?
2547 4207 2602 4260 Si
2649 4207 2804 4261 enim
2853 4213 2967 4261 tres
3007 4223 3287 4277 personae,
3323 4225 3634 4264 commune
3677 4216 3767 4264 est
3810 4210 3898 4267 eis
3928 4212 3992 4267 id

2333 4295 2487 4366 quod
2524 4312 2766 4364 persona
2811 4300 2930 4350 est:
2981 4311 3118 4366 ergo
3151 4296 3405 4366 speciale
3438 4297 3544 4351 hoc
3577 4302 3680 4351 aut
3711 4298 3991 4369 generale

2331 4400 2541 4439 nomen
2575 4388 2662 4438 est
2692 4384 2796 4449 eis,
2830 4384 2879 4438 si
2913 4383 3396 4439 consuetudinem
3428 4384 3704 4456 loquendi
3735 4387 3993 4459 respici-

2329 4489 2487 4528 mus.
2515 4473 2622 4526 Sed
2653 4472 2748 4526 ubi
2779 4478 2869 4528 est
2897 4476 3120 4527 naturae
3153 4471 3318 4528 nulla
3347 4474 3677 4543 diversitas,
3704 4476 3784 4530 ita
3814 4492 3992 4548 gene-

2328 4561 2526 4617 raliter
2555 4561 2938 4616 enuntiantur
2969 4559 3161 4632 aliqua
3189 4562 3377 4633 plura,
3412 4567 3477 4617 ut
3497 4563 3674 4619 etiam
3706 4565 3991 4635 speciali-

2325 4654 2415 4706 ter
2439 4649 2728 4705 enuntiari
2761 4649 3005 4721 possint.
3032 4649 3263 4704 Naturte
3295 4651 3450 4706 enim
3487 4653 3821 4709 differentia
3847 4654 3992 4713 facit

2326 4743 2392 4794 ut
2424 4737 2622 4794 laurus
2658 4743 2714 4794 et
2747 4744 2973 4809 myrtus
3006 4743 3063 4793 et
3093 4737 3237 4806 olea,
3274 4743 3374 4793 aut
3393 4757 3581 4811 equus
3611 4748 3667 4796 et
3691 4742 3798 4796 bos
3817 4749 3986 4799 etca-

2325 4828 2438 4896 nis,
2465 4844 2580 4882 non
2614 4827 2885 4900 dicantur
2914 4826 3150 4898 speciali
3180 4828 3439 4895 nomine,
3469 4829 3613 4896 istae,
3640 4836 3756 4886 tres
3792 4830 3985 4903 lauri;

2324 4923 2426 4971 aut
2455 4917 2558 4983 illi,
2585 4924 2701 4972 tres
2735 4917 2905 4971 boves
2930 4934 2942 4970 :
2963 4916 3063 4970 sed
3088 4916 3364 4988 generali,
3398 4924 3456 4973 et
3484 4919 3626 4986 istae,
3655 4924 3776 4975 tres
3807 4925 3985 4977 arbo-

2323 5023 2454 5074 res;
2507 5013 2562 5061 et
2595 5006 2715 5071 iila,
2748 5006 2859 5060 tria
2907 5004 3206 5060 animalia.
3253 5005 3353 5061 Hic
3387 5025 3519 5062 vero
3555 5008 3652 5063 ubi
3688 5009 3857 5066 nulla
3892 5017 3986 5068 est

2320 5093 2582 5150 essentia:
2616 5093 2937 5159 diversitas,
2972 5099 3198 5165 oportet
3230 5100 3294 5149 ut
3328 5096 3576 5166 speciale
3624 5114 3840 5154 nomen
3877 5099 3980 5156 ha-

2318 5183 2490 5238 beant
2524 5185 2642 5238 hzec
2668 5183 2956 5254 tria,quod
2981 5189 3174 5238 tamen
3199 5201 3308 5239 non
3336 5185 3645 5243 invenitur.
3669 5186 3819 5243 Nam
3845 5205 3981 5260 per-

2317 5289 2459 5328 sona
2490 5272 2756 5344 generale
2790 5289 2998 5327 nomen
3033 5277 3138 5342 est,
3165 5274 3221 5328 in
3245 5279 3472 5329 tantum
3509 5281 3571 5330 ut
3593 5278 3767 5331 etiam
3794 5277 3978 5335 homo

2315 5362 2503 5434 possit
2535 5363 2640 5417 hoc
2675 5361 2810 5430 dici,
2835 5378 2967 5417 cum
2992 5367 3218 5417 tantum
3243 5363 3474 5419 intersit
3494 5364 3645 5421 inter
3665 5366 3978 5426 hominem

2313 5458 2369 5506 et
2399 5451 2603 5506 Deum.

2381 5540 2434 5593 8.
2471 5538 2688 5596 Deinde
2720 5540 2776 5594 in
2808 5540 2936 5611 ipso
2957 5540 3212 5611 generali
3248 5541 3543 5609 vocabulo,
3577 5542 3624 5598 si
3659 5547 3976 5616 prOpterea

2310 5628 2561 5685 dicimus
2589 5633 2707 5686 tres
2741 5629 3507 5702 personas,quiacommune
3520 5643 3605 5688 est
3627 5633 3713 5688 eis
3735 5633 3792 5689 id
3809 5634 3972 5706 quod

2305 5734 2554 5794 persona
2583 5723 2673 5775 est
2713 5718 3000 5793 (alioquin
3032 5718 3192 5776 nullo
3227 5722 3397 5778 modo
3427 5726 3679 5795 possunt
3710 5721 3794 5781 ita
3823 5723 3970 5799 dici,
