4160 6452
158 477 276 537 945

154 626 432 687 personas
462 615 725 686 ejusdem
745 615 1031 681 essentia,
1054 615 1141 670 vel
1160 618 1278 671 tres
1312 630 1592 688 personas
1624 630 1801 669 unam

154 705 469 760 essentiam
504 704 759 760 dicimus
785 723 798 761 :
822 710 940 760 tres
966 711 1158 760 autem
1196 720 1476 776 personas
1501 720 1568 758 ex
1599 704 1800 758 eadem

155 793 414 848 essentia
430 812 541 849 non
567 793 841 861 dicimus,
859 795 1027 864 quasi
1049 794 1204 848 aliud
1233 794 1311 847 ibi
1342 794 1416 848 sit
1439 794 1591 863 quod
1617 808 1805 847 essen-

155 882 240 937 tia
269 888 377 949 est,
412 882 569 937 aliud
603 883 754 955 quod
808 900 1082 954 persona;
1119 884 1269 937 sicut
1320 888 1437 937 tres
1478 887 1701 935 statuas
1738 897 1806 935 ex

155 973 360 1027 eodem
394 989 535 1027 auro
559 989 873 1044 possumus
922 972 1139 1035 dicere;
1174 972 1329 1027 aliud
1361 971 1515 1025 enim
1539 970 1677 1024 illuc
1719 975 1806 1024 est

155 1077 287 1116 esse
318 1077 549 1126 aurum,
569 1061 728 1116 aliud
752 1077 881 1116 esse
902 1061 1220 1115 statuas.Et
1243 1077 1375 1115 cum
1401 1060 1803 1113 dicunturtres

156 1148 422 1206 homines
446 1167 561 1205 una
591 1154 817 1215 natura,
849 1150 935 1204 vel
959 1155 1074 1205 tres
1105 1149 1373 1204 homines
1406 1148 1668 1219 ejusdem
1696 1164 1802 1201 na-

150 1242 575 1310 tura,possunt
596 1239 770 1294 etiam
795 1238 908 1294 dici
938 1244 1058 1294 tres
1079 1238 1348 1293 homines
1384 1254 1453 1291 ex
1473 1238 1675 1292 eadem
1701 1253 1801 1290 na-

149 1328 305 1391 tura,
329 1328 464 1398 quia
486 1344 553 1383 ex
570 1330 771 1383 eadem
797 1334 1006 1383 natura
1027 1333 1082 1382 et
1098 1328 1198 1382 alii
1223 1332 1340 1381 tres
1365 1326 1507 1381 tales
1534 1326 1802 1381 homines

147 1422 399 1490 possunt
414 1417 744 1484 existere;in
765 1417 1008 1473 illavero
1034 1417 1288 1472 essentia
1309 1414 1801 1481 Trinitatis,nullo

149 1508 325 1562 modo
343 1506 456 1562 alia
477 1504 748 1578 qualibet
769 1524 1015 1577 persona
1036 1523 1104 1562 ex
1117 1507 1319 1561 eadem
1338 1506 1592 1561 essentia
1612 1509 1803 1576 potest

150 1596 417 1651 existere.
451 1596 669 1651 Deinde
693 1597 751 1650 in
797 1596 888 1651 his
935 1596 1109 1650 rebus
1132 1612 1245 1650 non
1288 1600 1514 1649 tantum
1539 1599 1800 1649 estunus

150 1684 347 1749 homo,
381 1690 667 1756 quantum
692 1690 809 1739 tres
841 1685 1107 1740 homines
1157 1683 1363 1751 simul;
1398 1688 1456 1738 et
1502 1682 1637 1754 plus
1663 1687 1802 1737 sunt

148 1773 370 1846 aliquid
397 1773 662 1829 homines
685 1774 798 1828 duo
821 1791 995 1845 quam
1026 1791 1178 1828 unus
1201 1773 1374 1828 homo
1400 1778 1483 1827 :et
1505 1773 1561 1826 in
1586 1772 1799 1826 statuis

150 1864 479 1935 aqualibus
503 1863 635 1936 plus
657 1864 781 1918 auri
805 1868 894 1919 est
924 1868 1043 1918 tres
1066 1862 1243 1917 simul
1263 1879 1438 1934 quam
1462 1861 1727 1933 singula,
1745 1866 1801 1915 et

152 1953 357 2008 minus
377 1953 505 2008 auri
524 1957 612 2008 est
631 1970 747 2007 una
768 1969 942 2024 quam
966 1953 1197 2007 dua.At
1221 1953 1273 2006 in
1296 1956 1407 2006 Deo
1435 1968 1547 2005 non
1572 1951 1652 2004 ita
1673 1954 1761 2004 est
1784 1966 1796 2005 :

149 2058 268 2098 non
289 2043 443 2097 enim
472 2042 659 2112 major
674 2043 923 2096 essentia
946 2042 1218 2097 estPater
1260 2045 1317 2095 et
1344 2040 1518 2095 Filius
1542 2045 1597 2095 et.
1619 2039 1799 2110 Spiri—

147 2137 248 2187 tus
278 2136 517 2187 sanctus
541 2130 920 2202 simul,quam
940 2131 1096 2186 solus
1113 2131 1279 2185 Pater
1296 2135 1395 2184 aut
1416 2131 1577 2184 solus
1599 2129 1799 2195 Filius;

146 2222 253 2276 sed
289 2224 406 2276 tres
435 2219 611 2277 simul
661 2220 772 2275 illa
806 2220 1148 2275 substantia
1194 2219 1313 2274 sive
1337 2234 1617 2291 persona,
1643 2218 1690 2273 si
1723 2218 1804 2272 ita

144 2310 401 2365 dicenda
433 2315 590 2376 sunt,
609 2309 859 2382 aquales
879 2313 1017 2363 sunt
1042 2307 1291 2380 singulis
1317 2326 1329 2363 :
1356 2309 1507 2379 quod
1529 2307 1799 2362 animalis

144 2396 324 2454 homo
357 2416 470 2454 non
513 2400 774 2470 percipit.
813 2399 937 2453 Non
978 2397 1135 2453 enim
1174 2402 1367 2469 potest
1398 2397 1648 2468 cogitare
1689 2396 1803 2451 nisi

146 2486 336 2543 moles
367 2492 424 2542 et
456 2488 662 2560 spatia,
684 2487 770 2542 vel
801 2486 1025 2543 minuta
1043 2486 1129 2542 vel
1152 2486 1802 2559 grandia,volitantibus

145 2575 207 2632 in
242 2576 439 2631 animo
462 2578 587 2648 ejus
609 2576 1122 2649 phantasmatibus
1144 2581 1423 2647 tanquam
1443 2575 1801 2648 imaginibus

150 2682 485 2738 corporum.

228 2756 311 2810 12.
338 2755 416 2810 Ex
449 2771 565 2826 qua
584 2754 966 2810 immunditia
990 2756 1172 2809 donec
1197 2758 1495 2826 purgetur,
1530 2752 1801 2809 credatin

149 2843 385 2900 Patrem
401 2849 457 2900 et
482 2844 685 2900 Filium
706 2850 761 2901 et
778 2845 1061 2916 Spiritum
1085 2849 1568 2909 sanctum,unum
1598 2849 1799 2909 Deum,

149 2934 368 3001 solum,
401 2933 1804 3007 magnum,omnipotentem,bonum,justum,mi-

147 3024 794 3094 sericordem,omnium
827 3023 1166 3090 visibilium,
1186 3026 1242 3077 et
1270 3021 1651 3077 invisibilium
1675 3039 1803 3077 con-

148 3112 783 3185 ditorem,etquidquid
806 3114 876 3167 de
900 3111 997 3166 illo
1015 3130 1116 3183 pro
1141 3112 1402 3166 humana
1424 3110 1695 3167 facultate
1717 3111 1803 3165 di-

146 3215 263 3272 gne
288 3215 540 3271 vereque
571 3199 682 3255 dici
707 3205 917 3271 potest.
936 3200 1133 3270 Neque
1156 3215 1285 3252 cum
1309 3198 1802 3253 audieritPatrem

150 3288 346 3344 solum
372 3289 578 3357 Deum,
605 3293 831 3359 separet
854 3288 988 3343 inde
1013 3288 1352 3357 Filium,aut
1370 3286 1655 3359 Spiritum
1676 3304 1805 3341 san-

151 3383 316 3433 ctum
346 3394 358 3433 :
383 3394 513 3433 cum
540 3395 606 3434 eo
630 3379 843 3449 quippe
868 3377 1026 3432 solus
1059 3377 1234 3443 Deus,
1261 3393 1394 3430 cum
1439 3393 1551 3447 quo
1574 3381 1629 3431 et
1653 3392 1805 3431 unus

157 3468 311 3522 Deus
340 3472 447 3535 est,
468 3467 606 3539 quia
628 3467 903 3523 etFilium
932 3484 1064 3521 cum
1090 3466 1364 3521 audimus
1387 3465 1574 3520 solum
1602 3471 1803 3532 Deum,

154 3555 281 3611 sine
307 3556 427 3611 ulla
446 3556 812 3628 separatione
832 3556 1018 3611 Patris
1039 3561 1141 3610 aut
1157 3554 1410 3626 Spiritus
1432 3555 1617 3609 sancti
1636 3572 1805 3626 opor-

158 3650 245 3700 tet
266 3644 545 3716 accipere.
577 3650 766 3717 Atque
788 3646 867 3700 ita
884 3645 1040 3699 dicat
1060 3661 1239 3699 unam
1261 3643 1665 3707 essentiam,ut
1690 3662 1806 3700 non

157 3734 454 3789 existimet
486 3734 641 3789 aliud
669 3734 801 3799 alio,
824 3733 909 3788 vel
949 3732 1262 3804 majus,vel
1295 3733 1559 3801 melius‘,
1593 3734 1679 3787 vel
1702 3733 1805 3788 ali-

158 3841 281 3895 qua
310 3840 378 3879 ex
396 3829 561 3895 parte
592 3822 907 3878 diversum.
934 3823 1057 3877 Non
1081 3827 1274 3877 tamen
1304 3828 1369 3877 ut
1394 3823 1557 3878 Pater
1578 3823 1700 3893 ipse
1731 3824 1808 3878 sit

155 3919 215 3968 et
237 3912 420 3969 Filius
441 3917 497 3967 et
530 3911 786 3985 Spiritus
829 3918 1089 3980 sanctus,
1123 3917 1180 3965 et
1206 3911 1487 3982 quidquid
1532 3911 1690 3967 aliud
1733 3914 1804 3968 ad

158 4001 510 4057 alterutrum
540 4000 774 4072 singula
812 4001 1107 4067 dicuntur;
1152 4000 1306 4055 sicut
1352 4000 1608 4056 Verbum
1651 4002 1807 4073 quod

158 4108 277 4147 non
301 4090 517 4145 dicitur
542 4088 653 4145 nisi
686 4089 884 4157 Filius,
912 4094 1013 4144 aut
1033 4089 1260 4145 Donum
1287 4091 1441 4161 quod
1461 4107 1575 4145 non
1596 4091 1809 4146 dicitur

156 4178 275 4236 nisi
308 4178 561 4250 Spiritus
583 4184 852 4234 sanctus:
876 4183 1110 4250 propter
1141 4178 1294 4250 quod
1325 4178 1500 4234 etiam
1524 4178 1807 4251 pluralem

156 4283 474 4324 numerum
514 4267 858 4331 admittunt,
904 4265 1139 4322 sicutin
1189 4266 1497 4338 Evangelio
1525 4268 1807 4339 scriptum

154 4362 247 4412 est
274 4372 289 4413 :
315 4358 427 4426 Ego
448 4365 500 4412 et
526 4358 693 4411 Pater
718 4373 892 4411 unum
910 4372 1098 4411 sumus
1121 4356 1296 4427 (Joan.
1332 4372 1387 4423 x,
1412 4356 1522 4427 30).
1548 4357 1615 4412 Et
1633 4374 1807 4411 unum

155 4446 334 4513 dixit;
368 4448 444 4511 et,
476 4462 669 4501 sumus
698 4462 716 4499 :
748 4461 941 4511 unum,
975 4444 1299 4499 secundum
1315 4445 1809 4517 essentiam,quod

155 4534 320 4589 idem
381 4533 557 4599 Deus,
608 4549 819 4601 sumus,
868 4534 1193 4589 secundum
1266 4532 1595 4604 relativum,
1656 4536 1810 4605 quod

158 4622 260 4679 illc
284 4623 471 4691 Pater,
505 4622 599 4678 hic
639 4623 841 4677 Filius.
874 4622 1201 4693 Aliquando
1243 4626 1299 4677 et
1350 4626 1578 4678 tacetur
1617 4623 1811 4678 unitas

156 4711 451 4778 essentia,
478 4716 535 4766 et
564 4710 688 4767 sola
727 4709 1032 4782 pluraliter
1073 4710 1314 4765 relativa
1348 4727 1811 4766 commemoran—

159 4807 299 4856 tur:
332 4802 615 4856 Veniemus
645 4799 714 4854 ad
742 4816 868 4854 eum
910 4816 1008 4871 ego
1053 4802 1105 4854 et
1136 4803 1317 4870 Pater,
1355 4805 1405 4855 et
1438 4801 1814 4857 habitabimus

159 4889 311 4962 apud
347 4905 474 4945 eum
509 4889 608 4961 (Id.
665 4905 782 4956 xxv,
812 4890 925 4955 23).
986 4889 1265 4944 Veniemus
1314 4894 1371 4944 et
1419 4890 1812 4963 habitabimus,

162 4978 412 5052 pluralis
434 4994 711 5033 numerus
743 4977 985 5049 estquia
1008 4978 1347 5050 pradictum
1370 4983 1478 5045 est,
1502 4984 1614 5051 Ego
1637 4988 1685 5035 et
1711 4985 1819 5036 Pa-

231 5088 245 5119 ι
272 5084 497 5143 Quidam
526 5085 670 5145 Msa,
702 5084 784 5133 vel
808 5085 994 5145 majus,
1028 5084 1109 5133 vel
1134 5085 1319 5135 minus.
1366 5086 1543 5136 Plures
1572 5100 1718 5145 vero,
1737 5085 1822 5135 vel

157 5148 350 5211 majus.
383 5147 463 5196 vel
483 5149 665 5205 minus,
694 5146 773 5196 vel
798 5146 995 5196 melius.

1529 479 1763 540 LIBER
1806 479 2195 542 OCTAVUS.

3450 486 3568 545 946

1915 622 2016 684 ter,
2050 614 2107 669 id
2131 618 2239 681 est,
2276 614 2457 671 Filius
2487 619 2543 670 et
2572 616 2759 686 Pater,
2786 632 2911 688 qua
2954 616 3190 674 relative
3212 619 3283 673 ad
3315 619 3564 678 invicem

1914 704 2208 758 dicuntur.
2232 705 2558 775 Aliquando
2603 705 2848 761 latenter
2884 708 3142 774 omnino,
3186 708 3335 764 sicut
3378 710 3435 763 in
3456 710 3564 765 Ge-

1919 792 2043 846 nesi
2074 809 2087 846 ε
2123 795 2410 847 Faciamus
2444 794 2719 849 hominem
2748 796 2817 849 ad
2849 798 3149 864 imaginem
3196 802 3249 852 et
3291 800 3565 854 similitu-

1917 881 2105 935 dinem
2130 889 2381 936 nostram
2413 884 2566 953 (Gen.
2594 902 2631 949 1,
2662 885 2773 955 ‘26).
2802 885 2867 938 Et
2888 887 3194 953 Faciamus,
3222 891 3277 941 et
3295 896 3560 957 nostram,

1917 968 2217 1039 pluraliter
2240 971 2463 1025 dictum
2490 980 2597 1040 est,
2630 981 2683 1027 et
2716 972 2828 1027 nisi
2859 990 2926 1028 ex
2957 973 3210 1029 relativis
3242 976 3423 1047 accipi
3447 993 3561 1032 non

1916 1062 2187 1129 Oportet'.
2214 1059 2335 1113 Non
2366 1060 2519 1114 enim
2550 1065 2615 1115 ut
2648 1062 2897 1117 facerent
2919 1062 3218 1127 dii,autad
3244 1064 3563 1136 imaginem

1914 1152 1970 1201 et
2000 1148 2445 1203 similitudinem
2472 1149 2743 1216 deorum;
2779 1152 2878 1206 sed
2922 1157 2985 1206 ut
3018 1153 3271 1207 facerent
3300 1157 3468 1208 Pater
3508 1158 3565 1209 et

1912 1236 2095 1291 Filius
2124 1242 2178 1291 et
2209 1237 2460 1308 Spiritus
2518 1244 2780 1307 sanctus,
2812 1242 2881 1295 ad
2915 1240 3229 1313 imaginem
3278 1242 3461 1296 Patris
3505 1246 3562 1298 et

1913 1324 2065 1391 Filii,
2094 1330 2149 1380 et
2179 1326 2428 1397 Spiritus
2462 1327 2668 1393 sancti,
2701 1333 2766 1382 ut
2792 1328 3137 1384 subsisteret
3173 1330 3345 1385 homo
3368 1330 3559 1403 imago

1911 1413 2034 1469 Dei.
2070 1415 2222 1470 Deus
2263 1420 2459 1469 autem
2504 1415 2777 1470 Trinitas.
2823 1417 2931 1471 Sed
2979 1418 3117 1488 quia
3166 1436 3280 1473 non
3321 1422 3559 1475 omnino

1911 1502 2154 1574 aqualis
2178 1503 2351 1559 {iebat
2372 1503 2473 1559 illa
2504 1504 2696 1576 imago
2742 1505 2837 1560 Dei
2890 1511 3169 1578 tanquam
3213 1524 3326 1563 non
3356 1509 3428 1563 ab
3459 1508 3559 1564 illo

1910 1597 2068 1661 nata,
2104 1593 2204 1647 sed
2238 1595 2308 1647 ab
2330 1610 2396 1648 eo
2422 1594 3329 1666 creata,hujusreisigniﬁcanda
3357 1613 3555 1667 causa,

1908 1681 1989 1736 ita
2018 1684 2207 1753 imago
2239 1686 2328 1737 est
2356 1686 2422 1736 ut
2450 1683 2521 1736 ad
2553 1682 2863 1753 imaginem
2886 1685 2989 1740 sit:
3016 1686 3069 1739 id
3102 1690 3208 1752 est,
3230 1702 3343 1740 non
3367 1703 3559 1757 aqua-

1908 1774 2006 1825 tur
2037 1770 2346 1842 parilitate,
2382 1773 2482 1827 sed
2507 1773 2761 1843 quadam
2787 1772 3172 1828 similitudine
3188 1774 3558 1830 accedit.Non

1912 1861 2066 1914 enim
2103 1861 2359 1915 locorum
2394 1860 2735 1928 intervallis,
2763 1862 2863 1916 sed
2906 1860 3291 1917 similitudine
3333 1862 3557 1918 accedi-

1910 1954 2008 2003 tur
2035 1950 2106 2004 ad
2140 1949 2343 2015 Deum,
2378 1953 2435 2004 et
2484 1949 2968 2020 dissimilitudine
3020 1952 3309 2006 receditur
3347 1954 3418 2007 ab
3466 1970 3554 2008 eo.

1911 2038 2061 2093 Sunt
2091 2038 2245 2093 enim
2275 2038 2372 2110 qui
2406 2038 2487 2094 ita
2504 2039 3341 2111 distinguunt,utimaginem,
3373 2041 3558 2097 velint

1912 2144 2039 2183 esse
2080 2127 2283 2182 Filium
2313 2126 2641 2183 :hominem
2676 2144 2808 2183 vero
2843 2146 2954 2183 non
2983 2129 3321 2201 imaginem,
3350 2131 3448 2185 sed
3483 2132 3556 2187 ad

1912 2215 2253 2289 imaginem.
2280 2216 2509 2272 Refellit
2557 2222 2749 2272 autem
2793 2234 2891 2273 eos
2930 2218 3248 2290 Apostolus
3305 2219 3505 2275 dicens
3539 2236 3552 2276 :

1919 2308 2009 2361 Vir
2043 2306 2262 2377 quidem
2289 2323 2395 2362 non
2414 2306 2569 2361 debet
2592 2307 2772 2361 velare
2813 2311 2996 2373 caput,
3034 2324 3157 2362 cum
3187 2310 3259 2362 sit
3299 2309 3480 2378 imago
3509 2313 3561 2365 et

1911 2396 2092 2463 gloria
2126 2396 2220 2450 Dei
2254 2397 2301 2463 (ῐ
2337 2396 2455 2451 Cor.
2489 2413 2567 2462 x1,
2615 2397 2690 2466 7).
2727 2400 2850 2451 Non
2902 2395 3066 2462 dixit,
3101 2396 3170 2450 ad
3206 2396 3559 2469 imaginem;

1912 2486 2011 2541 sed
2046 2487 2243 2554 imago.
2278 2486 2412 2549 Qua
2445 2488 2637 2539 tamen
2674 2485 2891 2556 imago,
2914 2501 3044 2539 cum
3066 2484 3202 2539 alibi
3228 2485 3463 2551 dicitur,
3484 2486 3563 2542 Ad

1912 2576 2231 2643 imaginem,
2266 2590 2379 2628 non
2413 2574 2579 2645 quasi
2615 2574 2685 2628 ad
2725 2574 2927 2628 Filium
2952 2574 3184 2639 dicitur,
3214 2591 3341 2646 qua
3376 2575 3563 2639 imago

1911 2663 2150 2734 aqualis
2200 2668 2289 2718 est
2318 2663 2510 2730 Patri;
2542 2662 2797 2735 alioquin
2836 2680 2949 2717 non
2986 2663 3219 2731 diceret,
3253 2665 3332 2719 ad
3362 2666 3561 2736 imagi~

1910 2769 2037 2808 nem
2070 2760 2335 2807 nostram.
2373 2752 2672 2815 Quomodo
2717 2752 2870 2806 enim
2921 2754 3185 2817 nostram,
3219 2768 3351 2807 cum
3389 2754 3566 2812 Filius

1913 2842 2099 2897 solius
2126 2841 2310 2896 Patris
2344 2841 2536 2913 imago
2585 2841 2699 2896 sit?
2747 2841 2858 2896 Sed
2892 2846 3125 2913 prepter
3160 2840 3465 2913 imparem,
3500 2848 3566 2900 ut

1912 2931 2191 3000 diximus,
2241 2929 2688 2985 similitudinem
2739 2930 2932 2985 dictus
2960 2935 3047 2986 est
3076 2930 3251 2987 homo
3273 2932 3343 2987 ad
3369 2934 3568 3003 imagi-

1912 3036 2037 3075 nem
2061 3038 2079 3075 :
2099 3024 2156 3074 et
2186 3019 2313 3073 ideo
2338 3024 2602 3084 nostram,
2634 3024 2700 3073 ut
2731 3019 2923 3091 imago
2957 3020 3261 3077 Trinitatis
3283 3027 3440 3077 esset
3460 3022 3565 3078 ho-

1914 3126 2030 3177 mo;
2066 3125 2178 3163 non
2209 3108 2477 3163 Trinitati
2502 3108 2739 3179 aqualis
2771 3108 2925 3163 sicut
2956 3108 3135 3165 Filius
3154 3111 3441 3181 Patri,sed
3475 3127 3567 3167 ac-

1914 3198 2145 3262 cedens,
2183 3201 2244 3250 ut
2274 3196 2495 3251 dictum
2520 3201 2626 3263 est,
2674 3199 2923 3269 quadam
2947 3197 3370 3269 similitudine;
3415 3201 3568 3257 sicut

1915 3285 1973 3340 in
2006 3284 2364 3340 distantibus
2415 3285 2782 3357 signiﬁcatur
2821 3287 3088 3358 quadam
3125 3288 3413 3357 vicinitas,
3449 3307 3565 3346 non

1914 3375 2047 3441 loci,
2074 3375 2171 3429 sed
2195 3374 2503 3445 cujusdam
2530 3374 2895 3430 imitationis.
2915 3376 3000 3430 Ad
3030 3375 3137 3431 hoc
3160 3377 3315 3432 enim
3345 3383 3401 3433 et
3423 3380 3568 3434 dici-

1916 3470 2030 3531 tur,
2059 3464 2460 3534 Reformamini
2490 3465 2548 3518 in
2566 3466 2805 3519 novitate
2822 3469 3018 3520 mentis
3048 3469 3241 3523 vestra
3264 3467 3436 3537 (Rom.
3462 3486 3562 3533 x11,

1913 3555 1968 3626 2)
1995 3570 2007 3606 :
2035 3553 2251 3623 quibus
2277 3552 2415 3605 item
2440 3552 2600 3620 dicit,
2628 3554 2809 3606 Estote
2831 3557 3016 3623 itaque
3038 3556 3341 3609 imitatores
3362 3557 3480 3625 Dei,
3498 3559 3569 3613 si-

1915 3651 2004 3698 cut
2024 3642 2132 3712 ﬁlii
2146 3642 2466 3696 charissimi
2488 3641 3003 3711 (Ephes.v,l).Novo
3018 3642 3171 3696 enim
3196 3642 3570 3700 hominidici-

1914 3736 2040 3787 tur:
2060 3731 2164 3799 Qui
2184 3733 2474 3785 renovatur
2488 3732 2549 3784 in.
2564 3732 2905 3799 agnitionem
2930 3732 3024 3785 Dei
3042 3732 3351 3787 secundum
3365 3735 3566 3805 imagi-

1913 3838 2039 3877 nem
2054 3822 2172 3891 ejus
2191 3821 2284 3888 qui
2298 3821 2639 3874 creaviteum
2655 3819 2880 3892 (Coloss.
2904 3820 3225 3892 111,10).Aut
3248 3822 3429 3893 sijam
3450 3823 3569 3895 pla-

1921 3915 2012 3966 cet
2036 3914 2271 3981 propter
2296 3909 2632 3980 disputandi
2658 3909 3281 3975 necessitatem,etiam
3315 3912 3568 3985 exceptis

1917 3999 2257 4057 nominibus
2280 3999 2554 4063 relativis,
2574 3998 2857 4069 pluralem
2892 4017 3204 4056 numerum
3239 4002 3566 4071 admittere,

1916 4096 1981 4145 ut
1995 4106 2109 4145 uno
2130 4088 2363 4144 nomine
2376 4089 2953 4159 respondeatur,cum
2968 4089 3413 4163 quaritur,quid
3434 4092 3569 4159 tria,

1917 4188 1972 4235 et
2000 4178 2190 4235 dicere
2224 4182 2344 4233 tres
2375 4178 2739 4233 substantias
2775 4179 2893 4233 sive
2918 4183 3036 4232 tres
3059 4195 3369 4250 personas;
3396 4181 3568 4237 nulla

1919 4267 2102 4323 moles
2123 4271 2223 4321 aut
2248 4265 2549 4321 intervalla
2569 4265 2954 4336 cogitentur,n
2966 4266 3083 4321 ulla
3097 4267 3575 4338 distantiaquan-

1908 4358 2308 4427 tulacumque
2323 4353 3571 4427 dissimilitudinis,utibi2intelligaturaliud

1922 4446 2034 4501 alio
2066 4444 2151 4500 vel
2190 4442 2361 4516 paulo
2385 4442 2602 4508 minus,
2635 4458 3007 4513 quocumque
3031 4444 3201 4499 modo
3227 4445 3425 4500 minus
3447 4463 3577 4503 esse

1923 4534 2081 4590 aliud
2106 4533 2218 4588 alio
2242 4536 2427 4604 potest
2453 4550 2465 4586 :
2493 4536 2556 4585 ut
2578 4547 2765 4603 neque
2784 4548 3169 4602 personarum
3194 4534 3271 4589 sit
3290 4535 3573 4603 confusio,

1924 4640 2031 4679 nec
2049 4623 2182 4678 talis
2208 4621 2505 4676 distinctio
2537 4636 2655 4691 qua
2678 4620 2959 4692 sitimpar
2979 4620 3391 4693 aliquid.Quod
3417 4626 3465 4678 si
3488 4625 3576 4678 in-

1923 4712 2156 4771 tellectu
2189 4711 2315 4782 capi
2339 4726 2455 4765 non
2481 4714 2687 4779 potest,
2712 4710 2823 4765 ﬁde
2850 4714 3136 4778 teneatur,
3170 4713 3352 4769 donec
3373 4712 3573 4767 illuce-

1924 4807 2047 4859 scat
2069 4802 2126 4855 in
2150 4800 2423 4855 cordibus
2444 4797 2541 4854 ille
2565 4799 2666 4871 qui
2688 4799 2768 4853 ait
2800 4814 2899 4871 per
2928 4800 3431 4872 prophetam,Nisi
3457 4818 3573 4857 cre-

1923 4891 2190 4957 dideritis,
2212 4905 2319 4945 non
2342 4887 2663 4959 intelligetis
2690 4889 2845 4960 (lsai.
2879 4906 2978 4956 v11,
3010 4889 3086 4960 9).

1994 5088 2009 5121 ι
2046 5085 2130 5134 Sic
2160 5085 2283 5133 Mss.
2315 5082 2452 5131 Editi
2490 5094 2635 5141 vero,
2673 5094 2772 5130 non
2790 5080 2969 5145 potest.

1992 5149 2013 5183 ²
2034 5149 2213 5197 Plures
2243 5146 2385 5204 Mss.,
2418 5148 2507 5193 aut
2528 5145 2617 5194 ibi.
2650 5145 2713 5193 Et
2742 5142 2978 5207 quidam,
3010 5146 3102 5193 aut
3130 5142 3233 5193 ubi.

1329 5292 1706 5386 LIBER
1820 5289 2419 5386 OCTAVUS.

228 5433 289 5483 In
321 5446 429 5496 quo
460 5432 665 5501 ratione
695 5432 903 5501 reddita
928 5437 1186 5483 monstrat
1212 5445 1321 5482 non
1351 5432 1531 5501 solum
1552 5435 1759 5501 Patrem
1792 5435 2122 5501 Filiumgnon
2151 5448 2265 5501 esse
2296 5432 2574 5501 majorem,
2599 5428 2697 5501 sed.
2723 5442 2821 5478 nec
2850 5428 3036 5501 ambos
3057 5428 3214 5501 simul
3243 5430 3443 5495 aliquid
3466 5446 3577 5485 ma-

164 5497 254 5560 jus
284 5492 399 5545 esse
429 5509 587 5557 quam
621 5496 875 5558 Spiritum
907 5501 1168 5560 sanctum,
1219 5510 1316 5560 nec
1344 5497 1609 5559 quoslibet
1642 5500 1777 5546 duos
1810 5499 1965 5547 simul
1995 5499 2048 5546 in
2079 5496 2263 5546 eadem
2312 5492 2563 5543 Trinitate
2597 5492 2767 5560 majus
2798 5492 3145 5560 essehaliquid
3179 5492 3348 5556 quam
3383 5510 3579 5559 unum,

168 5554 270 5608 nec
298 5554 489 5631 omnes
512 5554 677 5631 simul
708 5564 812 5630 tres
840 5558 1015 5631 majus
1049 5554 1390 5631 aliquidesse
1420 5574 1575 5631 quam
1608 5562 1861 5623 singulos.
1880 5562 2025 5631 Dein
2047 5562 2094 5608 le
2130 5560 2237 5631 agit
2273 5562 2329 5607 ut
2358 5562 2410 5629 et
2428 5570 2496 5631 ex.
2529 5554 3265 5631 veritatisintell‘ectiouefet
3291 5571 3355 5605 ex
3388 5554 3579 5631 notitia

168 5622 367 5696 summi
400 5621 547 5693 boni,
575 5626 626 5669 et
658 5635 721 5669 ex
751 5618 1108 5696 insitohamoi'e
1135 5618 1373 5694 iustitia.
1406 5618 1625 5696 propter
1655 5618 1813 5685 quam
1862 5624 2094 5696 diligitur
2142 5618 2351 5695 animus
2392 5620 2569 5696 justus
2601 5619 2667 5666 ab
2699 5618 2878 5696 animo
2906 5619 3067 5696 etiam
3102 5620 3343 5696 nondum
3394 5620 3579 5696 justo,

170 5685 507 5750 intelligatur
535 5684 651 5745 ipsa
681 5690 869 5750 natura
900 5684 989 5750 Dei
1023 5699 1035 5732 :
1068 5680 1317 5750 maxime,
1340 5680 1465 5750 vero
1512 5680 1763 5750 admonet
1796 5693 1851 5735 ut
1886 5680 1981 5734 Dei
2006 5686 2247 5750 cognitio
2276 5680 2548 5750 quaratur
2576 5694 2672 5750 per
2702 5680 3028 5740 churitatem,
3062 5694 3180 5744 qua
3209 5682 3264 5730 in
3296 5680 3583 5750 Scripturis

173 5749 315 5797 Deus

247 5881 617 5941 Pacomwu.
658 5909 728 5922 —-
770 5882 819 5938 1.
848 5882 1104 5955 Epilogus
1122 5882 1374 5954 superius
1402 5882 1694 5940 dictorum.
1728 5886 1826 5940 Re-

383 5746 569 5807 icitur;
602 5760 710 5807 qua
739 5747 792 5795 in
815 5747 1071 5796 cbaritate
1102 5748 1258 5797 etiam
1283 5748 1550 5797 Trinitatis
1582 5750 1863 5811 vestigium
1892 5749 2163 5813 quoddam
2190 5748 2362 5795 inesse
2393 5746 2663 5794 observat.

1934 5884 2063 5955 gula
2078 5884 2134 5937 in
2154 5879 2566 5951 difﬁcilioribus
2577 5878 2708 5950 ﬁdei
2723 5877 3117 5952 quaestionibus
3126 5881 3422 5940 servanda.
3432 5882 3582 5940 Dixi-
