4160 6456
477 461 593 520 947

471 612 603 650 mus
627 595 858 663 alibi,ea
877 594 989 649 dici
1013 591 1238 664 proprie
1262 592 1319 646 in
1337 590 1434 645 illa
1452 589 1730 645 Trinitate
1755 589 2027 643 distincte
2044 588 2115 642 ad

474 685 737 755 singulas
765 700 1041 755 personas
1069 681 1569 753 pertinentia,qu:e
1592 679 1825 733 relative
1846 678 2122 732 dicuntur

476 774 544 828 ad
573 774 836 836 invicem.
861 772 1014 828 sicut
1034 775 1264 825 Pateret
1285 769 1546 836 Filius,et
1570 769 1872 838 utriusque
1897 773 2120 820 Donum

475 862 726 934 Spiritus
745 867 1010 917 sanctus:
1033 877 1146 914 non
1179 858 1333 913 enim
1366 859 1530 912 Pater
1548 858 1930 923 Trinitas,aut
1949 855 2123 909 Filius

478 952 751 1014 Trinitas,
777 957 877 1006 aut
899 949 1158 1005 Trinitas
1188 948 1435 1002 Donum.
1487 947 1648 1010 Quod
1681 963 1811 1000 vero
1845 945 1916 999 ad
1941 961 2001 998 se
2033 944 2124 997 di-

481 1046 692 1094 cuntur
727 1037 964 1111 singuli,
1020 1054 1134 1092 non
1173 1035 1285 1090 dici
1322 1033 1621 1107 pluraliter
1639 1038 1782 1101 tres,
1807 1033 1907 1087 sed
1945 1049 2127 1086 unum

483 1127 668 1200 ipsam
707 1128 1109 1183 Trinitatem‘:
1137 1125 1290 1180 sicut
1329 1123 1481 1178 Deus
1520 1122 1706 1186 Pater,
1749 1121 1900 1177 Deus
1925 1121 2127 1189 Filius,

486 1223 635 1272 Deus
656 1215 909 1287 Spiritus
933 1219 1266 1281 sanctus;et
1291 1213 1480 1267 bonus
1504 1216 1691 1278 Pater,
1712 1211 1899 1265 bonus
1924 1208 2129 1274 Filius,

484 1306 673 1361 bonus
693 1304 940 1375 Spiritus
962 1309 1220 1367 sanctus;
1249 1307 1304 1356 et
1330 1300 1705 1370 omnipotens
1731 1299 1918 1366 Pater,
1943 1295 2131 1352 omni-

487 1399 690 1466 potens
730 1393 922 1464 Filius,
947 1391 1314 1462 omnipotens
1337 1389 1588 1460 Spiritus
1615 1392 1854 1443 sanctus
1884 1403 1895 1440 :
1927 1403 2028 1441 nec
2053 1390 2133 1440 ta-

490 1499 619 1538 men
645 1487 760 1536 tres
783 1481 882 1548 dii,
917 1485 1015 1534 aut
1049 1485 1168 1534 tres
1192 1477 1352 1543 boni,
1379 1481 1479 1532 aut
1523 1483 1636 1531 tres
1667 1474 2094 1546 omnipotentes
2121 1491 2133 1540 ;

490 1572 590 1627 sed
627 1570 964 1636 unusDeus,
993 1569 1204 1630 bonus,
1229 1566 1605 1638 omnipotens
1627 1565 1753 1636 ipsa
1774 1565 2060 1628 Trinitas;
2083 1567 2141 1617 et

493 1659 780 1732 quidquid
803 1659 959 1714 aliud
984 1674 1095 1712 non
1121 1657 1190 1712 ad
1216 1655 1459 1710 invicem
1475 1653 1839 1719 relative,sed
1864 1653 1932 1708 ad
1948 1669 2008 1707 se
2022 1651 2140 1707 sin-

498 1748 619 1821 guli
639 1748 930 1802 dicuntur.
955 1746 1069 1802 Hoc
1094 1745 1248 1801 enim
1273 1744 1592 1800 secundum
1616 1742 1929 1798 essentiam
1946 1742 2146 1796 dicun-

495 1842 614 1903 tur,
648 1837 785 1908 quia
803 1836 910 1891 hoc
926 1842 1015 1891 est
1046 1835 1124 1889 ibi
1146 1851 1293 1900 esse,
1324 1832 1474 1904 quod
1503 1847 1781 1903 magnum
1806 1847 1955 1900 esse,
1989 1829 2142 1902 quod

495 1927 715 1982 bonum
739 1941 889 1988 esse,
917 1925 1070 1996 quod
1102 1923 1426 1994 sapientem
1449 1921 1961 1991 esse.etquidquid
1989 1919 2144 1974 aliud

511 2017 583 2070 ad
616 2032 676 2070 se
705 2030 1066 2085 unaquaque
1097 2012 1176 2066 ibi
1202 2027 1469 2083 persona,
1509 2009 1594 2065 vel
1632 2009 1758 2080 ipsa
1773 2008 2026 2063 Trinitas
2065 2007 2146 2062 di-

508 2104 938 2173 citur.Ideoque
966 2101 1078 2156 dici
1122 2107 1233 2156 tres
1276 2116 1575 2172 personas,
1611 2099 1695 2154 vel
1723 2104 1842 2153 tres
1873 2100 2147 2153 substan=

502 2189 636 2260 tias,
669 2206 782 2244 non
820 2193 884 2243 ut
914 2187 1109 2259 aliqua
1140 2185 1498 2254 intelligatur
1528 2185 1830 2239 diversitas
1857 2182 2147 2248 essentia,

506 2279 607 2334 sed
641 2283 704 2333 ut
742 2277 827 2332 vel
871 2293 984 2332 uno
1017 2277 1210 2348 aliquo
1251 2274 1530 2330 vocabulo
1571 2273 1906 2345 responderi
1946 2271 2149 2343 possit,

505 2385 638 2423 cum
671 2367 883 2422 dicitur
902 2365 1040 2437 quid
1064 2371 1204 2426 tres,
1227 2364 1315 2419 vel
1343 2363 1478 2433 quid
1505 2363 1634 2430 tria;
1663 2367 2002 2432 tantamque
2024 2377 2152 2416 esse

503 2455 888 2528 aequalitatem
915 2455 971 2510 in
995 2471 1062 2510 ea
1081 2453 1384 2519 Trinitate,
1401 2457 1464 2506 ut
1494 2469 1606 2507 non
1636 2451 1825 2507 solum
1851 2455 2018 2506 Pater
2038 2467 2151 2504 non

501 2545 578 2601 sit
609 2545 796 2616 major
817 2560 993 2616 quam
1025 2541 1229 2607 Filius,
1251 2542 1405 2614 quod
1439 2541 1646 2596 attinet
1666 2541 1736 2596 ad
1762 2540 2149 2608 divinitatem,

502 2634 600 2690 sed
652 2651 757 2689 nec
809 2633 978 2688 Pater
1007 2637 1063 2687 et
1094 2631 1276 2686 Filius
1314 2630 1495 2686 simul
1529 2631 1722 2700 majus
1764 2628 1982 2700 aliquid
2036 2629 2156 2684 sint

499 2739 676 2796 quam
699 2721 952 2794 Spiritus
977 2725 1238 2789 sanctus,
1265 2725 1363 2775 aut
1387 2718 1879 2791 singulaquaque
1907 2735 2156 2790 persona

499 2812 774 2886 quaelibet
802 2811 979 2866 trium
1029 2809 1228 2865 minus
1250 2809 1472 2880 aliquid
1501 2808 1578 2863 sit
1614 2825 1790 2879 quam
1825 2808 1950 2877 ipsa
1965 2807 2152 2862 Trini-

505 2906 615 2957 tas.
651 2902 809 2955 Dicta
831 2904 968 2955 sunt
995 2899 1137 2964 haec,
1169 2902 1224 2952 et
1255 2897 1303 2952 si
1335 2897 1547 2968 saepius
1584 2897 1863 2952 versando
1892 2901 2156 2965 repetan-

500 2995 614 3056 tur,
653 2989 1001 3045 familiarius
1025 2987 1260 3059 quidem
1285 2987 1656 3042 innotescunt
1686 3002 1698 3040 :
1725 2986 1824 3040 sed
1855 2990 1912 3040 et
1949 2985 2159 3041 modus

505 3079 719 3150 aliquis
743 3078 1112 3133 adhibendus
1135 3083 1246 3145 est,
1276 3077 1502 3146 Deoque
1524 3073 1971 3146 supplicandum
1996 3075 2160 3129 devo-

503 3168 735 3223 tissima
760 3167 995 3238 pietate,
1045 3171 1106 3220 ut
1133 3163 1488 3220 intellectum
1529 3163 1768 3233 aperiat,
1793 3167 1849 3217 et
1898 3162 2159 3218 studium

501 3255 888 3313 contentionis
911 3256 1201 3320 absumat,
1227 3269 1342 3324 quo
1357 3251 1541 3323 possit
1564 3256 1755 3306 mente
1781 3252 1937 3306 cerni
1959 3268 2159 3306 essen-

513 3347 597 3401 tia
622 3345 906 3410 veritatis,
950 3344 1073 3398 sine
1116 3342 1235 3397 ulla
1273 3340 1442 3408 mole,
1466 3341 1593 3396 sine
1621 3340 1737 3394 ulla
1778 3340 2158 3396 mobilitate’.

500 3435 664 3492 Nunc
691 3435 910 3505 itaque,
936 3432 994 3486 in
1027 3435 1311 3504 quantum
1336 3429 1460 3501 ipse
1483 3430 1720 3501 adjuvat
1740 3429 1983 3485 Creator
2017 3429 2164 3485 mire

501 3523 854 3592 misericors,
901 3521 1275 3576 attendamus
1316 3518 1436 3574 haec
1487 3535 1613 3589 quae
1663 3520 1836 3573 modo
1882 3518 2163 3574 interiore

501 3629 680 3685 quam
724 3609 1066 3683 superiora8
1115 3607 1528 3674 tractabimus,
1557 3625 1692 3663 cum
1747 3607 1865 3663 sint
1916 3608 2159 3663 eadem:

500 3699 847 3756 servataiila
877 3697 1096 3768 regula,
1143 3703 1206 3752 ut
1235 3697 1385 3767 quod
1432 3695 1752 3752 intellectui
1797 3702 1995 3752 nostro
2020 3714 2164 3752 non-

507 3790 646 3844 dum
673 3787 936 3857 eluxerit,
965 3805 998 3841 a
1030 3787 1305 3841 ﬁrmitate
1328 3785 1460 3839 ﬁdei
1489 3802 1603 3839 non
1636 3784 1985 3840 dimittatur.

576 3877 810 3934 CAPUT
842 3875 1146 3932 PRIMUM.
1171 3905 1238 3914 —
1260 3874 1312 3927 2.
1339 3875 1397 3929 In
1435 3877 1547 3927 Deo
1577 3890 1690 3927 non
1711 3889 1824 3927 esse
1842 3874 2019 3937 maius
2036 3873 2168 3945 quid

511 3971 624 4020 tres
655 3983 815 4036 quam
837 3981 1006 4019 unam
1040 3978 1352 4034 personam,
1388 3965 1606 4016 ratione
1632 3966 1987 4016 monstratur.
2021 3962 2170 4018 Diui-

528 4071 662 4110 mus
694 4059 846 4108 enim
875 4069 989 4108 non
1031 4067 1158 4106 esse
1198 4051 1256 4105 in
1284 4049 1392 4104 bac
1430 4049 1712 4105 Trinitate
1735 4051 1926 4121 majus
1949 4050 2168 4122 aliquid

525 4145 672 4198 duas
715 4149 813 4198 aut
862 4148 979 4196 tres
1028 4156 1309 4212 personas
1345 4153 1520 4209 quam
1555 4155 1731 4194 unam
1754 4140 2169 4212 earum:quod

513 4249 627 4287 non
669 4231 824 4302 capit
866 4229 1226 4286 consuetudo
1268 4227 1538 4292 carnalis,
1588 4245 1700 4283 non
1747 4229 1817 4284 ob
1849 4229 2030 4299 aliud,
2057 4214 2169 4287 nisi

514 4321 654 4391 quia
678 4337 814 4374 vera
835 4335 963 4390 quae
995 4321 1189 4373 creata
1218 4320 1358 4372 sunt
1387 4315 1567 4370 sentit
1615 4321 1678 4370 ut
1721 4321 1929 4388 potest;
1961 4318 2171 4373 verita-

512 4413 631 4466 tem
662 4413 857 4463 autem
885 4407 1074 4478 ipsam
1105 4423 1219 4477 qua
1249 4413 1439 4460 creata
1459 4412 1597 4459 sunt
1623 4421 1736 4460 non
1762 4411 1955 4476 potest
1975 4405 2171 4462 intue-

513 4497 560 4553 ri
594 4515 607 4553 :
644 4514 778 4551 nam
811 4496 859 4551 si
884 4499 1104 4567 posset,
1138 4493 1297 4550 nullo
1321 4495 1494 4549 modo
1519 4498 1670 4549 esset
1701 4493 1800 4548 lux
1832 4493 1946 4548 ista
1968 4512 2173 4567 corpo-

513 4604 611 4642 rea
641 4584 1006 4641 manifestior
1028 4601 1204 4656 quam
1248 4583 1355 4639 hoc
1386 4583 1542 4655 quod
1587 4583 1864 4639 diximus.
1918 4584 1980 4638 In
2029 4586 2170 4639 sub-

508 4674 721 4731 stantia
743 4674 956 4745 quippe
981 4673 1262 4743 veritatis,
1297 4672 1577 4744 quoniam
1602 4671 1727 4727 sola
1746 4689 1878 4728 vere
1918 4678 2026 4739 est,
2056 4691 2171 4729 non

511 4769 600 4821 est
626 4764 811 4834 major
832 4763 1048 4834 aliqua,
1084 4763 1194 4817 nisi
1223 4779 1350 4834 quae
1381 4761 1573 4817 verius
1589 4763 1720 4816 est‘.
1747 4761 2042 4833 Quidquid
2069 4781 2173 4818 au-

515 4859 633 4909 tem
693 4851 1059 4923 intelligibile
1113 4857 1283 4922 atque
1340 4849 1824 4905 incommutabile
1889 4857 2000 4916 est,
2059 4861 2173 4908 non

518 4942 676 4999 aliud
699 4940 810 4997 alio
833 4941 1022 4996 verius
1054 4945 1162 5006 est,
1211 4939 1350 5010 quia
1400 4954 1565 5009 asque
1619 4938 2177 4996 incommutabiliter

524 5036 802 5088 aeternum
826 5036 938 5086 est:
959 5045 1060 5084 nec
1084 5029 1237 5100 quod
1263 5026 1341 5082 ibi
1373 5043 1648 5099 magnum
1677 5026 1912 5094 dicitur,
1938 5029 2175 5085 aliunde

529 5136 807 5192 magnum
842 5125 949 5185 est,
985 5135 1161 5191 quam
1197 5133 1262 5172 eo
1297 5133 1412 5187 quo
1453 5132 1584 5170 vere
1635 5117 1767 5170 est“.
1817 5117 2179 5190 Quapropter

528 5210 626 5266 ubi
661 5208 1002 5282 magnitudo
1043 5206 1173 5277 ipsa
1202 5205 1417 5259 veritas
1447 5208 1554 5271 est,
1589 5204 1873 5276 quidquid
1907 5205 2042 5278 plus
2073 5207 2175 5262 ha-

590 5351 610 5386 ί
641 5348 726 5399 Sic
753 5348 992 5412 plerique
1033 5347 1154 5395 Mss.
1175 5344 1241 5394 At
1271 5344 1412 5404 editi,
1443 5344 1536 5394 sed
1562 5359 1717 5395 unam
1762 5347 1926 5410 ipsam
1958 5347 2176 5397 Trinita-

527 5415 650 5464 lem.

591 5475 612 5509 ³
640 5475 698 5522 lu
730 5475 870 5528 Mss.,
903 5468 1265 5519 mutabilitate.

599 5537 618 5606 ξ
645 5535 799 5606 Editi,
819 5549 930 5606 qua:
954 5538 1099 5606 modo
1120 5538 1233 5606 tam
1273 5532 1650 5606 interior/inﬁt
1691 5534 1830 5606 Mss"
1889 5535 2177 5606 φίας-πιοᾱο

527 5599 804 5656 interiere;
826 5597 884 5644 id
917 5601 1015 5651 est,
1054 5597 1260 5645 ratione
1291 5597 1457 5655 magis
1479 5597 1666 5643 intima
1695 5599 1853 5656 atque
1876 5598 2176 5649 subtiliore.

529 5660 801 5733 Remeusis
833 5660 994 5708 codex
1031 5659 1204 5716 habet,
1238 5673 1348 5722 qua
1389 5661 1540 5707 modo
1585 5659 1826 5708 interiore
1854 5673 2007 5722 quam
2031 5676 2178 5725 supe-

586 5739 691 5771 ore.

530 5739 613 5822 ηδ
641 5785 839 5843 Quator
866 5782 1011 5841 Mss.,
1041 5783 1208 5832 verior
1236 5786 1326 5830 est.

593 5849 614 5883 ⁵
647 5847 884 5910 Plerique
914 5845 1054 5904 Μαί..
1086 5843 1223 5910 quod
1249 5858 1363 5892 vere
1390 5847 1481 5892 est.

1584 455 1684 515 DE
1728 454 2181 524 TRINITATE,

2233 456 2298 511 S.
2347 455 2769 515 AUGUSTINI
3763 458 3887 518 948

2229 588 2323 642 bet
2355 589 2799 659 magnitudinis,
2825 609 3058 647 necesse
3081 596 3255 647 estut
3287 590 3415 664 plus
3438 591 3650 647 habeat
3685 591 3896 646 verita-

2237 675 2343 730 tis:
2380 677 2662 749 quidquid
2688 695 2822 752 ergo
2852 679 2984 751 plus
3006 681 3267 736 veritatis
3293 697 3406 735 non
3431 681 3629 746 habet,
3652 696 3767 735 non
3789 680 3889 735 ha-

2234 765 2330 819 bet
2363 766 2492 836 plus
2519 767 2690 822 etiam
2727 770 3173 840 magnitudinis.
3211 769 3407 833 Porro,
3433 769 3720 841 quidquid
3752 768 3886 841 plus

2236 854 2409 909 habet
2439 856 2716 921 veritatis,
2744 859 2994 928 profecto
3016 859 3207 914 verius
3249 864 3356 927 est,
3381 860 3533 914 sicut
3577 861 3772 928 majus
3805 864 3896 914 est

2237 944 2390 1014 quod
2427 943 2557 1014 plus
2581 946 2753 1000 habet
2774 947 3354 1018 magnitudiniszhoc
3385 964 3522 1020 ergo
3544 948 3624 1002 ibi
3656 954 3746 1003 est
3769 964 3893 1002 ma-

2231 1031 2332 1101 jus
2357 1033 2508 1102 quod
2545 1033 2750 1088 verius.
2791 1039 2910 1088 Non
2945 1041 3138 1090 autem
3171 1036 3386 1099 verius,
3410 1042 3499 1090 est
3523 1041 3692 1091 Pater
3711 1041 3764 1091 et
3804 1036 3895 1090 Fi-

2238 1119 2354 1175 lius
2377 1121 2573 1187 simul,
2604 1139 2777 1193 quam
2810 1124 3079 1195 singulos
3116 1126 3301 1192 Pater,
3335 1130 3436 1180 aut
3483 1125 3756 1198 singulus
3805 1125 3895 1179 Fi-

2239 1207 2373 1264 lius.
2391 1211 2703 1282 Nonigitur
2725 1214 2915 1283 majus
2931 1213 3146 1285 aliquid
3173 1218 3487 1286 utrumque
3507 1213 3894 1286 simul,quam

2243 1297 2538 1369 singulum
2580 1316 2801 1355 eorum.
2845 1302 2913 1356 Et
2953 1302 3228 1374 quoniam
3253 1317 3412 1373 aeque
3443 1318 3574 1357 vere
3603 1306 3692 1357 est
3717 1302 3892 1357 etiam

2245 1387 2497 1457 Spiritus
2528 1393 2786 1455 sanctus,
2837 1407 2940 1445 nec
2973 1395 3143 1446 Pater
3162 1396 3217 1446 et
3248 1391 3427 1446 Filius
3473 1390 3652 1447 simul
3701 1392 3898 1462 majus

2247 1474 2460 1548 aliquid
2512 1482 2600 1532 est
2649 1495 2823 1550 quam
2857 1478 3001 1550 ipse,
3046 1480 3181 1552 quia
3216 1497 3318 1534 nec
3362 1480 3556 1535 verius
3586 1484 3694 1535 est.
3731 1480 3902 1534 Pater

2247 1581 2478 1636 quoque
2508 1571 2563 1620 et
2584 1567 2833 1638 Spiritus
2865 1575 3104 1624 sanctus
3127 1567 3324 1635 simul,
3353 1568 3630 1640 quoniam
3657 1569 3903 1624 veritate

2249 1671 2362 1708 non
2397 1661 2675 1726 superant
2707 1656 2913 1711 Filium
2942 1675 2954 1723 ;
2989 1675 3103 1712 non
3136 1658 3291 1712 enim
3343 1657 3534 1712 verius
3577 1663 3757 1726 sunt;
3800 1674 3904 1712 nec

2251 1743 2653 1815 magnitudine
2683 1751 2962 1818 superant
3000 1750 3187 1818 Atque
3228 1747 3310 1801 ita
3361 1747 3536 1801 Filius
3559 1752 3615 1802 et
3645 1747 3906 1819 Spiritus

2251 1839 2488 1888 sanctus
2511 1833 2686 1890 simul
2708 1840 2828 1891 tam
2862 1852 3137 1908 magnum
3163 1836 3385 1907 aliquid
3416 1841 3555 1891 sunt
3587 1853 3763 1907 quam
3798 1836 3905 1890 Pa-

2251 1925 2340 1976 ter
2373 1922 2554 1989 solus,
2589 1923 2722 1994 quia
2751 1929 2867 1978 tam
2896 1941 3025 1979 vere
3057 1929 3213 1980 sunt.
3250 1924 3343 1979 Sic
3372 1929 3428 1979 et
3477 1923 3603 1996 ipsa
3643 1923 3906 1979 Trinitas

2254 2015 2372 2066 tam
2406 2028 2683 2083 magnum
2714 2019 2822 2079 est,
2875 2030 3052 2084 quam
3103 2030 3468 2085 unaquaeque
3498 2012 3578 2066 ibi
3629 2029 3903 2084 persona.

2254 2101 2378 2155 Non
2410 2101 2565 2156 enim
2590 2101 2668 2155 ibi
2703 2104 2887 2173 major
2915 2109 3023 2172 est,
3058 2119 3188 2175 qua
3218 2105 3402 2158 verior
3425 2119 3537 2158 non
3561 2107 3669 2168 est,
3698 2102 3794 2156 ubi
3819 2107 3910 2157 est

2256 2189 2384 2262 ipsa
2405 2190 2617 2245 veritas
2644 2192 3001 2264 magnitudo.
3040 2193 3187 2258 Quia
3231 2191 3289 2246 in
3340 2191 3595 2248 essentia
3625 2191 3911 2260 veritatis,

2257 2279 2366 2334 hoc
2396 2284 2485 2333 est
2506 2296 2703 2334 verum
2735 2295 2862 2336 esse
2889 2282 3043 2352 quod
3076 2298 3203 2336 esse
3227 2299 3239 2349 ;
3265 2287 3322 2337 et
3347 2282 3457 2337 hoc
3481 2287 3571 2336 est
3600 2298 3731 2336 esse
3753 2281 3912 2352 quod

2259 2373 2347 2422 est
2403 2384 2681 2440 magnum
2741 2386 2870 2425 esse
2903 2386 2914 2424 :
2947 2370 3056 2425 hoc
3105 2375 3194 2425 est
3247 2387 3383 2442 ergo
3426 2387 3708 2442 magnum
3758 2386 3916 2436 esse,

2261 2458 2412 2530 quod
2444 2475 2644 2512 verum
2672 2474 2819 2514 esse.
2845 2458 3004 2522 Quod
3035 2459 3215 2532 igitur
3253 2459 3334 2513 ibi
3365 2476 3527 2531 aeque
3557 2475 3756 2515 verum
3801 2463 3914 2526 est,

2259 2546 2435 2601 etiam
2459 2563 2619 2618 eaque
2654 2563 2931 2620 magnum
2961 2548 3038 2603 sit
3069 2565 3304 2605 necesse
3334 2553 3444 2604 est.

2331 2635 2563 2690 CAPUT
2589 2637 2653 2691 II.
2689 2668 2756 2677 —
2784 2638 2836 2691 3.
2873 2637 3188 2710 Respuenda
3214 2639 3389 2691 omnis
3420 2637 3722 2708 corporalis
3751 2638 3922 2709 cogi-

2259 2725 2415 2790 tatio,
2439 2729 2503 2778 ut
2532 2726 2668 2780 Deus
2692 2729 2947 2797 capiatur
2992 2726 3254 2798 quomodo
3304 2727 3442 2781 Deus
3471 2736 3549 2780 est
3578 2727 3806 2781 veritas.
3853 2728 3923 2780 ln

2262 2814 2603 2886 corporibus
2642 2821 2834 2870 autem
2890 2816 3011 2869 ﬁeri
3058 2821 3247 2887 potest
3290 2823 3355 2870 ut
3395 2831 3558 2887 aeque
3604 2831 3808 2870 verum
3843 2814 3928 2870 sit

2263 2902 2370 2957 hoc
2401 2919 2608 2957 aurum
2642 2909 2815 2976 atque
2849 2903 3018 2971 illud,
3063 2905 3160 2960 sed
3214 2905 3405 2974 majus
3455 2905 3560 2960 hoc
3613 2905 3688 2959 sit
3736 2920 3924 2975 quam

2265 2990 2433 3055 illud,
2462 2992 2599 3062 quia
2627 3009 2739 3046 non
2787 2994 2989 3048 eadem
3013 2992 3093 3047 ibi
3127 2999 3213 3047 est
3281 2993 3626 3065 magnitudo
3670 3010 3798 3065 quas
3830 3009 3929 3047 ve-

2265 3080 2434 3147 ritas;
2467 3081 2742 3152 aliudque
2777 3081 2861 3135 illi
2893 3088 2981 3137 est
3011 3098 3243 3146 aurum,
3272 3098 3398 3136 esse
3443 3081 3598 3136 aliud
3634 3098 3927 3153 magnum

2264 3186 2410 3225 esse.
2444 3170 2536 3224 Sic
2562 3176 2619 3225 et
2651 3171 2706 3224 in
2743 3171 2926 3225 animi
2961 3175 3168 3225 natura
3199 3171 3527 3225 secundum
3586 3171 3741 3243 quod
3776 3171 3931 3225 dici-

2265 3261 2363 3313 tur
2392 3275 2642 3329 magnus
2673 3259 2930 3324 animus,
2964 3277 3076 3314 non
3102 3259 3425 3314 secundum
3454 3259 3563 3314 hoc
3597 3259 3813 3314 dicitur
3834 3275 3936 3312 vc-

2267 3365 2368 3402 rus
2389 3348 2642 3403 animus.
2672 3348 2940 3403 Animum
2975 3349 3130 3404 enim
3160 3365 3363 3403 verum
3397 3348 3576 3404 habet
3601 3349 3776 3403 etiam
3821 3349 3931 3420 qui

2269 3454 2383 3492 non
2431 3441 2519 3491 est
2565 3437 3526 3509 magnanimuszquandoquidem
3578 3437 3844 3509 corporis
3875 3442 3937 3493 et

2268 3525 2446 3581 animi
2471 3526 2746 3591 essentia,
2781 3543 2897 3581 non
2926 3530 3013 3581 est
3047 3526 3232 3598 ipsius
3261 3526 3525 3581 veritatis
3549 3525 3830 3592 essentia,
3851 3526 3932 3580 si-

2268 3620 2366 3671 cut
2391 3619 2479 3670 est
2497 3616 2754 3671 Trinitas
2795 3615 2947 3670 Deus
2977 3633 3152 3681 unus,
3193 3613 3379 3681 solus,
3430 3631 3703 3687 magnus,
3731 3631 3932 3680 verus,

2267 3722 2457 3772 verax,
2490 3705 2720 3760 veritas.
2753 3705 2934 3769 Quem
2959 3705 3006 3760 si
3031 3705 3282 3776 cogitare
3307 3721 3611 3774 conamur,
3632 3709 3930 3775 quantum

2271 3793 2410 3850 sinit
2439 3799 2494 3848 et
2524 3795 2718 3861 donat,
2741 3793 2939 3849 nullus
2976 3793 3260 3865 cogitetur
3299 3809 3401 3865 per
3441 3791 3701 3849 locorum
3735 3795 3933 3865 spatia

2271 3887 2572 3938 contactus
2617 3888 2718 3937 aut
2747 3881 3107 3954 complexus,
3149 3882 3316 3953 quasi
3360 3881 3537 3936 trium
3570 3899 3883 3953 corporum
3913 3899 3927 3950 ;

2272 3971 2434 4026 nulla
2470 3987 2750 4042 compago
2793 3971 3101 4042 juncturaa,
3135 3970 3290 4024 sicut
3333 3970 3715 4042 tricorporem
3751 3971 3931 4045 Geryo

2271 4075 2440 4115 onem
2484 4061 2689 4115 fabulae
2725 4060 2915 4114 ferunt
2948 4077 2960 4115 :
2997 4060 3094 4114 sed
3131 4059 3422 4131 quidquid
3459 4059 3654 4114 animo
3689 4059 3808 4114 tale
3833 4078 3930 4115 oc-

2273 4141 2537 4207 currerit,
2572 4146 2635 4195 ut
2685 4142 2876 4210 majus
2906 4139 2978 4194 sit
3013 4140 3065 4192 in
3113 4140 3303 4194 tribus
3351 4155 3529 4210 quam
3560 4138 3618 4193 in
3653 4139 3929 4210 singulis,

2275 4229 2588 4300 minusque
2619 4229 2676 4284 in
2705 4245 2818 4283 uno
2852 4244 3026 4300 quam
3072 4229 3131 4282 in
3164 4228 3414 4294 duobus,
3447 4227 3574 4283 sine
3606 4227 3726 4283 ulla
3756 4229 3931 4283 dubi-

2272 4319 2488 4373 tatione
2516 4322 2863 4389 respuatur:
2893 4317 2973 4370 ita
3015 4316 3171 4371 enim
3205 4316 3500 4388 respuitur
3519 4333 3693 4372 omne
3723 4333 3933 4388 corpo-

2275 4407 2536 4462 reum.ln
2563 4406 2967 4479 spiritualibus
2991 4410 3185 4459 autem
3232 4421 3405 4460 omne
3451 4405 3740 4460 mutabile
3772 4408 3932 4478 quod

2275 4495 2731 4562 occurrerit,non
2747 4500 2982 4566 putetur
3003 4495 3306 4549 Deus.Non
3327 4495 3478 4549 enim
3501 4511 3687 4566 parva:
3705 4495 3932 4550 notitiae

2276 4602 2411 4658 pars
2435 4589 2542 4652 est,
2571 4601 2703 4640 cum
2726 4585 2794 4637 de
2814 4584 3098 4655 profundo
3123 4584 3232 4637 isto
3254 4582 3313 4637 in
3336 4582 3497 4638 illam
3523 4584 3931 4639 summitatem

2275 4674 2655 4745 respiramus,
2691 4674 2737 4728 si
2771 4678 3086 4744 antequam
3131 4672 3278 4727 scire
3323 4672 3619 4744 possimus
3660 4674 3803 4744 quid
3860 4675 3935 4728 sit

2275 4763 2450 4832 Deus,
2481 4764 2929 4835 possumusjam
2955 4761 3104 4816 scire
3124 4761 3264 4833 quid
3288 4777 3400 4816 non
3425 4759 3930 4819 sit.Nonestenim

2276 4857 2447 4919 certe,
2475 4867 2580 4906 nec
2601 4857 2773 4916 terra,
2797 4867 2902 4905 nec
2927 4849 3159 4918 coelum,
3197 4867 3301 4904 nec
3325 4850 3489 4921 quasi
3531 4855 3688 4906 terra
3727 4858 3786 4906 et
3820 4869 3932 4908 cre-

2275 4941 2423 5008 lum,
2469 4957 2573 4996 nec
2623 4941 2737 4996 tale
2778 4940 2997 5012 aliquid
3043 4939 3213 5011 quale
3244 4940 3508 4994 videmus
3533 4941 3591 4995 in
3623 4941 3792 5009 ccelo,
3828 4959 3934 4998 nec

2278 5031 2560 5102 quidquid
2597 5030 2706 5083 tale
2738 5046 2852 5083 non
2887 5029 3172 5084 videmus‘
3197 5033 3253 5082 et
3273 5035 3361 5083 est
3385 5029 3729 5084 fortassisin
3763 5031 3930 5086 cmlo.

2278 5121 2390 5175 Nec
2420 5120 2465 5174 si
2491 5135 2705 5190 augeas
2726 5118 3142 5189 imaginatione
3161 5117 3532 5187 cogitationis
3553 5117 3745 5173 lucem
3771 5120 3934 5188 solis,

2277 5214 2558 5280 quantum
2586 5212 2767 5278 potes,
2802 5208 2921 5261 sive
2945 5222 3059 5276 quo
3083 5207 3158 5260 sit
3185 5207 3392 5276 major,
3418 5207 3536 5261 sive
3555 5224 3672 5278 quo
3717 5209 3800 5262 sit
3819 5208 3908 5266 cla

2278 5299 2414 5365 rior,
2454 5296 2663 5351 millies
2684 5300 2936 5362 tantum,
2957 5295 3596 5362 autinnumerabiliter,
3615 5313 3807 5369 neque
3831 5298 3936 5352 hoc

2278 5390 2367 5441 est
2391 5384 2681 5440 Deus.Nec
2701 5383 2854 5437 sicut
2877 5381 3442 5453 cogitantur'Angeli
3462 5383 3665 5436 mundi
3691 5384 3935 5453 spiritus

2279 5474 2530 5529 cmiestia
2549 5470 3180 5542 corporainspirantes,
3209 5475 3384 5540 atque
3398 5470 3468 5523 ad
3493 5471 3807 5526 arbitrium
3824 5489 3935 5544 quo

2279 5561 2666 5618 serviuntDeo
2683 5565 2978 5614 mutantes
2993 5564 3167 5630 atque
3189 5563 3622 5629 versantes,nec
3643 5560 3692 5614 si
3709 5577 3932 5626 omnes,

2341 5725 2356 5760 ί
2393 5723 2476 5786 Sic
2508 5723 2637 5786 Am._
2656 5724 2708 5768 et
2737 5719 2858 5768 Mss.
2891 5720 2958 5769 At
2983 5719 3069 5768 Er.
3099 5721 3152 5768 et
3181 5719 3434 5778 Lov.,nec
3449 5717 3553 5769 tale
3573 5719 3930 5786 aliquidquid-

2279 5785 2523 5850 quid_non
2550 5783 2794 5850 videmus.

2342 5848 2363 5883 ³
2391 5847 2563 5907 Forte,
2590 5845 2692 5894 Nec
2722 5844 2768 5893 εἰ
2793 5843 3096 5909 cogitentur.
