4160 6490
318 441 435 500 949

317 587 453 627 cum
485 570 604 628 sint
631 570 818 629 millia
848 571 1097 629 millium
1119 573 1166 647 (Ι
1191 574 1351 647 Apoc.
1374 592 1427 641 v,
1452 575 1628 647 il),in
1652 593 1834 631 unum
1860 576 1975 633 col-

315 658 421 715 lati
454 678 608 717 unus
634 662 799 729 ﬂant,
825 678 929 718 nec
958 662 1071 717 tale
1103 663 1320 734 aliquid
1348 670 1495 719 Deus
1517 666 1744 720 est.Nec
1773 665 1818 718 si
1844 682 1970 721 eos-

316 750 448 806 dem
483 750 729 823 spiritus
758 750 885 806 sine
915 753 1259 823 corporibus
1291 753 1529 825 cogites,
1553 756 1706 825 quod
1733 754 1968 825 quidem

315 838 537 895 carnali
556 840 899 913 cogitationi
918 840 1333 896 difﬁcillimum
1358 843 1615 897 est.Ecce
1640 842 1841 909 vide,si
1868 860 1968 913 po-

314 934 465 993 tes,o
496 929 696 984 anima
720 936 1079 1001 praegravata
1102 947 1338 1002 corpore
1364 932 1517 1002 quod
1551 932 1965 1002 corrumpitur,

314 1023 374 1073 et
404 1024 615 1073 onusta
648 1019 902 1074 terrenis
935 1019 1388 1090 cogitationibus
1423 1020 1623 1075 multis
1655 1026 1710 1074 et
1741 1022 1915 1075 variis
1950 1037 1963 1087 ;

313 1123 448 1163 ecce
477 1108 627 1178 vide,
662 1106 710 1161 si
746 1112 909 1179 potes
944 1124 957 1162 :
991 1108 1144 1164 Deus
1180 1108 1411 1163 Veritas
1442 1114 1530 1162 est
1559 1110 1706 1181 (Sep.
1745 1127 1821 1179 ix,
1856 1110 1964 1182 15).

314 1196 433 1251 Hoc
450 1196 601 1251 enim
636 1196 924 1268 scriptum
947 1198 1343 1267 est,()uoniam
1361 1198 1497 1252 Deus
1517 1198 1618 1252 lux
1647 1208 1723 1253 est
1743 1198 1785 1267 (Ι
1806 1199 1963 1255 Joan.

312 1301 355 1349 ι,
388 1285 443 1357 5)
478 1302 491 1340 :
526 1302 636 1340 non
673 1286 966 1357 quomodo
996 1284 1091 1340 isti
1126 1284 1273 1341 oculi
1307 1286 1524 1345 vident.
1550 1288 1646 1341 sed
1672 1288 1967 1365 quomodo

308 1375 471 1429 videt
501 1391 619 1441 eor,
651 1391 783 1429 cum
817 1375 988 1429 audis
1031 1378 1068 1445 ³,
1102 1374 1334 1431 Veritas
1387 1379 1494 1430 est.
1548 1375 1671 1432 Noli
1714 1392 1969 1446 quaerere

310 1464 454 1535 quid
487 1463 565 1518 sit
592 1462 805 1518 veritas
832 1488 845 1529 ;
878 1462 1079 1518 statim
1113 1462 1267 1518 enim
1293 1479 1353 1518 se
1376 1468 1669 1535 opponent
1690 1464 1969 1536 caligines

307 1552 638 1623 imaginum
674 1551 1070 1624 corporalium
1092 1556 1148 1607 et
1172 1551 1373 1607 nubila
1398 1553 1969 1623 phantasmatum,et

309 1641 737 1713 perturbabunt
768 1640 1169 1708 serenitatem,
1207 1658 1335 1713 quas
1368 1642 1557 1713 primo
1607 1642 1721 1697 ictu
1756 1642 1970 1697 diluxit

309 1729 443 1795 tibi,
475 1746 609 1785 cum
642 1729 915 1793 dicerem,
947 1730 1192 1786 Veritas.
1215 1730 1357 1785 Ecce
1388 1729 1445 1783 in
1470 1729 1595 1801 ipso
1628 1730 1815 1801 primo
1848 1729 1963 1785 ictu

311 1834 427 1890 quo
456 1818 614 1873 velut
644 1818 1047 1874 coruscatione
1097 1818 1532 1891 perstringeris,
1565 1835 1697 1873 cum
1732 1819 1965 1888 dicitur,

310 1905 564 1976 Veritas,
598 1924 766 1963 mane
799 1907 848 1962 si
906 1912 1072 1979 potes
1107 1924 1119 1962 :
1155 1907 1255 1961 sed
1289 1924 1404 1962 non
1454 1913 1653 1979 potes;
1688 1907 1967 1963 relaberis

314 1995 374 2051 in
425 1995 539 2052 ista
569 1996 740 2052 solita
770 2001 944 2067 atque
979 2005 1225 2051 terrena.
1261 1998 1383 2061 Quo
1422 1997 1655 2051 tandem
1692 1997 1964 2068 pondere,

316 2099 535 2152 quaeso,
567 2082 865 2147 relaberis,
900 2082 1013 2138 nisi
1046 2083 1305 2137 sordium
1340 2088 1771 2137 contractarum
1804 2083 1967 2155 cupi-

314 2172 518 2228 ditatis
545 2172 702 2227 visco
732 2176 789 2227 et
820 2170 1307 2243 peregrinationis
1341 2172 1638 2226 erroribus
1663 2175 1686 2226 ?

386 2260 619 2317 CAPUT
658 2262 753 2315 Ill.
790 2292 853 2301 —
882 2262 933 2315 4.
970 2260 1242 2329 Quomodo
1273 2269 1629 2329 cognoscatur
1662 2262 1825 2315 Deum
1857 2275 1969 2314 esse

312 2367 593 2407 summum
616 2350 1083 2406 bonum.’Am‘mus
1098 2351 1324 2404 nonnisi
1342 2351 1686 2406 conversione
1709 2349 1778 2403 ad
1800 2351 1970 2404 Deum

311 2440 373 2513 ﬁt
405 2440 591 2496 bonus.
624 2440 767 2495 Ecce
796 2439 1010 2495 iterum
1042 2440 1195 2507 vide,
1214 2438 1263 2493 si
1288 2439 1605 2510 potes.Non
1631 2456 1793 2494 amas
1815 2443 1968 2494 certe

314 2529 426 2585 nisi
459 2530 704 2591 bonum,
728 2528 869 2600 quia
894 2528 1044 2583 bona
1064 2533 1153 2583 est
1172 2533 1327 2582 terra
1348 2528 1657 2583 altitudine
1678 2528 1967 2582 montium

324 2622 381 2674 et
410 2622 873 2690 temperamento
905 2616 1141 2673 collium
1175 2620 1234 2672 et
1264 2616 1504 2688 planitie
1534 2619 1971 2688 camporum,et

328 2707 549 2763 bonum
574 2707 853 2778 praedium
886 2723 1181 2761 amomum
1215 2722 1280 2761 ac
1303 2705 1572 2770 tertile,et
1589 2706 1740 2761 bona
1760 2706 1972 2761 domus

330 2796 569 2868 paribus
587 2794 868 2850 membris
882 2794 1169 2865 disposita
1184 2793 1437 2864 etampla
1454 2797 1511 2848 et
1524 2793 1800 2864 lucida,et
1820 2793 1974 2848 bona

315 2883 598 2941 animalia
622 2886 886 2939 animata
908 2899 1170 2954 corpora,
1188 2888 1244 2936 et
1261 2882 1449 2937 bonus
1468 2898 1568 2937 aer
1588 2882 1886 2936 modestus
1918 2885 1975 2936 et

322 2972 661 3041 salubris,et
684 2972 876 3027 bonus
904 2971 1070 3026 cibus
1093 2970 1289 3025 suavis
1306 2974 1479 3041 atque
1500 2975 1671 3042 aptus
1693 2970 1969 3024 valetudi-

318 3063 400 3129 ni,
438 3065 494 3116 et
515 3061 667 3116 bona
684 3059 955 3115 valetudo
980 3059 1103 3114 sine
1126 3057 1428 3114 doloribus
1443 3064 1499 3113 et
1526 3058 1892 3125 lassitudine,
1916 3063 1974 3114 et

316 3151 471 3206 bona
504 3149 681 3205 facies
713 3149 970 3204 hominis
1001 3149 1270 3203 dimensa
1299 3147 1557 3219 pariliter
1577 3153 1633 3202 et
1654 3150 1858 3203 affecta
1882 3148 1965 3203 hi-

317 3239 519 3294 lariter
546 3244 604 3294 et
632 3237 956 3294 luculenter
985 3237 1326 3303 colorata,et
1355 3238 1544 3292 bonus
1568 3238 1801 3293 animus
1823 3238 1969 3293 ami-

318 3327 369 3383 ci
392 3327 798 3383 consensionis
818 3326 1125 3381 dulcedine
1149 3330 1205 3380 et
1224 3326 1443 3381 amoris
1462 3327 1655 3393 fide,et
1680 3328 1865 3381 bonus
1887 3327 1973 3381 vir

308 3417 601 3488 justus,et
630 3416 794 3470 bona:
828 3416 1066 3479 divitiae,
1092 3416 1228 3486 quia
1250 3414 1416 3470 facile
1437 3414 1769 3487 expediunt,
1790 3420 1844 3471 et
1874 3417 1967 3471 bo.

309 3503 677 3562 numcoalum
698 3521 831 3559 cum
852 3504 974 3559 sole
990 3509 1046 3559 et
1061 3503 1198 3558 luna
1215 3503 1471 3559 etstellis
1490 3503 1613 3558 suis
1629 3510 1684 3557 et
1700 3505 1835 3559 boni
1861 3512 1970 3559 Au-

319 3593 432 3668 geli
457 3598 660 3649 sancta
688 3592 1038 3659 obedientia,
1069 3597 1119 3648 et
1144 3593 1297 3647 bona
1330 3590 1544 3647 locutio
1575 3593 1830 3648 suaviter
1867 3594 1969 3648 do-

320 3698 459 3738 cens
490 3686 548 3738 et
577 3684 966 3754 congruenter
997 3697 1245 3735 monens
1266 3681 1287 3715 ³
1310 3681 1727 3747 audientem,et
1747 3682 1968 3737 bonum

321 3787 561 3827 carmen
598 3786 881 3826 canorum
918 3770 1179 3824 numeris
1206 3773 1262 3825 et
1290 3769 1593 3825 sententiis
1622 3771 1970 3842 grave.Quid

327 3860 499 3933 plura
528 3864 586 3916 et
614 3859 828 3933 plura?
858 3860 1079 3914 Bonum
1114 3858 1223 3913 hoc
1253 3864 1311 3914 et
1352 3859 1568 3914 bonum
1601 3859 1744 3915 illud
1780 3878 1793 3915 :
1834 3859 1971 3916 tolle

323 3950 435 4006 hoc
452 3954 509 4005 et
532 3948 761 4018 illud,et
780 3947 910 4003 vide
938 3948 1130 4020 ipsum
1156 3948 1454 4016 bonum,si
1480 3952 1672 4020 potes:
1687 3949 1767 4003 ita
1788 3949 1970 4005 Deum

321 4037 569 4106 videbis,
612 4053 726 4093 non
760 4036 873 4091 alio
922 4037 1073 4091 bono
1116 4036 1337 4091 bonum
1381 4037 1482 4092 sed
1530 4037 1745 4093 bonum
1780 4038 1973 4095 omnis

324 4125 483 4183 boni.
515 4125 713 4198 Neque
743 4126 899 4181 enim
947 4124 1005 4179 in
1052 4124 1145 4180 his
1184 4125 1458 4181 omnibus
1507 4125 1697 4195 bonis,
1730 4125 1815 4182 vel
1847 4144 1972 4198 quas

323 4214 819 4285 commemoravit,
850 4212 937 4269 vel
972 4231 1098 4286 quae
1140 4214 1253 4269 alia
1300 4219 1620 4269 cernuntur
1649 4215 1767 4269 sive
1816 4217 1972 4288 cogi-

323 4309 549 4371 tantur,
584 4302 913 4359 diceremus
944 4302 1101 4358 aliud
1138 4302 1252 4359 alio
1286 4302 1497 4358 melius
1529 4321 1660 4359 cum
1714 4321 1843 4360 vere
1874 4306 1973 4375 ju-

323 4393 614 4459 dicamus,
645 4391 757 4447 nisi
790 4396 945 4447 esset
979 4391 1147 4447 nobis
1180 4392 1468 4464 impressa
1497 4393 1655 4448 notio
1694 4393 1805 4464 ipsi
1837 4393 1975 4449 boni

324 4482 650 4538 secundum
684 4480 839 4553 quod
872 4485 929 4535 et
953 4480 1334 4552 probaremus
1366 4480 1675 4553 aliquid,et
1695 4482 1852 4538 aliud
1878 4482 1975 4537 alii

327 4586 821 4643 praeponeremus.
862 4569 955 4625 Sic
988 4569 1278 4624 amandus
1309 4575 1396 4624 est
1425 4569 1598 4637 Deus,
1634 4588 1748 4626 non
1779 4571 1886 4625 hoc
1918 4576 1977 4626 et

326 4658 473 4714 illud
505 4660 744 4729 bonum,
779 4658 878 4713 sed
911 4658 1105 4730 ipsum
1138 4658 1377 4712 bonum.
1411 4660 1793 4724 Quaerendum
1817 4660 1974 4715 enim

327 4747 551 4803 bonum
584 4746 813 4813 animai,
846 4763 962 4801 non
996 4745 1088 4801 cui
1121 4746 1501 4817 supervolitet
1524 4749 1973 4819 judicando,sed

330 4836 425 4891 cui
458 4835 674 4891 haereat
704 4836 955 4891 amando
988 4851 1001 4889 :
1037 4839 1094 4890 et
1126 4835 1265 4907 quid
1298 4835 1429 4900 hoc,
1463 4837 1575 4892 nisi
1622 4837 1820 4892 Deus?
1851 4837 1975 4892 Non

335 4926 522 4981 bonus
554 4924 808 4995 animus,
842 4929 941 4979 aut
975 4924 1161 4978 bonus
1192 4925 1455 4995 angelus,
1489 4930 1588 4980 aut
1618 4926 1833 4981 bonum
1860 4943 1975 4981 cce-

330 5014 457 5069 lum
486 5030 499 5081 ;
531 5013 630 5068 sed
663 5013 878 5068 bonum
926 5013 1167 5067 bonum.
1222 5012 1315 5068 Sic
1358 5014 1515 5068 enim
1566 5015 1709 5069 forte
1750 5014 1977 5068 facilius

330 5100 655 5160 advertitur
682 5101 816 5170 quid
850 5101 1020 5157 velim
1056 5100 1417 5157 dicere.Cum
1445 5103 1597 5158 enim
1630 5104 1825 5170 audio,
1845 5120 1975 5160 ver-

330 5191 389 5247 bi
421 5189 789 5263 gratia,quod
812 5189 1028 5245 dicitur
1057 5190 1293 5246 animus
1314 5190 1684 5255 bonus,sicut
1712 5193 1829 5248 duo
1850 5209 1975 5248 ver-

329 5280 405 5336 ba
434 5282 596 5344 sunt,
645 5278 725 5333 ita
775 5294 842 5334 ex
872 5277 955 5333 eis
986 5278 1179 5333 verbis
1210 5279 1325 5334 duo
1357 5281 1621 5351 quaedam
1668 5280 1928 5353 intelligo
1962 5298 1975 5337 :

328 5366 487 5424 aliud
518 5382 630 5437 quo
648 5366 882 5421 animus
904 5366 1175 5431 est,aliud
1198 5384 1313 5438 quo
1335 5369 1541 5424 bonus.
1560 5370 1623 5423 Et
1645 5369 1880 5441 quidem
1914 5373 1981 5425 ut

330 5456 567 5513 animus
597 5459 771 5524 esset,
796 5472 910 5511 non
945 5455 1065 5528 egit
1097 5456 1221 5529 ipse
1252 5456 1471 5529 aliquid
1497 5476 1510 5525 ;
1547 5474 1661 5513 non
1683 5458 1978 5529 enimjam

332 5551 458 5601 erat
477 5546 631 5617 quod
648 5550 844 5618 ageret
858 5550 922 5599 ut
939 5550 1123 5599 esset:
1142 5550 1290 5601 utau
1302 5551 1412 5602 tem
1428 5546 1704 5603 sitbonus
1723 5548 1978 5618 animus,

402 5689 417 5723 ι
451 5686 611 5744 Editi,
641 5700 754 5735 cum
785 5683 950 5733 audit.
982 5685 1047 5735 At
1074 5686 1218 5747 Mss.,
1265 5702 1375 5739 cum
1412 5689 1578 5739 audis.
1608 5690 1982 5740 Germanensis

337 5750 524 5810 codex,
549 5749 676 5798 Cum
705 5762 844 5797 enim
872 5747 1042 5809 audit;
1072 5754 1174 5801 etc.

401 5814 424 5848 ⁸
452 5811 639 5864 Plure-
661 5811 808 5872 Ilu.,
842 5824 1061 5862 morm.

1696 444 1928 505 LIBER
1976 445 2365 510 OCTAVUS.

3611 443 3732 504 950

2080 578 2248 635 video
2262 581 2551 652 agendum
2569 597 2699 636 esse
2710 579 3036 645 voluntate;
3056 595 3171 634 non
3184 576 3321 650 quia
3338 575 3595 649 idipsum
3610 591 3725 647 quo

2081 668 2316 723 animus
2339 674 2445 734 est,
2470 686 2579 724 non
2602 674 2689 724 est
2712 669 2932 740 aliquid
2953 669 3087 724 boni
3114 686 3127 735 ;
3152 684 3286 721 nam
3314 666 3600 735 undejam
3639 663 3725 718 di-

2080 756 2249 825 citur,
2266 762 2321 811 et
2350 757 2651 813 verissime
2674 758 2883 813 dicitur
2906 773 3143 829 corpore
3170 755 3416 810 melior?
3445 754 3544 808 sed
3570 753 3721 821 ideo,

2079 845 2336 900 nondum
2356 847 2565 901 dicitur
2586 848 2770 902 bonus
2794 845 3303 917 animusquoniam
3321 842 3560 898 restatei
3576 842 3724 897 actio

2076 932 2416 996 voluntatis.
2442 952 2557 1006 qua
2581 935 2655 990 sit
2678 936 3080 1007 praestantior;
3115 950 3289 1005 quam
3315 932 3361 988 si
3387 931 3723 1003 neglexerit,

2070 1022 2202 1091 jure
2233 1022 2523 1093 culpatur,
2556 1030 2820 1094 recteque
2852 1024 3063 1077 dicitur
3095 1039 3206 1077 non
3241 1022 3428 1076 bonus
3467 1019 3721 1075 animus.

2080 1109 2261 1164 Distat
2282 1112 2438 1166 enim
2456 1112 2528 1166 ab
2550 1129 2614 1168 eo
2635 1112 2736 1183 qui
2761 1112 2870 1167 hoc
2888 1112 3006 1183 agit
3024 1128 3036 1165 :
3052 1115 3107 1167 et
3126 1109 3369 1182 quiaille
3385 1106 3723 1174 laudabilis,

2078 1200 2333 1271 profecto
2355 1199 2465 1254 iste
2488 1200 2588 1271 qui
2613 1200 2722 1255 hoc
2746 1217 2857 1254 non
2886 1197 3440 1272 agit,vituperabilis
3464 1200 3721 1251 est.Cum

2075 1303 2206 1343 vero
2231 1288 2351 1359 agit
2382 1287 2489 1342 hoc
2513 1289 2726 1354 studio,
2757 1294 2813 1343 et
2843 1289 2907 1342 {it
2940 1289 3126 1342 bonus
3159 1287 3412 1351 animus,
3432 1285 3542 1339 nisi
3568 1301 3630 1340 se
3651 1283 3724 1339 ad

2077 1375 2293 1447 aliquid
2318 1382 2612 1432 convertat
2634 1378 2788 1449 quod
2822 1378 2947 1449 ipse
2985 1393 3100 1432 non
3125 1382 3233 1442 est,
3257 1392 3368 1430 non
3394 1378 3583 1446 potest
3614 1373 3724 1427 hoc

2076 1464 2459 1534 assequi.Quo
2474 1482 2536 1520 se
2551 1470 2744 1521 autem
2767 1468 3062 1520 convertat
3075 1465 3249 1518 uttiat
3264 1464 3452 1517 bonus
3465 1460 3722 1537 animus,

2075 1553 2186 1607 nisi
2220 1554 2287 1607 ad
2324 1554 2704 1620 bonum,cum
2732 1554 2837 1610 hoc
2869 1558 3027 1608 amat
3048 1558 3104 1607 et
3134 1551 3353 1623 appetit
3373 1555 3430 1606 et
3452 1550 3724 1621 adipisci‘

2074 1642 2218 1696 tur?
2248 1641 2409 1697 Unde
2443 1659 2504 1698 se
2527 1642 2575 1697 si
2608 1659 2815 1697 rursus
2849 1645 3092 1706 avertat,
3117 1640 3331 1711 fiatque
3362 1656 3475 1693 non
3510 1639 3717 1705 bonus,

2074 1729 2182 1785 hoc
2213 1730 2341 1802 ipso
2372 1747 2485 1802 quo
2516 1746 2578 1785 se
2634 1731 2840 1785 avertit
2866 1746 2899 1784 a
2932 1730 3102 1795 bono,
3162 1728 3273 1782 nisi
3304 1730 3538 1782 maneat
3567 1726 3624 1780 in
3658 1742 3721 1782 se

2071 1818 2214 1872 illud
2252 1820 2471 1874 bonum
2505 1820 2661 1873 unde
2692 1834 2753 1873 se
2779 1818 3125 1882 avertit,non
3149 1824 3227 1871 esl
3254 1832 3368 1888 quo
3401 1832 3462 1871 se
3484 1815 3719 1886 iterum,

2074 1906 2124 1961 si
2154 1906 2401 1962 voluerit
2430 1907 2765 1974 emendare,
2800 1910 3113 1961 convertat.

2143 1997 2196 2050 5.
2228 1996 2590 2067 Quapropter
2633 1994 2796 2051 nulla
2842 1998 3039 2050 essent
3068 1992 3372 2048 mutabilia
3400 1993 3572 2057 bona,
3606 1992 3721 2047 nisi

2074 2089 2228 2139 esset
2255 2083 2732 2139 incommutabile
2762 2084 3003 2140 bonum.
3028 2084 3168 2138 Cum
3202 2082 3395 2153 itaque
3427 2081 3596 2136 audis
3617 2081 3719 2135 bo-

2076 2191 2213 2229 num
2248 2174 2357 2230 hoc
2389 2179 2446 2230 et
2478 2175 2695 2230 bonum
2743 2174 2913 2241 illud,
2963 2190 3089 2245 quae
3142 2177 3389 2245 possunt
3433 2170 3579 2227 alias
3608 2171 3720 2226 dici

2074 2263 2248 2320 etiam
2283 2281 2394 2318 non
2436 2265 2608 2330 bona,
2643 2264 2691 2319 si
2736 2263 2993 2335 potueris
3024 2263 3149 2317 sine
3180 2261 3295 2316 illis
3325 2278 3452 2333 quae
3485 2260 3719 2333 partici-

2074 2352 2307 2424 patione
2330 2352 2465 2408 boni
2484 2353 2639 2407 bona
2666 2350 3123 2422 sunt,percipere
3154 2349 3347 2419 ipsum
3380 2348 3599 2403 bonum
3623 2365 3721 2405 cu-

2075 2442 2171 2511 ius
2204 2441 2645 2513 participatione
2668 2442 2820 2496 bona
2850 2444 3028 2506 sunt;
3062 2438 3232 2495 simul
3265 2437 3421 2493 enim
3445 2442 3501 2493 et
3522 2438 3716 2509 ipsum

2076 2529 2375 2602 intelligis,
2409 2546 2541 2585 cum
2568 2530 2737 2584 audis
2770 2529 2878 2584 hoc
2913 2533 3012 2582 aut
3039 2527 3181 2582 illud
3208 2527 3422 2582 bonum
3462 2544 3474 2581 :
3504 2527 3551 2581 si
3586 2543 3722 2599 ergo

2077 2619 2338 2692 potueris
2368 2618 2486 2674 illis
2523 2618 2797 2674 detractis
2828 2634 2929 2689 per
2946 2633 3007 2673 se
3039 2616 3231 2689 ipsum
3258 2615 3583 2688 perspicere
3611 2616 3686 2671 bo

2077 2724 2242 2772 num,
2277 2707 2638 2780 perspexeris
2686 2707 2889 2762 Deum.
2942 2706 3011 2761 Et
3059 2704 3108 2761 si
3159 2721 3356 2759 amore
3398 2703 3722 2769 inhmseris,

2077 2796 2353 2851 continuo
2378 2795 3060 2851 beatificaberis.Pudeat
3085 2798 3441 2857 autem,cum
3477 2793 3590 2848 alia
3609 2809 3724 2849 non

2079 2890 2350 2940 amentur
2379 2885 2487 2940 nisi
2521 2886 2660 2955 quia
2710 2885 2864 2939 bona
2896 2890 3055 2949 sunt,
3095 2882 3180 2937 eis
3222 2881 3557 2938 inhaerendo
3606 2899 3722 2939 non

2079 2990 2277 3029 amare
2308 2976 2523 3029 bonum
2558 2974 2755 3045 ipsum
2789 2973 2944 3027 unde
2976 2973 3129 3027 bona
3161 2976 3318 3027 sunt.
3344 2970 3491 3025 lllud
3523 2970 3720 3039 etiam,

2079 3062 2228 3131 quod
2289 3061 2543 3129 animus,
2602 3065 2833 3115 tantum
2893 3059 3029 3132 quia
3077 3064 3166 3116 est
3217 3058 3487 3125 animus,
3542 3060 3720 3116 etiam

2079 3150 2337 3205 nondum
2388 3168 2454 3206 eo
2512 3151 2684 3205 modo
2745 3150 2933 3205 bonus
2993 3165 3107 3221 quo
3173 3164 3237 3204 se
3309 3149 3589 3204 convertit
3647 3150 3720 3204 ad

2077 3237 2559 3294 incommutabile
2591 3240 2808 3294 bonum
2836 3256 2849 3306 ;
2883 3238 3007 3305 sed,
3050 3241 3115 3293 ut
3159 3238 3300 3303 dixi,
3332 3241 3563 3293 tantum
3593 3238 3718 3293 ani-

2081 3344 2233 3395 mus,
2283 3344 2415 3382 cum
2464 3328 2545 3383 ita
2591 3328 2760 3382 nobis
2812 3328 2998 3399 placet
3048 3332 3113 3383 ut
3153 3341 3286 3381 eum
3347 3327 3503 3382 omni
3545 3326 3721 3384 etiam

2077 3417 2194 3472 luci
2246 3434 2533 3490 corporeae
2586 3435 2717 3473 cum
2777 3418 2924 3472 bene
2981 3416 3384 3487 intelligimus,
3447 3417 3720 3487 praetera-

2079 3522 2230 3571 mus,
2283 3522 2396 3561 non
2429 3506 2487 3559 in
2519 3522 2581 3561 se
2612 3506 2737 3576 ipso
2783 3505 2947 3559 nobis
2980 3504 3188 3576 placet,
3229 3493 3340 3559 sed
3377 3504 3434 3559 in
3466 3503 3567 3557 illa
3597 3509 3721 3560 arte

2078 3610 2191 3664 qua
2225 3594 2409 3649 factus
2439 3599 2545 3648 est.
2573 3594 2711 3648 Inde
2742 3593 2897 3647 enim
2921 3593 3277 3665 approbatur
3307 3592 3617 3659 factus,ubi
3637 3592 3719 3647 vi-

2078 3684 2245 3738 detur
2275 3683 2456 3738 fuisse
2487 3683 2809 3738 faciendus.
2844 3682 2973 3737 Haec
2994 3686 3082 3737 est
3113 3681 3342 3750 veritas,
3389 3686 3445 3736 et
3474 3680 3721 3754 simplex

2078 3772 2296 3827 bonum
2344 3788 2357 3826 :
2407 3788 2521 3826 non
2569 3771 2725 3826 enim
2757 3776 2847 3826 est
2878 3769 3099 3843 aliquid
3142 3787 3318 3842 quam
3368 3770 3563 3842 ipsum
3615 3770 3722 3826 bo-

2078 3878 2217 3916 num
2252 3861 2553 3933 acperboc
2590 3861 2766 3916 etiam
2788 3876 3087 3916 summum
3112 3860 3352 3915 bonum.
3402 3860 3526 3915 Non
3564 3860 3721 3914 enim

2080 3950 2265 4005 minui
2308 3948 2390 4004 vel
2427 3948 2627 4021 augeri
2665 3951 2881 4003 bonum
2934 3952 3143 4020 potest,
3177 3947 3287 4001 nisi
3321 3947 3477 4020 quod
3508 3964 3574 4002 ex
3606 3947 3720 4003 alio

2080 4040 2230 4095 bono
2264 4039 2482 4094 bonum
2505 4043 2612 4093 est.
2637 4037 2720 4092 Ad
2749 4036 2858 4092 hoc
2888 4054 2950 4092 se
2980 4036 3160 4108 igitur
3179 4035 3413 4091 animus
3443 4037 3722 4092 convertit

2082 4133 2147 4184 ut
2176 4129 2365 4183 bonus
2397 4128 2540 4191 sit,a
2570 4142 2684 4198 quo
2719 4126 2892 4181 habet
2926 4129 2987 4178 ut
3017 4125 3250 4179 animus
3282 4124 3375 4179 sit.
3401 4125 3565 4179 Tunc
3582 4141 3718 4198 ergo

2078 4217 2344 4272 voluntas
2373 4221 2591 4270 naturae
2614 4234 2628 4266 ‹
2648 4214 2873 4287 ongruil
2902 4219 2965 4268 ut
2986 4213 3321 4284 perficiatur
3347 4213 3405 4267 in
3429 4214 3579 4268 bono
3602 4214 3721 4269 ani-

2081 4323 2373 4370 mus,cum
2398 4305 2540 4358 illud
2566 4305 2779 4360 bonum
2807 4301 3491 4374 diligitur‘conversione
3519 4302 3720 4357 volun-

2082 4395 2402 4460 tatis,unde
2428 4398 2518 4449 est
2537 4398 2595 4447 et
2622 4391 2766 4447 illud
2799 4393 2947 4463 quod
2973 4407 3086 4445 non
3110 4390 3400 4445 amittitur
3428 4407 3534 4445 nec
3559 4408 3718 4447 aver-

2082 4484 2245 4540 sione
2270 4481 2609 4537 voluntatis.
2629 4480 2949 4536 Avertendo
2970 4479 3123 4535 enim
3144 4496 3205 4534 se
3226 4496 3260 4534 a
3281 4496 3514 4535 summo
3545 4481 3717 4549 bono,

2083 4571 2541 4629 amittitanimus
2556 4568 3157 4625 utsitbonusanimus
3174 4587 3187 4635 ;
3207 4585 3318 4623 non
3339 4573 3532 4624 autem
3555 4569 3722 4625 amit-

2080 4662 2150 4716 tit
2180 4667 2244 4715 ut
2274 4661 2346 4715 sit
2378 4660 2770 4724 animus,cum
2795 4662 2852 4712 et
2877 4657 3124 4729 hocjam
3148 4657 3367 4712 bonum
3392 4658 3468 4711 sit
3484 4673 3722 4730 corpore

2081 4749 2293 4805 melius
2327 4764 2339 4803 :
2376 4749 2480 4802 hoc
2511 4763 2645 4820 ergo
2678 4746 2893 4802 amittit
2940 4745 3229 4811 voluntas,
3263 4745 3419 4817 quod
3449 4745 3721 4801 voluntas

2081 4836 2576 4910 adipiscitur.Jum
2602 4836 2758 4890 enim
2781 4833 3546 4905 eratanimus,quiconverti
3569 4835 3636 4890 ad
3661 4834 3719 4890 id

2079 4927 2252 4983 vellet
2279 4944 2313 4981 a
2342 4942 2457 4998 quo
2487 4928 2612 4980 erat
2644 4941 2657 4979 :
2691 4924 2790 4995 qui
2819 4928 3017 4979 autem
3042 4923 3215 4978 vellet
3243 4939 3370 4979 esse
3404 4927 3719 4995 antequam

2080 5021 2233 5073 esset
2260 5016 2517 5070 nondum
2552 5014 2770 5068 erat.Et
2791 5013 2897 5067 hoc
2928 5017 3015 5067 est
3045 5013 3263 5067 bonum
3297 5015 3585 5079 nostrum,
3617 5012 3717 5068 ubi

2079 5104 2345 5161 videmus
2379 5108 2573 5159 utrum
2608 5118 2736 5157 esse
2766 5100 3033 5157 debuerit
3061 5104 3162 5154 aut
3191 5100 3416 5168 debeat,
3435 5100 3718 5172 quidquid

2081 5211 2209 5249 esse
2236 5192 2507 5248 debuisse
2538 5196 2640 5247 aut
2670 5191 2880 5246 debere
2908 5188 3461 5259 comprehendimus
3486 5208 3500 5258 ;
3533 5194 3591 5245 et
3621 5190 3721 5246 ubi

2084 5283 2348 5338 videmus
2366 5297 2492 5336 esse
2525 5297 2637 5335 non
2663 5278 2919 5351 potuisse
2941 5276 3052 5332 nisi
3075 5292 3201 5332 esse
3231 5276 3724 5351 debuisset,quid-

2085 5370 2221 5444 quid
2239 5370 2411 5426 etiam
2428 5368 2861 5441 quomodoesse
2874 5365 3137 5420 debuerit
3150 5382 3261 5420 non
3278 5383 3403 5422 com
3414 5367 3723 5439 prehendi-

2088 5476 2219 5514 mus
2253 5458 2418 5514 ”.Hoc
2446 5473 2582 5528 ergo
2614 5455 2831 5510 bonum
2878 5470 2991 5508 non
3031 5452 3200 5526 longe
3232 5455 3488 5527 positum
3534 5461 3623 5513 est
3652 5458 3725 5514 ab

2085 5562 2439 5619 unoquoque
2461 5548 2723 5599 nostrum
2754 5558 2766 5595 :
2796 5542 2853 5597 in
2877 5541 2972 5596 illo
2993 5542 3147 5597 enim
3172 5543 3514 5613 vivimus,et
3534 5563 3728 5603 move-

2154 5694 2170 5725 ί
2201 5690 2416 5752 Aliquot
2445 5682 2827 5752 Mss.,_cum__ad
2852 5682 2987 5733 illud
3014 5682 3199 5752 conum
3228 5687 3491 5752 dirigitur.

2151 5754 2173 5789 θ
2202 5746 2359 5811 Eam,
2387 5746 2898 5817 gemmata-adimus,-
2934 5748 3134 5800 omissa
3178 5746 3439 5815 particula
3478 5754 3726 5817 negante,

2090 5828 2211 5879 qua
2239 5809 2508 5877 reperitur
2528 5810 2585 5859 in
2614 5809 2736 5859 Mss.
