4160 6484
270 437 385 495 953

269 574 469 625 tamen
499 568 637 641 quid
660 570 736 627 sit
760 554 953 626 homo.
980 568 1055 626 Ut
1078 568 1229 624 enim
1254 568 1425 640 longe
1448 584 1561 624 non
1584 569 1926 635 eamus,hoc

270 676 513 715 sumus:
549 663 605 714 et
630 659 795 714 illum
826 658 934 714 hoc
963 659 1166 722 fuisse,
1191 663 1245 712 et
1269 658 1522 713 animam
1549 659 1676 730 ejus
1698 657 1925 729 corpori

272 748 601 819 copulatam
638 748 963 803 mortaliter
990 746 1203 801 vixisse
1244 746 1623 802 manifestum
1664 753 1773 802 est.
1812 750 1924 803 Hoc

269 854 407 909 ergo
426 838 499 893 de
522 837 620 892 illo
634 837 950 903 credimus,
968 837 1120 908 quod
1136 836 1465 890 invenimus
1489 837 1547 890 in
1566 836 1926 907 nobis,juxta

269 927 527 1000 speciem
547 926 635 981 vel
656 926 1257 997 genus,quohumana
1274 926 1465 980 omnis
1485 930 1693 980 natura
1712 926 1927 997 pariter

269 1016 621 1071 continetur.
649 1016 796 1081 Quid
830 1014 1012 1086 igitur
1034 1015 1104 1069 de
1136 1014 1238 1069 illa
1259 1014 1595 1069 excellentia
1624 1014 1924 1069 Trinitatis

268 1105 385 1162 sive
402 1104 732 1176 specialiter
748 1105 871 1159 sive
886 1104 1233 1176 generaliter
1249 1104 1375 1159 novi
1388 1104 1713 1175 mus,quasi
1731 1103 1923 1159 multa;

271 1194 389 1251 sint
420 1193 564 1249 tales
582 1192 895 1259 trinitatcs,
922 1208 1171 1265 quarum
1192 1191 1419 1264 aliquas
1449 1192 1670 1264 experti
1693 1210 1923 1261 sumus,

271 1288 334 1339 ut
359 1300 461 1355 per
483 1282 743 1355 regulam
776 1280 1183 1337 similitudinis
1210 1281 1557 1353 impressam
1589 1280 1924 1353 velspecia-

270 1372 382 1427 lem
406 1371 492 1427 vel
515 1370 846 1443 generalem
864 1369 1329 1433 notitiam,illam
1354 1369 1769 1442 quoquetalem
1796 1386 1924 1426 esse

270 1462 613 1526 credamus;
641 1466 814 1531 atque
830 1458 911 1515 ita
931 1475 1051 1513 rem
1070 1475 1247 1530 quam
1270 1459 1567 1515 credimus
1584 1465 1641 1514 et
1661 1461 1922 1515 nondum

271 1551 565 1613 novimus,
586 1566 653 1604 ex
675 1548 971 1621 parilitate
990 1547 1068 1603 rei
1093 1564 1268 1619 quam
1289 1548 1557 1603 novimus
1579 1548 1924 1621 diligamus?

273 1639 434 1705 Quod
452 1639 656 1709 utique
670 1655 781 1693 non
802 1638 885 1692 ita
896 1640 1091 1693 est.An
1109 1638 1604 1708 quemadmodum
1620 1636 1922 1710 diligimus

274 1728 331 1783 in
362 1726 612 1783 Domino
644 1728 777 1781 Jesu
810 1726 1065 1791 Christo,
1084 1726 1237 1797 quod
1262 1726 1576 1781 resurrexit
1598 1743 1631 1781 a
1653 1726 1920 1794 mortuis,

271 1816 542 1889 quamvis
564 1815 695 1870 inde
713 1814 1005 1871 neminem
1031 1831 1289 1886 unquam
1310 1814 1695 1870 resurrexisse
1717 1814 1924 1871 videri-

274 1922 427 1975 mus,
461 1906 543 1959 ita
562 1905 908 1960 Trinitatem
944 1920 1119 1975 quam
1142 1921 1255 1959 non
1288 1902 1575 1973 videmus,
1606 1908 1664 1959 et
1693 1903 1922 1976 qualem

268 1993 490 2049 nullam
527 2010 789 2065 unquam
823 1993 1100 2063 vidimus,
1126 2009 1443 2065 possumus
1476 1993 1766 2047 credendo
1795 1992 1923 2047 dili-

266 2099 395 2156 gere
415 2083 443 2138 ‘I
471 2083 579 2138 Sed
623 2082 766 2153 quid
802 2082 881 2137 sit
911 2081 1081 2150 mori,
1115 2086 1174 2137 et
1203 2081 1345 2152 quid
1375 2080 1449 2136 sit
1480 2081 1687 2150 vivere,
1723 2080 1922 2152 utique

267 2172 508 2228 scimus:
530 2171 667 2242 quia
693 2176 749 2226 et
779 2171 1026 2226 vivimus
1045 2174 1380 2227 etmortuos
1407 2187 1471 2224 ac
1490 2169 1802 2225 morientes
1818 2169 1921 2224 ali-

270 2261 501 2332 quando
534 2260 790 2314 vidimus
821 2264 877 2315 et
908 2260 1126 2330 experti
1159 2276 1390 2314 sumus.
1425 2259 1572 2324 Quid
1607 2262 1695 2313 est
1724 2263 1920 2315 autem

270 2349 424 2405 aliud
458 2366 785 2421 resurgere,
810 2348 923 2403 nisi
945 2347 1306 2419 reviviscere,
1329 2348 1386 2402 id
1405 2353 1513 2414 est,
1538 2364 1607 2402 ex
1633 2352 1817 2403 morte
1848 2349 1920 2404 ad

274 2439 451 2494 vitam
487 2437 721 2494 redire?
758 2438 902 2493 Cum
932 2454 1068 2509 ergo
1104 2437 1354 2492 dicimus
1385 2443 1443 2492 et
1472 2435 1764 2492 credimus
1794 2453 1923 2493 esse

276 2528 643 2592 Trinitatem,
664 2528 935 2582 novimus
954 2526 1089 2597 quid
1110 2526 1186 2581 sit
1201 2526 1476 2592 Trinitas,
1498 2525 1636 2597 quia
1652 2526 1920 2582 novimus

274 2618 410 2688 quid
444 2617 568 2672 sint
601 2617 735 2685 tria;
772 2617 870 2672 sed
905 2634 1019 2672 non
1052 2616 1162 2672 hoc
1192 2616 1514 2687 diligimus.
1548 2616 1693 2671 Nam
1730 2617 1788 2671 id
1821 2617 1920 2671 ubi

272 2705 565 2769 volumus,
598 2705 767 2760 facile
799 2706 1107 2774 habemus,
1134 2710 1199 2759 ut
1228 2704 1341 2759 alia
1372 2705 1662 2772 omittam,
1692 2705 1781 2761 vel
1815 2706 1920 2761 mi-

271 2797 451 2850 cando
484 2795 686 2867 digitis
716 2794 924 2850 tribus.
974 2800 1059 2849 An
1093 2811 1227 2849 vero
1258 2792 1582 2866 diligimus,
1615 2812 1729 2850 non
1763 2796 1919 2866 quod

271 2885 459 2940 omnis
490 2884 746 2949 trinitas,
781 2884 880 2939 sed
915 2883 1069 2955 quod
1103 2882 1378 2949 Trinitas,
1406 2883 1604 2937 Deus?
1635 2883 1751 2939 Hoc
1782 2899 1918 2956 ergo

270 2973 573 3046 diligimus
605 2973 665 3028 in
720 2973 1022 3035 Trinitate,
1057 2972 1210 3043 quod
1248 2971 1401 3026 Deus
1450 2976 1567 3027 est:
1602 2973 1701 3027 sed
1734 2972 1919 3028 Deum

271 3062 499 3117 nullum
536 3061 714 3117 alium
739 3061 1015 3125 vidimus,
1041 3065 1144 3115 aut
1171 3060 1463 3127 novimus,
1488 3077 1627 3133 quia
1657 3078 1811 3117 unus
1832 3066 1922 3117 est

270 3151 443 3220 Deus,
470 3151 569 3206 ille
598 3149 760 3205 solus
780 3166 955 3221 quem
983 3149 1244 3204 nondum
1267 3149 1541 3214 vidimus,
1561 3154 1617 3204 et
1632 3150 1920 3205 credendo

272 3239 727 3313 diligimus.Sed
761 3255 825 3294 ex
859 3255 977 3309 qua
1006 3253 1200 3293 rerum
1232 3242 1501 3293 notarum
1537 3237 1921 3295 similitudine

269 3329 352 3385 vel
400 3328 840 3400 comparatione
896 3328 1227 3398 credamus,
1262 3344 1376 3398 quo
1439 3327 1613 3383 etiam
1654 3328 1916 3384 nondum

271 3423 471 3475 notum
505 3419 691 3474 Deum
723 3416 1062 3489 diligamus,
1095 3416 1201 3472 hoc
1234 3417 1533 3489 quaeritur.

338 3559 568 3615 CAPUT
598 3559 691 3613 VI.
752 3589 806 3598 —
842 3559 895 3612 9.
928 3558 1200 3629 Quomodo
1230 3558 1473 3614 nondum
1504 3559 1679 3629 justus
1698 3560 1917 3631 justum

268 3650 550 3720 cognoscat
570 3664 729 3720 quem
750 3647 968 3716 diligat.
986 3647 1125 3702 Redi
1148 3664 1281 3719 ergo
1306 3664 1558 3713 mecum,
1573 3652 1630 3703 et
1651 3649 1912 3705 conside-

270 3753 465 3793 remus
486 3736 922 3807 curdiligamus
940 3736 1303 3808 Apostolum.
1320 3736 1759 3808 Numquidnam
1787 3754 1913 3809 pro-

268 3828 726 3899 pterhumanam
742 3825 1198 3897 speciem,quam
1216 3825 1586 3881 notissimam
1602 3826 1910 3900 habemus,

269 3932 332 3972 eo
352 3918 504 3988 quod
531 3915 827 3971 credimus
844 3931 978 3970 eum
993 3914 1289 3971 hominem
1314 3915 1524 3970 fuisse?
1540 3916 1664 3971 Non
1687 3917 1908 3988 utique:

268 4004 525 4078 alioquin
560 4020 715 4059 nunc
734 4021 847 4059 non
880 4009 966 4059 est
997 4020 1170 4076 quem
1189 4004 1912 4078 diligamus,quandoqui-

264 4094 389 4151 dem
417 4095 595 4150 homo
618 4092 714 4149 ille
735 4094 860 4165 jam
885 4110 1001 4148 non
1033 4098 1151 4159 est;
1177 4093 1375 4148 anima
1394 4092 1549 4149 enim
1581 4094 1709 4165 ejus
1731 4112 1765 4151 a
1785 4112 1909 4152 cor-

266 4200 401 4255 pore
417 4187 687 4256 separata
704 4187 813 4238 est.
831 4182 941 4239 Sed
960 4182 1015 4236 id
1038 4182 1191 4253 quod
1224 4181 1283 4238 in
1300 4182 1399 4237 illo
1422 4199 1712 4251 amamus,
1732 4185 1907 4240 etiam

264 4290 414 4329 nunc
446 4274 636 4329 vivere
666 4272 981 4328 credimus:
1011 4288 1280 4327 amamus
1302 4271 1457 4326 enim
1491 4274 1906 4344 animumjus-

260 4367 406 4419 tum.
443 4365 525 4419 Ex
556 4379 674 4435 qua
703 4378 839 4435 ergo
869 4361 1125 4434 generali
1156 4366 1258 4417 aut
1289 4362 1524 4433 speciali
1548 4363 1765 4435 regula,
1792 4364 1907 4419 nisi

261 4452 395 4523 quia
415 4453 637 4509 scimus
659 4457 716 4507 et
733 4451 873 4523 quid
895 4450 969 4506 sit
986 4450 1241 4517 animus,
1265 4458 1319 4506 et
1342 4451 1479 4522 quid
1500 4451 1822 4523 sitjustus?
1840 4453 1907 4508 Et

259 4541 485 4597 animus
505 4540 742 4614 quidem
766 4539 905 4612 quid
931 4539 1030 4610 sit,
1048 4556 1162 4594 non
1185 4538 1505 4612 incongrue
1523 4557 1629 4596 nos
1653 4541 1906 4597 dicimus

256 4629 381 4685 ideo
415 4646 607 4697 nosse,
645 4628 783 4701 quia
823 4632 880 4683 et
908 4644 1016 4683 nos
1057 4627 1345 4683 habemus
1376 4629 1662 4684 animum.
1710 4630 1905 4700 Neque

258 4720 406 4775 enim
442 4735 705 4791 unquam
733 4717 915 4773 oculis
945 4717 1219 4788 vidimus,
1239 4722 1295 4772 et
1324 4734 1391 4773 ex
1415 4718 1805 4776 similitudine
1826 4720 1903 4775 vi-

256 4824 451 4864 sorum
496 4808 755 4880 plurium
801 4807 1096 4862 notionem
1138 4805 1469 4878 generalem
1519 4808 1902 4878 specialemve

254 4899 644 4969 percepimus;
664 4897 763 4953 sed
779 4896 994 4969 potius,
1011 4900 1075 4951 ut
1090 4895 1378 4968 dixi,quia
1391 4900 1450 4952 et
1466 4913 1571 4953 nos
1590 4897 1897 4954 habemus.

254 4987 396 5052 Quid
429 4988 587 5043 enim
631 4992 751 5042 tam
792 4986 998 5041 intime
1052 4985 1255 5052 scitur,
1305 5002 1482 5058 seque
1526 4986 1722 5059 ipsum
1773 5005 1901 5045 esse

256 5077 443 5145 sentit;
470 5092 645 5149 quam
671 5076 725 5131 id
750 5092 864 5148 quo
896 5076 1070 5131 etiam
1097 5078 1302 5130 caetera
1328 5076 1686 5149 sentiuntur,
1709 5076 1767 5132 id
1791 5084 1899 5148 est,

253 5162 375 5236 ipse
391 5167 665 5222 animus?
694 5164 841 5220 Nam
868 5169 926 5221 et
948 5169 1142 5220 motus
1166 5180 1499 5236 corporum,
1519 5166 1733 5236 quibus
1757 5184 1899 5239 prie-

254 5258 337 5309 ter
366 5273 469 5311 nos
487 5255 632 5311 alios
659 5255 844 5310 vivere
861 5255 1168 5320 sentimus,
1190 5269 1258 5309 ex
1290 5259 1487 5308 nostra
1513 5254 1898 5312 similitudine

256 5346 655 5415 agnoscimus:
692 5344 829 5415 quia
874 5348 931 5398 et
962 5360 1069 5399 nos
1112 5342 1194 5397 ita
1239 5358 1541 5398 movemus
1572 5360 1786 5417 corpus
1815 5345 1898 5401 vi-

252 5434 453 5504 vendo,
477 5436 629 5489 sicut
660 5432 758 5487 illa
779 5449 1019 5504 corpora
1049 5432 1265 5488 moveri
1287 5432 1665 5510 advertimus.
1699 5434 1897 5507 Neque

251 5522 400 5576 enim
431 5540 565 5578 cum
598 5539 809 5594 corpus
834 5522 1025 5576 vivum
1057 5526 1342 5589 movetur,
1377 5520 1636 5593 aperitur
1665 5521 1785 5578 ulla
1805 5523 1897 5579 via

252 5610 429 5667 oculis
450 5612 668 5668 nostris
690 5612 760 5666 ad
786 5610 1103 5665 videndum
1128 5598 1691 5682 animum,remrquaa
1710 5611 1894 5668 oculis

254 5697 425 5755 videri
457 5717 571 5757 non
603 5704 820 5774 potest:
855 5700 955 5755 sed
997 5697 1080 5753 illi
1114 5698 1252 5755 moli
1284 5699 1503 5773 aliquid
1536 5700 1728 5777 inesse
1759 5717 1892 5757 sen-

254 5787 427 5848 timus
458 5789 629 5863 quale
682 5790 851 5847 nobis
904 5788 1059 5847 inest
1096 5788 1167 5846 ad
1216 5791 1568 5848 movendum
1621 5789 1894 5849 similiter

1646 434 1765 493 LIB
1780 435 1879 492 ER
1921 434 2302 495 OCTAVUS.

3551 435 3674 495 954

2027 566 2241 623 molem
2273 570 2556 633 nostram,
2610 566 2765 639 quod
2806 570 2894 622 est
2943 567 3060 622 vita
3090 571 3147 622 et
3200 568 3415 624 anima.
3473 567 3673 641 Neque

2028 657 2195 729 quasi
2219 656 2488 711 humanae
2509 656 2825 727 prudentiae
2853 656 3212 728 rationisque
3240 659 3538 729 proprium
3562 663 3672 715 est.

2028 747 2096 801 Et
2126 746 2325 801 bestiae
2374 746 2588 817 quippe
2622 745 2881 800 sentiunt
2926 746 3138 816 vivere,
3191 764 3303 802 non
3355 753 3579 803 tantum
3615 766 3676 804 se

2026 836 2206 907 ipsas,
2235 836 2334 891 sed
2359 836 2529 890 etiam
2552 851 2613 890 se
2641 834 2884 889 invicem
2910 841 3085 907 atque
3106 835 3473 907 alterutrum,
3494 842 3550 893 et
3574 855 3680 893 nos

2026 924 2207 996 ipsos.
2241 924 2356 980 Nec
2387 924 2615 979 animas
2666 928 2896 979 nostras
2926 924 3141 992 vident,
3196 927 3295 980 sed
3330 942 3398 981 ex
3426 927 3682 983 motibus

2028 1012 2307 1085 corporis,
2327 1013 2502 1083 idque
2525 1013 2723 1067 statim
2745 1017 2800 1068 et
2818 1012 3093 1068 facillime
3111 1015 3363 1085 quadam
3386 1016 3680 1088 conspira-

2025 1103 2183 1159 tione
2201 1102 2475 1157 naturali.
2492 1102 2767 1157 Animum
2790 1102 2973 1175 igitur
2990 1103 3302 1173 cujuslibet
3317 1109 3373 1159 et
3391 1121 3455 1159 ex
3480 1109 3676 1161 nostro

2026 1193 2316 1258 novimus,
2346 1194 2401 1245 et
2422 1208 2489 1246 ex
2512 1196 2708 1246 nostro
2730 1192 3023 1247 credimus
3046 1208 3219 1264 quem
3244 1209 3357 1247 non
3384 1194 3672 1249 novimus.

2026 1280 2149 1335 Non
2170 1279 2325 1335 enim
2350 1284 2581 1335 tantum
2601 1280 2889 1335 sentimus
2912 1280 3197 1348 animum,
3215 1283 3314 1337 sed
3334 1282 3507 1338 etiam
3532 1283 3677 1340 scire

2027 1383 2341 1439 possumus
2382 1368 2521 1438 quid
2554 1367 2632 1421 sit
2682 1366 2915 1422 animus
2947 1369 3415 1426 consideratione
3447 1372 3630 1426 nostri
3661 1388 3675 1427 :

2027 1455 2313 1511 habemus
2349 1456 2503 1511 enim
2533 1456 2819 1511 animum.
2856 1456 2962 1511 Sed
2999 1457 3139 1527 quid
3174 1458 3497 1528 sitjustus,
3526 1462 3682 1516 unde

2026 1545 2335 1600 novimus?
2362 1547 2699 1600 Dixeramus
2724 1545 2880 1600 enim
2906 1562 3011 1601 nos
3042 1546 3385 1617 Apostolum
3419 1566 3530 1602 non
3567 1550 3681 1605 alia

2026 1651 2205 1690 causa
2236 1633 2498 1706 diligere,
2536 1634 2645 1689 nisi
2679 1635 2833 1705 quod
2866 1635 2943 1689 sit
2966 1636 3168 1705 justus
3214 1636 3468 1693 animus.
3506 1637 3676 1693 Novi-

2026 1740 2160 1778 mus
2191 1740 2327 1796 ergo
2370 1728 2425 1778 et
2457 1723 2597 1796 quid
2631 1724 2709 1778 sit
2729 1725 2954 1794 justus,
2988 1724 3142 1779 sicut
3171 1729 3227 1780 et
3257 1725 3393 1796 quid
3444 1727 3518 1781 sit
3548 1730 3673 1781 ani-

2026 1830 2179 1869 mus.
2205 1813 2314 1868 Sed
2346 1813 2485 1884 quid
2520 1814 2598 1868 sit
2628 1812 2882 1879 animus,
2918 1819 2981 1868 ut
3010 1813 3229 1870 dictum
3264 1819 3374 1885 est,
3403 1816 3673 1873 novimus

2025 1918 2094 1958 ex
2124 1902 2319 1957 nobis:
2352 1901 2504 1957 inest
2533 1901 2687 1957 enim
2721 1903 2955 1957 animus
2988 1904 3173 1958 nobis.
3201 1905 3347 1970 Quid
3381 1909 3574 1959 autem
3602 1906 3678 1961 sit

2017 1991 2223 2061 justus
2254 1991 2407 2045 unde
2440 1991 2729 2057 novimus,
2766 1991 2982 2061 sijusti
3014 2009 3127 2047 non
3161 1992 3406 2047 sumus?
3438 1996 3597 2059 Quod
3624 1995 3673 2050 si

2026 2096 2196 2135 nemo
2228 2080 2385 2134 novit
2406 2079 2545 2150 quid
2570 2080 2861 2148 sitjustus
2885 2080 2995 2135 nisi
3022 2081 3121 2152 qui
3148 2084 3351 2152 justus
3373 2087 3481 2149 est,
3509 2099 3676 2138 nemo

2027 2167 2465 2239 diligitjustum
2502 2167 2610 2223 nisi
2635 2168 2869 2239 justus:
2897 2186 3009 2223 non
3042 2169 3196 2223 enim
3222 2175 3410 2241 potest
3440 2170 3677 2242 diligere

2026 2258 2441 2329 quemjustum
2466 2273 2594 2311 esse
2622 2257 2825 2321 credit,
2851 2259 2923 2312 ob
2948 2258 3054 2313 hoc
3076 2258 3268 2329 ipsum
3294 2259 3677 2329 quiajustum

2024 2362 2152 2401 esse
2172 2344 2430 2413 credit,si
2448 2345 2586 2416 quid
2606 2344 2889 2415 sitjustus
2907 2346 3157 2418 ignorat;
3178 2348 3500 2403 secundum
3521 2350 3675 2419 quod

2025 2434 2297 2506 superius
2339 2434 2891 2497 demonstravimus,
2926 2435 3215 2490 neminem
3249 2436 3488 2508 diligere
3521 2438 3675 2508 quod

2025 2523 2275 2578 creditet
2299 2540 2411 2579 non
2428 2522 2597 2589 videt,
2618 2523 2729 2577 nisi
2753 2540 2819 2579 ex
2844 2522 3039 2595 aliqua
3060 2524 3258 2596 regula
3272 2525 3484 2579 notitiae
3504 2542 3677 2596 gene-

2026 2613 2165 2668 ralis
2189 2615 2306 2668 sive
2339 2612 2628 2684 specialis.
2653 2617 2734 2667 Ac
2767 2629 2868 2685 per
2888 2613 2995 2668 hoc
3019 2613 3065 2668 si
3092 2631 3205 2668 non
3235 2614 3673 2686 diligitjustum

2027 2701 2378 2771 nisijustus,
2412 2702 2703 2772 quomodo
2731 2701 2879 2757 volet
2909 2703 3157 2773 quisque
3181 2704 3382 2773 justus
3413 2720 3539 2759 esse
3575 2705 3671 2775 qui

2024 2791 2286 2845 nondum
2304 2790 2420 2844 est?
2444 2790 2568 2847 Non
2591 2790 2746 2845 enim
2761 2791 2885 2845 vult
2908 2792 3222 2863 quisquam
3243 2808 3370 2847 esse
3392 2794 3540 2861 quod
3560 2810 3673 2847 non

2025 2878 2235 2950 diligit.
2254 2878 2327 2933 Ut
2348 2883 2541 2933 autem
2568 2879 2855 2950 sitjustus
2877 2880 2976 2951 qui
3000 2881 3259 2935 nondum
3284 2882 3547 2945 cst,volet
3568 2884 3676 2937 uti-

2026 2968 2349 3039 quejustus
2366 2984 2521 3023 esse:
2555 2972 2617 3022 ut
2634 2973 2830 3022 autem
2848 2969 3675 3043 velit,diligitjustum.Diligit

2025 3058 2406 3127 ergojustum
2428 3060 2484 3111 et
2503 3056 2600 3129 qui
2616 3058 3084 3129 nondumjustus
3099 3059 3463 3132 est.Diligere
3476 3066 3668 3116 autem

2018 3146 2249 3217 justum
2273 3163 2387 3201 non
2401 3147 2714 3218 potest,qui
2738 3148 2874 3217 quid
2896 3147 3451 3222 sitjustus,ignorat.
3476 3150 3669 3205 Proin-

2025 3235 2096 3289 de
2118 3235 2275 3289 novit
2306 3236 2443 3307 quid
2470 3235 2544 3291 sit
2567 3236 2789 3307 justus,
2816 3237 2988 3292 etiam
3014 3238 3111 3309 qui
3134 3238 3391 3293 nondum
3418 3245 3535 3295 est:
3573 3240 3671 3296 ubi

2024 3340 2160 3395 ergo
2174 3324 2504 3379 novit?num
2522 3325 2706 3380 oculis
2721 3326 2983 3381 vidit?An
3002 3327 3183 3382 ullum
3200 3331 3672 3402 corpusjustum,

2022 3412 2179 3468 velut
2210 3412 2429 3479 album,
2467 3418 2569 3469 aut
2601 3414 2854 3487 nigrum,
2879 3420 2979 3470 aut
3004 3417 3312 3487 quadrum,
3341 3424 3439 3473 aut
3474 3424 3673 3474 rotun-

2022 3502 2207 3557 dum?
2235 3503 2374 3567 Quis
2399 3502 2506 3558 hoc
2526 3502 2777 3558 dixerit?
2800 3509 2875 3559 At
2896 3505 3078 3560 oculis
3112 3523 3222 3561 non
3250 3508 3391 3561 vidit
3414 3507 3519 3561 nisi
3546 3525 3673 3563 cor-

2020 3606 2181 3662 pora.
2207 3591 2412 3647 Justus
2432 3596 2628 3647 autem
2657 3592 2713 3646 in
2743 3592 2979 3648 homine
3006 3611 3118 3648 non
3139 3600 3245 3664 est,
3281 3596 3392 3649 nisi
3417 3596 3667 3652 animus:

2020 3683 2224 3735 etcum
2250 3680 2642 3751 homojustus
2663 3680 2892 3747 dicitur,
2921 3699 2989 3737 ex
3012 3684 3206 3738 animo
3230 3685 3581 3751 dicitur,non
3604 3703 3671 3742 ex

2019 3770 2385 3841 corpore.Est
2399 3770 2555 3825 enim
2570 3771 2835 3841 quaedam
2855 3771 3229 3842 pulchritudo
3249 3774 3670 3844 animijustitia

2019 3873 2134 3929 qua
2152 3858 2378 3929 pulchri
2396 3864 2533 3914 sunt
2550 3858 3110 3932 homines,plerique
3123 3863 3295 3916 etiam
3316 3863 3414 3935 qui
3433 3880 3670 3936 corpore

2017 3946 2249 4002 distorti
2266 3951 2443 4020 atque
2458 3948 2746 4003 deformes
2761 3950 3084 4004 sunt.Sicut
3097 3968 3165 4005 au
3176 3955 3289 4006 tem
3308 3952 3539 4006 animus
3558 3970 3669 4009 non

2014 4036 2245 4092 videtur
2271 4036 2476 4105 oculis,
2497 4036 2577 4092 ita
2599 4054 2702 4093 nec
2726 4037 3100 4109 pulchritudo
3118 4040 3383 4110 ejus.Ubi
3409 4058 3545 4113 ergo
3570 4058 3669 4097 no-

2014 4125 2097 4181 vit
2121 4125 2261 4196 quid
2282 4125 2358 4181 sit
2382 4126 2704 4197 iustus,qui
2724 4128 2981 4183 nondum
3001 4132 3290 4199 est,atque
3309 4134 3372 4183 ut
3389 4130 3463 4183 sit
3485 4130 3675 4201 diligit

2007 4214 2274 4286 justum?
2292 4222 2372 4269 An
2392 4215 2563 4288 signa
2586 4216 2849 4287 quaedam
2876 4232 2977 4287 per
2994 4221 3217 4272 motum
3242 4218 3500 4288 corporis
3526 4220 3669 4273 emi-

2015 4308 2170 4374 cant,
2190 4304 2405 4375 quibus
2436 4303 2530 4359 ille
2560 4310 2661 4359 aut
2692 4304 2788 4360 ille
2819 4305 2993 4361 homo
3025 4308 3366 4376 essejustus
3400 4308 3670 4378 apparet?

2013 4393 2127 4449 Sed
2161 4394 2316 4448 unde
2350 4394 2506 4449 novit
2528 4394 2628 4448 illa
2652 4395 2820 4466 signa
2842 4411 2968 4450 esse
2999 4394 3179 4449 animi
3212 4396 3373 4464 justi,
3401 4397 3669 4453 nesciens

2014 4483 2154 4555 quid
2173 4482 2411 4538 omnino
2436 4482 2761 4553 sitjustus‘?
2783 4483 2947 4539 Novit
2967 4500 3123 4555 ergo.
3144 4484 3250 4539 Sed
3276 4484 3370 4538 ubi
3396 4487 3669 4543 novimus

2013 4572 2153 4645 quid
2186 4572 2263 4627 sit
2286 4573 2509 4643 justus,
2541 4572 2717 4627 etiam
2737 4589 2872 4627 eum
2893 4573 3041 4643 justi
3066 4574 3325 4628 nondum
3348 4580 3581 4630 sumus?
3604 4577 3664 4631 Si

2012 4666 2172 4717 extra
2202 4678 2308 4717 nos
2332 4661 2656 4729 novimus',
2680 4661 2739 4717 in
2761 4678 3000 4734 corpore
3028 4661 3224 4734 aliquo
3258 4666 3664 4721 novimus.Sed

2011 4768 2126 4806 non
2148 4755 2237 4806 est
2258 4751 2371 4805 ista
2384 4767 2473 4806 res
2493 4751 2842 4822 corporis.ln
2860 4752 3028 4808 nobis
3046 4752 3225 4822 igitur
3243 4755 3509 4809 novimus
3525 4754 3665 4825 quid

2011 4840 2089 4895 sit
2112 4841 2331 4910 justus.
2366 4838 2489 4895 Non
2522 4839 2676 4895 enim
2711 4839 2850 4895 alibi
2878 4840 2985 4896 hoc
3015 4840 3268 4907 invenio,
3301 4859 3431 4898 cum
3468 4860 3665 4913 quaero

2011 4934 2075 4985 ut
2091 4928 2199 4984 hoc
2222 4927 2483 5000 eloquar,
2500 4928 2610 4984 nisi
2632 4929 2786 5001 apud
2810 4946 2903 4985 me
2924 4930 3146 4997 ipsum:
3167 4929 3289 4985 etsi
3314 4931 3663 5003 interrogem

2010 5019 2189 5075 alium
2224 5017 2364 5091 quid
2399 5018 2476 5073 sit
2508 5020 2733 5089 justus,
2765 5020 2918 5091 apud
2965 5035 3027 5074 se
3058 5019 3252 5091 ipsum
3285 5020 3493 5092 quaarit
3524 5021 3663 5092 quid

2008 5108 2390 5180 respondeat;
2423 5111 2481 5163 et
2501 5107 2773 5179 quisquis
2804 5106 2940 5162 hinc
2962 5124 3163 5163 verum
3196 5109 3545 5179 respondere
3564 5128 3661 5181 po-

2007 5198 2139 5267 tuit,
2158 5198 2311 5270 apud
2331 5213 2392 5253 se
2409 5198 2602 5269 ipsum
2623 5197 2763 5268 quid
2785 5197 3160 5267 responderet
3176 5198 3413 5253 invenit.
3436 5200 3503 5253 Et
3525 5200 3660 5254 Car-

2006 5287 2305 5359 thaginem
2338 5286 2577 5358 quidem
2600 5302 2731 5341 cum
2765 5285 2957 5358 eloqui
2982 5286 3128 5349 volo,
3155 5287 3310 5358 apud
3340 5304 3433 5343 me
3464 5288 3660 5360 ipsum

2007 5393 2200 5449 quaero
2220 5382 2283 5432 ut
2299 5374 2622 5448 eloquar,et
2642 5374 2797 5447 apud
2823 5392 2913 5431 me
2936 5376 3129 5447 ipsum
3154 5376 3384 5433 invenio
3407 5377 3656 5451 phanta-

2007 5465 2156 5521 siam
2181 5464 2583 5538 Carthaginis:
2610 5465 2709 5520 sed
2736 5480 2863 5520 eam
2884 5480 2988 5536 per
3016 5481 3231 5537 corpus
3263 5466 3478 5537 accepi,
3496 5466 3553 5521 id
3575 5473 3662 5523 est

2006 5572 2110 5628 per
2130 5554 2659 5627 corporissensum,
2676 5553 2950 5626 quoniam
2970 5570 3229 5627 praesens
3252 5554 3311 5611 in
3333 5572 3401 5612 ea
3420 5572 3661 5629 corpore

2067 5800 2085 5837 ί
2118 5796 2358 5861 Plerique
2388 5797 2533 5849 Mum:
2564 5796 2623 5847 Si
2650 5800 2796 5848 extra
2830 5810 2983 5863 quam
3012 5811 3105 5849 nos
3131 5798 3382 5849 novimus.
