4160 6458
512 463 629 524 955

515 596 621 663 fui,
645 602 700 652 et
721 614 846 654 eam
873 600 986 655 vidi
1013 607 1190 675 atque
1212 606 1391 671 sensi,
1413 607 1813 678 memoriaque
1837 601 2070 671 retinui,
2096 607 2155 655 ut

519 690 666 757 apud
694 704 786 742 me
809 690 1125 747 invenirem
1146 695 1216 749 de
1239 695 1338 750 illa
1358 697 1620 762 verbum,
1646 713 1779 751 cum
1799 711 1925 750 eam
1948 690 2153 746 vellem

522 775 868 847 dicere.lpsa
889 779 1041 834 enim
1061 781 1365 852 phantasia
1378 784 1576 853 ejusin
1591 783 1871 839 memoria
1893 797 2020 836 mea
2037 795 2157 832 ver-

525 863 664 918 bum
700 866 846 935 ejus,
882 885 993 922 non
1021 887 1200 924 scnus
1235 874 1341 927 iste
1363 874 1699 945 trisyllahus
1722 889 1852 926 cum
1877 869 2156 936 Carthago

522 953 873 1021 nominatur,
898 957 983 1010 vel
1009 959 1181 1015 etiam
1206 962 1377 1017 tacite
1401 978 1606 1017 nomen
1633 963 1825 1032 ipsum
1850 975 1951 1030 per
1970 954 2160 1028 spatia

523 1044 847 1110 temPorum
883 1046 1196 1116 cogitatur;
1231 1052 1328 1104 sed
1362 1051 1505 1105 illud
1529 1051 1681 1121 quod
1716 1049 1772 1103 in
1805 1047 1999 1103 animo
2032 1061 2158 1098 meo

521 1146 712 1198 cerno,
747 1149 877 1187 cum
913 1135 1018 1190 hoc
1049 1138 1414 1209 trisyllabum
1447 1155 1584 1195 voce
1610 1135 1963 1209 profero,vel
1996 1137 2156 1189 ante-

522 1234 698 1289 quam
727 1223 1008 1290 proferam
1021 1226 1134 1280 .Sic
1147 1233 1202 1281 et
1217 1227 1622 1282 Alexandriam
1647 1243 1779 1281 cum
1794 1223 1987 1295 eloqui
2010 1219 2158 1290 volo,

522 1323 696 1377 quam
719 1327 1017 1381 nunquam
1043 1315 1402 1386 vidi,praasto
1422 1317 1671 1386 estapud
1697 1331 1788 1370 me
1810 1314 2162 1385 phantasma

520 1397 665 1464 ejus.
709 1401 850 1453 Cum
885 1401 1036 1455 enim
1071 1419 1104 1456 a
1135 1403 1336 1458 multis
1368 1405 1664 1459 audissem
1697 1409 1754 1457 et
1781 1400 2158 1457 credidissem

514 1501 784 1555 magnam
801 1505 928 1542 esse
947 1490 1105 1544 illam
1130 1493 1512 1558 urbem,sicut
1534 1492 1675 1547 mihi
1703 1490 1924 1547 narrari
1949 1486 2157 1560 potuit,

516 1574 654 1627 ﬁnxi
688 1576 881 1630 animo
910 1594 1038 1633 meo
1070 1579 1384 1650 imaginem
1410 1583 1538 1651 ejus
1569 1598 1745 1652 quam
1771 1579 1950 1651 potui:
1974 1581 2030 1631 et
2051 1575 2160 1630 hoc

517 1667 604 1716 est
628 1664 777 1734 apud
797 1682 888 1720 me
909 1668 1148 1722 verbum
1173 1671 1466 1740 ejus,cum
1491 1687 1618 1726 eam
1643 1669 1767 1724 volo
1791 1669 2161 1730 dicere,ante—

517 1767 695 1820 quam
719 1770 853 1808 voce
875 1757 1133 1827 quinque
1157 1759 1412 1829 syllabas
1437 1761 1746 1830 proferam,
1770 1757 1921 1829 quod
1949 1771 2158 1810 nomen

519 1839 646 1909 ejus
671 1841 784 1895 fere
798 1843 1070 1899 omnibus
1091 1851 1292 1902 notum
1310 1848 1609 1911 est.Quam
1626 1853 1819 1902 tamen
1843 1844 2157 1914 imaginem

516 1927 563 1981 si
579 1929 852 1984 exanimo
868 1949 994 1986 meo
1018 1938 1269 2003 prol'erre
1295 1953 1524 2006 possem
1545 1939 1609 1991 ad
1636 1935 1834 1990 oculos
1851 1932 2156 1988 hominum

517 2016 614 2085 qui
646 2019 1047 2075 Alexandriam
1075 2026 1639 2094 noverunt,profecto
1667 2029 1764 2079 aut
1785 2039 1986 2077 omnes
2009 2021 2159 2074 dice-

517 2110 667 2169 rent,
688 2106 809 2160 Non
832 2114 919 2161 est
939 2109 1086 2178 ipsa;
1112 2118 1212 2164 aut
1229 2112 1277 2165 si
1310 2113 1587 2178 dicerent,
1623 2113 1754 2182 Ipsa
1773 2119 1879 2172 est.
1905 2109 2157 2164 multum

519 2192 782 2263 mirarer,
817 2201 990 2266 atque
1020 2198 1260 2254 intuens
1292 2201 1348 2254 in
1382 2203 1577 2255 animo
1611 2217 1736 2254 meo
1764 2201 1969 2271 ipsam,
1993 2197 2049 2252 id
2074 2203 2162 2251 est

518 2280 830 2353 imaginem
845 2287 1009 2354 quasi
1039 2288 1323 2356 picturam
1339 2291 1484 2358 ejus,
1505 2290 1688 2360 ipsam
1709 2295 1904 2343 tamen
1921 2304 2048 2341 esse
2062 2303 2158 2339 ne-

522 2370 856 2438 scirem,sed
881 2374 963 2427 eis
987 2377 1278 2431 crederem
1305 2379 1402 2448 qui
1429 2379 1608 2433 visam
1627 2377 2042 2432 tenerent.Non
2066 2391 2162 2428 au-

522 2459 732 2514 temita
756 2478 946 2530 quaero
969 2465 1104 2532 quid
1130 2467 1206 2519 sit
1223 2467 1444 2536 justus,
1469 2483 1571 2520 nec
1595 2467 1677 2520 ita
1698 2465 2058 2531 invenio,nec
2081 2462 2162 2517 ita

522 2548 768 2615 intueor,
786 2567 916 2604 cum
943 2551 996 2605 id
1022 2552 1280 2623 eloquor;
1307 2556 1502 2609 necita
1518 2555 1747 2625 probor,
1774 2571 1907 2608 cum
1933 2553 2159 2619 audior;

523 2638 719 2692 necita
741 2641 938 2710 probo,
964 2658 1096 2696 cum
1113 2643 1309 2708 audio;
1326 2645 1490 2714 quasi
1508 2644 1619 2700 tale
1641 2643 1861 2714 aliquid
1876 2641 2059 2697 oculis
2081 2641 2160 2695 vi-

523 2725 732 2791 derim,
766 2734 866 2781 aut
896 2728 1012 2783 ullo
1045 2732 1303 2802 corporis
1337 2749 1511 2787 sensu
1537 2733 1967 2796 didicerim,aut
1987 2731 2059 2785 ab
2081 2730 2163 2785 eis

523 2815 619 2884 qui
648 2815 730 2869 ita
751 2817 1090 2873 didicissent
1115 2820 1572 2876 audierim.Cum
1588 2822 1740 2876 enim
1757 2821 1885 2875 dico
1898 2826 1954 2874 et
1974 2820 2165 2876 sciens

525 2904 886 2970 dico,Justus
915 2912 1004 2962 est
1033 2908 1377 2980 animusqui
1407 2910 1648 2966 scientia
1670 2916 1841 2982 atque
1865 2911 2084 2965 ratione
2106 2925 2166 2963 in

525 2993 645 3046 vita
666 3010 730 3048 ac
757 2996 1014 3050 moribus
1038 3015 1144 3050 sua
1166 2999 1376 3068 cuique
1397 2999 1730 3067 distribuit;
1766 3017 1876 3055 non
1909 2998 2165 3070 aliquam

529 3098 648 3135 rem
684 3083 980 3138 absentem
1015 3086 1222 3155 cogito,
1254 3088 1405 3141 sicut
1428 3088 1854 3159 Carthaginem,
1883 3094 1985 3143 aut
2015 3088 2168 3158 ﬁngo

531 3175 594 3223 ut
627 3187 883 3241 possum,
913 3173 1064 3227 sicut
1098 3175 1523 3240 Alexandriam,
1548 3177 1666 3232 sive
1696 3178 1776 3230 ita
1795 3177 1887 3244 sit,
1913 3176 2031 3231 sive
2056 3193 2168 3230 non

531 3258 630 3313 ita:
657 3260 754 3313 sed
789 3278 1044 3331 praesens
1076 3265 1355 3334 quiddam
1379 3282 1571 3332 cerno,
1597 3271 1653 3320 et
1674 3282 1846 3320 cerno
1877 3265 2029 3336 apud
2057 3279 2169 3335 me,

529 3347 637 3403 etsi
662 3366 773 3403 non
794 3367 923 3405 sum
945 3352 1067 3422 ipse
1089 3355 1240 3424 quod
1267 3361 1522 3424 cerno,et
1542 3355 1708 3410 multi
1731 3355 1778 3409 si
1803 3354 2043 3410 audiant
2064 3371 2171 3425 ap-

529 3439 882 3507 probabunt.
910 3440 975 3494 Et
1004 3441 1273 3512 quisquis
1297 3459 1388 3498 me
1412 3443 1574 3499 audit
1598 3449 1770 3515 atque
1799 3445 2049 3499 scienter
2069 3460 2170 3514 ap-

533 3526 758 3595 probat,
775 3529 926 3597 apud
959 3545 1020 3583 se
1040 3536 1096 3585 et
1118 3531 1239 3600 ipse
1262 3531 1371 3586 hoc
1400 3531 1552 3587 idem
1579 3532 1780 3601 cernit,
1803 3533 2033 3588 etiamsi
2058 3548 2172 3587 non

533 3615 612 3669 sit
642 3622 698 3670 et
728 3616 852 3687 ipse
885 3620 1034 3687 quod
1061 3620 1260 3674 cernit.
1285 3624 1489 3675 Justus
1522 3639 1652 3676 vero
1675 3639 1808 3678 cum
1840 3621 1898 3676 id
1930 3621 2090 3690 dicit,
2115 3619 2171 3675 id

538 3704 691 3773 quod
718 3703 842 3774 ipse
864 3711 949 3759 est
970 3708 1220 3763 cernitet
1241 3709 1404 3764 dicit.
1428 3714 1494 3762 Et
1517 3709 1614 3764 ubi
1637 3710 1809 3765 etiam
1834 3709 2173 3781 ipsecernit,

541 3792 654 3846 nisi
678 3795 828 3862 apud
845 3795 1142 3864 seipsum?
1162 3798 1268 3851 Sed
1295 3798 1402 3852 hoc
1423 3799 1635 3852 mirum
1656 3803 1888 3853 nonest:
1907 3798 2003 3852 ubi
2019 3797 2174 3852 enim

536 3889 889 3947 secerneret,
908 3884 1182 3955 nisiapud
1218 3903 1278 3939 se
1308 3886 1530 3955 ipsum?
1552 3885 1695 3940 lllud
1722 3886 1985 3941 mirabile
2004 3892 2093 3941 est
2115 3890 2179 3941 ut

539 3969 691 4037 apud
731 3985 792 4023 se
822 3973 1054 4026 animus
1076 3973 1264 4026 videat
1294 3975 1446 4043 quod
1482 3973 1923 4044 alibinusquam
1947 3975 2180 4038 vidit,et

536 4073 735 4111 verum
749 4058 1158 4132 videat,etipsu
1172 4079 1219 4114 ιη
1237 4078 1432 4116 verum
1446 4063 1676 4132 justum
1693 4063 1954 4118 animum
1967 4063 2176 4134 videat,

541 4150 597 4199 et
611 4146 819 4217 sitipse
834 4149 1066 4203 animus
1080 4155 1133 4205 et
1153 4167 1266 4204 non
1283 4150 1566 4219 sitjustus
1581 4152 2008 4222 animus,quom
2024 4151 2177 4225 apud

540 4250 602 4290 se
625 4234 816 4306 ipsum
838 4236 1165 4292 videt.Num
1190 4238 1888 4311 estaliusanimusjustus
1908 4241 1963 4294 in
1984 4242 2180 4296 animo

549 4326 1010 4395 nondumjusto?
1039 4330 1152 4382 Aut
1173 4328 1220 4382 si
1255 4345 1368 4383 non
1391 4333 1496 4394 est,
1531 4346 1701 4400 quem
1735 4330 1814 4384 ibi
1849 4331 2020 4397 videt,
2045 4347 2178 4385 cum

541 4412 697 4467 videt
717 4420 771 4467 et
802 4415 942 4469 dicit
963 4415 1100 4486 quid
1127 4416 1203 4470 sit
1223 4417 1684 4488 animusjustus,
1707 4434 1810 4472 nec
1843 4419 1977 4473 alibi
2006 4436 2179 4490 quam

550 4504 608 4556 in
634 4520 694 4557 se
723 4503 846 4574 ipso
871 4505 1177 4572 videt,cum
1206 4507 1328 4577 ipse
1351 4524 1463 4562 non
1489 4507 1564 4561 sit
1585 4506 2064 4577 animusjustus?
2094 4515 2181 4563 An

545 4591 690 4648 illud
717 4595 868 4664 quod
903 4593 1076 4663 videt,
1104 4597 1315 4650 veritas
1344 4602 1431 4650 est
1453 4595 1692 4651 interior
1716 4614 1966 4668 praesens
1989 4597 2182 4653 animo

549 4683 647 4752 qui
683 4698 806 4735 eam
842 4681 1257 4737 valetintueri?
1278 4684 1474 4754 Neque
1505 4700 1708 4739 omnes
1737 4685 1954 4740 valent:
1988 4691 2044 4741 et
2081 4686 2182 4757 qui

545 4770 757 4824 intueri
791 4769 1002 4835 valent,
1023 4771 1128 4825 hoc
1144 4771 1319 4826 etiam
1345 4773 1496 4843 quod
1523 4772 1824 4827 intuentur
1840 4791 1953 4828 non
1981 4792 2184 4830 omnes

545 4866 702 4927 sunt,
739 4858 840 4914 hoc
855 4864 962 4924 est,
994 4877 1105 4913 non
1140 4867 1278 4915 sunt
1305 4861 1606 4930 etiamipsi
1632 4861 1781 4930 justi
1811 4863 2186 4930 animi,sicut

546 4953 792 5020 possunt
808 4949 998 5004 videre
1017 4949 1285 5004 acdicere
1304 4950 1441 5020 quid
1457 4949 1741 5018 sitjustus
1755 4949 2006 5005 animus.
2023 4953 2181 5017 Quod

547 5039 702 5092 unde
733 5055 860 5093 esse
892 5040 1220 5109 poterunt‘,
1241 5038 1352 5092 nisi
1376 5037 1708 5093 inhaerendo
1729 5039 1914 5093 eidem
1943 5040 2050 5112 ipsi
2073 5041 2184 5096 for-

549 5143 655 5181 mae
690 5144 861 5198 quam
892 5128 1213 5193 intuentur,
1234 5127 1452 5182 utinde
1484 5127 1807 5182 formentur
1823 5132 1877 5183 et
1909 5129 2186 5200 sintjusti

549 5217 749 5282 animi;
775 5234 884 5271 non
904 5222 1131 5271 tantum
1152 5219 1523 5271 cernenteset
1539 5215 2034 5287 dicentesjustum
2059 5235 2188 5274 esse

550 5305 810 5359 animum
832 5309 926 5376 qui
947 5305 1190 5360 scientia
1211 5311 1386 5375 atque
1403 5305 1623 5359 ratione
1641 5303 1697 5359 in
1715 5306 1828 5359 vita
1847 5324 1912 5362 ac
1927 5309 2068 5362 mori
2083 5309 2188 5362 bus

553 5411 658 5448 sua
676 5395 886 5466 cuique
919 5393 1242 5457 distribuit,
1263 5395 1360 5448 sed
1387 5395 1561 5448 etiam
1595 5398 1658 5449 ut
1688 5395 1795 5466 ipsi
1819 5396 1978 5466 juste
1996 5396 2191 5452 vivant

546 5485 821 5553 justeque
844 5483 1048 5537 morati
1073 5484 1209 5550 sint,
1227 5500 1334 5538 sua
1353 5483 1563 5554 cuique
1577 5484 2073 5548 distribuendo,ut
2091 5501 2190 5540 ne-

555 5571 695 5625 mini
712 5571 1028 5642 quidquam
1045 5573 1292 5627 debeant
1309 5573 1419 5626 nisi
1437 5573 1749 5627 utinvicem
1767 5573 2187 5644 diligant(Rom.

555 5678 675 5728 xm,
700 5663 774 5732 8).
814 5661 878 5716 Et
899 5663 1050 5717 unde
1082 5662 1396 5717 inhaaretur
1418 5662 1499 5716 illi
1529 5663 1746 5726 formae,
1771 5662 1880 5717 nisi
1906 5664 2193 5721 amando?

617 5805 634 5838 ί
668 5803 821 5866 Editi,
848 5806 1141 5870 potuerunt.
1163 5809 1224 5856 At
1255 5804 1445 5860 melius
1473 5804 1618 5865 Μαι,
1638 5805 1905 5867 poterunt.

1624 475 1726 534 DE
1769 468 2223 541 TRINITATE,
2271 467 2336 527 S.
2381 459 2806 526 AUGUSTINI

3795 440 3917 503 956

2256 599 2371 654 Cur
2389 611 2524 666 ergo
2549 593 2728 648 alium
2755 588 3250 662 diligimusquem
3275 577 3843 666 credimusjustum,
3861 577 3922 628 et

2259 702 2372 740 non
2389 663 2691 754 diligimus
2707 682 2891 751 ipsam
2915 679 3157 732 formam
3179 671 3277 728 ubi
3296 671 3565 726 videmus
3582 666 3719 737 quid
3736 663 3845 734 sitj
3858 678 3921 718 ιι-

2261 780 2390 829 stus
2408 773 2662 834 animus,
2689 777 2752 824 ut
2778 774 2833 824 et
2852 764 3116 835 nosjusti
3140 779 3269 818 esse
3300 758 3636 832 possimus?
3665 758 3751 810 An
3784 768 3919 807 vero

2262 862 2372 917 nisi
2404 867 2461 916 et
2491 861 2664 915 istam
2697 857 3097 928 diligecemus,
3131 850 3291 907 nullo
3324 848 3496 904 modo
3538 861 3671 899 eum
3708 842 3920 912 dilige-

2265 968 2395 1005 mus
2423 965 2594 1020 quem
2625 947 2928 1019 diligimus
2961 960 3023 998 ex
3061 942 3194 1002 ista.
3218 939 3316 993 sed
3341 932 3645 1004 dumjusti
3676 948 3791 986 non
3815 947 3921 984 su-

2265 1055 2420 1104 mus,
2442 1019 2642 1092 minus
2660 1052 2786 1090 eam
2813 1033 3112 1104 diligimus
3135 1044 3307 1099 quam
3331 1023 3549 1095 utjusti
3574 1037 3701 1076 esse
3722 1019 3918 1074 valea-

2268 1126 2444 1183 mus?
2465 1131 2648 1181 Homo
2675 1140 2810 1195 ergo
2835 1123 2930 1194 qui
2959 1119 3450 1186 crediturjustus,
3471 1129 3540 1166 ex
3561 1127 3627 1164 ea
3649 1110 3838 1164 forma
3863 1109 3922 1160 et

2263 1215 2506 1269 veritate
2526 1194 2810 1285 diligitur,
2833 1226 3006 1280 quam
3021 1199 3555 1272 cernitetintelligit
3571 1197 3726 1269 apud
3742 1194 3921 1251 seille

2263 1303 2364 1374 qui
2387 1302 2608 1374 diligit:
2631 1301 2756 1372 ipsa
2777 1315 2909 1353 vero
2935 1297 3121 1352 forma
3145 1299 3201 1349 et
3231 1291 3442 1348 veritas
3489 1304 3601 1343 non
3648 1291 3740 1340 est
3766 1298 3920 1374 quo-

2263 1371 2432 1448 modo
2460 1371 2693 1446 aliunde
2720 1388 3016 1457 diligatur.
3054 1385 3250 1454 Neque
3271 1380 3424 1436 enim
3451 1375 3788 1432 invenimus
3808 1371 3917 1426 ali-

2263 1481 2402 1552 quid
2437 1479 2548 1534 tale
2583 1483 2788 1550 praeter
2815 1477 3025 1548 ipsam,
3060 1477 3125 1527 ut
3147 1488 3297 1536 eam,
3321 1485 3454 1524 cum
3483 1463 3783 1552 incognita
3805 1465 3919 1528 est,

2261 1550 2548 1624 credendo
2572 1567 2908 1637 diligamus,
2933 1580 2999 1618 ex
3020 1579 3085 1616 eo
3109 1560 3262 1632 quod
3283 1560 3406 1628 jam
3433 1554 3544 1609 tale
3564 1550 3789 1622 aliquid
3814 1565 3916 1602 no-

2259 1658 2473 1713 vimus.
2500 1655 2791 1726 Quidquid
2813 1653 2968 1708 enim
2986 1650 3098 1706 tale
3117 1646 3433 1720 aspexeris,
3452 1646 3577 1715 ipsa
3591 1645 3680 1697 est
3698 1656 3711 1694 :
3731 1643 3788 1694 et
3803 1654 3918 1691 non

2262 1751 2350 1802 est
2371 1725 2690 1817 quidquam
2715 1739 3129 1812 tale.quoniam
3158 1737 3283 1792 sola
3305 1737 3430 1807 ipsa
3455 1730 3586 1787 talis
3608 1725 3920 1798 est,qualis

2263 1835 2392 1906 ipsa
2411 1839 2518 1889 est.
2544 1833 2649 1897 Qui
2673 1848 2808 1904 ergo
2828 1837 2981 1885 amat
3005 1826 3292 1892 homines,
3321 1828 3416 1878 aut
3437 1818 3730 1893 quiajusti
3751 1820 3914 1906 sunt,

2264 1905 2366 1978 aut
2390 1921 2614 1992 utjusti
2639 1921 2776 1985 sint,
2801 1934 2998 1973 amare
3020 1917 3211 1971 debet.
3235 1915 3327 1968 Sic
3353 1912 3507 1967 enim
3541 1914 3598 1964 et
3631 1905 3917 1976 semetip-

2263 2029 2394 2067 sum
2429 2027 2624 2066 amare
2656 2009 2846 2075 debet,
2875 2013 2976 2062 aut
2998 2006 3359 2076 quiajustus
3381 2005 3488 2066 est,
3513 2003 3612 2054 aut
3633 1996 3918 2066 utjustus

2263 2101 2379 2157 sit:
2412 2099 2679 2154 sic‘enim
2722 2097 2916 2168 diligit
2945 2093 3273 2167 proximum
3307 2096 3586 2160 tanquam
3621 2102 3682 2141 se
3715 2084 3914 2155 ipsum

2264 2190 2391 2245 sine
2422 2188 2540 2243 ullo
2566 2186 2838 2259 periculo.
2864 2184 2970 2251 Qui
2997 2183 3154 2239 enim
3177 2181 3347 2237 aliter
3366 2196 3426 2234 se
3450 2176 3658 2249 diligit,
3687 2174 3911 2244 injuste

2263 2295 2326 2334 se
2353 2277 2558 2348 diligit,
2589 2275 2862 2347 quoniam
2896 2291 2958 2328 se
2987 2273 3055 2327 ad
3085 2273 3189 2326 hoc
3211 2269 3401 2340 diligit
3422 2272 3485 2322 ut
3505 2266 3582 2321 sit
3605 2264 3908 2334 injustus:

2266 2369 2335 2422 ad
2370 2367 2480 2422 hoc
2509 2383 2645 2437 ergo
2677 2373 2741 2419 ut
2770 2363 2848 2418 sit
2879 2361 3162 2426 malus,ac
3193 2376 3294 2430 per
3324 2357 3571 2427 hoojam
3595 2370 3708 2407 non
3734 2367 3797 2407 se
3819 2349 3911 2404 di-

2266 2456 2414 2528 ligit,
2459 2457 2564 2524 Qui
2611 2455 2764 2509 enim
2819 2453 3011 2522 diligit
3067 2450 3438 2520 iniquitatem,
3496 2444 3609 2500 odit
3661 2442 3914 2498 animum

2264 2562 2423 2600 suam
2454 2544 2623 2612 (Psal.
2655 2561 2711 2609 χ,
2740 2543 2818 2610 6).

2340 2634 2568 2690 CAPUT
2599 2633 2720 2688 Vll.
2744 2663 2814 2673 —
2841 2631 2926 2685 10.
2953 2632 3026 2686 De
3053 2645 3180 2686 vera
3199 2627 3517 2692 dilectione,
3539 2639 3642 2696 per
3660 2638 3826 2694 quam
3849 2619 3924 2674 ad

2271 2724 2556 2779 Trinitatis
2598 2722 2962 2790 cognitionem
3010 2719 3340 2792 pervenitur.
3383 2712 3722 2784 Quaerendus
3753 2715 3921 2776 Deus,

2269 2829 2381 2869 non
2409 2813 2674 2877 exterius,
2706 2808 3001 2880 appetendo
3025 2809 3170 2863 mira
3197 2808 3381 2876 facere
3398 2821 3523 2858 cum
3543 2800 3804 2870 Angelis;
3826 2797 3924 2854 sed

2271 2903 2526 2966 interius,
2543 2899 2819 2956 imitando
2843 2898 3103 2954 bonorum
3125 2896 3464 2968 Angelorum
3477 2893 3753 2963 pietatem.
3773 2888 3925 2952 Qua-

2273 2996 2508 3064 propter
2519 3007 2630 3045 non
2646 2997 2731 3043 est
2746 2987 3029 3060 precipue
3044 2982 3427 3040 videndumin
3448 2981 3556 3037 hac
3574 2978 3921 3052 questions,

2274 3097 2398 3151 quae
2431 3080 2502 3133 de
2532 3077 2814 3134 Trinitate
2847 3076 3013 3130 nobis
3043 3079 3150 3139 est,
3183 3077 3241 3128 et
3263 3073 3333 3128 de
3354 3067 3758 3143 cognoscendo
3781 3067 3923 3131 Deo,

2278 3169 2388 3223 nisi
2414 3168 2551 3238 quid
2576 3167 2653 3222 sit
2675 3183 2810 3221 vera
2835 3163 3088 3228 dilectio,
3111 3164 3227 3218 imo
3249 3178 3380 3217 vero
3404 3159 3543 3232 quid
3567 3158 3643 3212 sit
3665 3155 3923 3211 dilectio.

2278 3257 2358 3312 Ea
2391 3257 2608 3327 quippe
2638 3254 2871 3309 dilectio
2904 3252 3148 3307 dicenda
3178 3256 3288 3316 est,
3319 3266 3444 3320 quae
3476 3263 3610 3322 vera
3630 3251 3719 3302 est
3742 3271 3757 3312 ;
3782 3245 3924 3299 alio-

2279 3346 2420 3415 quin
2444 3343 2735 3414 cupiditas
2754 3346 2841 3397 est
2858 3359 2870 3397 :
2893 3345 3066 3412 atque
3085 3340 3165 3394 ita
3181 3336 3377 3409 cupidi
3395 3335 3630 3391 abusive
3646 3334 3929 3388 dicuntur

2281 3431 3042 3504 diligere,quemadmodum
3059 3444 3267 3501 cupere
3281 3426 3520 3482 abusive
3534 3421 3923 3493 dicunturqui

2280 3522 2550 3594 diligunt.
2578 3521 2706 3576 Haec
2730 3527 2819 3576 est
2839 3523 3035 3574 autem
3057 3534 3190 3573 vera
3211 3514 3463 3585 dilectio,
3488 3519 3552 3569 ut
3576 3513 3924 3569 inhaerentes

2278 3611 2505 3668 veritati
2525 3611 2686 3682 juste
2717 3608 3012 3675 vivamus;
3035 3613 3090 3662 et
3110 3607 3237 3661 ideo
3259 3611 3704 3661 contemnamus
3725 3601 3927 3656 omnia

2282 3698 2579 3756 mortalia‘
2612 3716 2724 3769 praa
2757 3714 2954 3752 amore
2985 3696 3312 3764 hominum,
3363 3710 3478 3765 quo
3525 3709 3624 3747 eos
3652 3690 3928 3746 volumus

2276 3790 2438 3862 juste
2466 3789 2672 3843 vivere.
2707 3788 2791 3842 Ita
2819 3786 2969 3841 enim
3005 3791 3061 3840 et
3092 3784 3237 3839 mori
3272 3801 3372 3851 pro
3403 3781 3682 3838 fratribus
3707 3779 3929 3835 utiliter

2285 3878 2468 3951 parati
2488 3894 2616 3933 esse
2636 3878 2975 3949 poterimus,
2997 3874 3148 3945 quod
3171 3889 3275 3928 nos
3296 3867 3931 3927 DominusJesusChri-

2285 3973 2413 4023 stus
2443 3966 2705 4038 exemplo
2735 3982 2840 4021 suo
2871 3965 3084 4019 docuit.
3117 3965 3262 4020 Cum
3295 3961 3450 4016 enim
3497 3962 3612 4015 duo
3645 3961 3930 4030 praecepta

2287 4056 2405 4113 sint
2426 4057 2482 4111 in
2506 4056 2723 4127 quibus
2747 4060 2865 4110 tota
2885 4054 2996 4108 Lex
3019 4052 3229 4124 pendet
3257 4056 3314 4106 et
3346 4050 3663 4121 Prophetas,
3695 4047 3928 4103 dilectio

2289 4146 2388 4202 Dei
2413 4152 2468 4200 et
2494 4144 2723 4200 dilectio
2749 4142 2992 4215 proximi
3017 4140 3250 4212 (Mallia.
3276 4139 3618 4209 xxu,37-40)
3649 4153 3797 4204 ;non
3817 4137 3928 4191 im-

2291 4234 2496 4289 merito
2512 4231 3086 4304 plerumqueScriptu
3096 4247 3158 4284 ra
3173 4245 3274 4300 pro
3288 4233 3532 4299 utraque
3546 4242 3729 4281 unum
3746 4223 3929 4297 ponit:

2291 4323 2408 4378 sive
2435 4327 2660 4376 tantum
2687 4320 2806 4386 Dei,
2834 4319 3004 4375 sicuti
3027 4323 3116 4374 est
3135 4317 3304 4386 illud,
3329 4315 3544 4373 Scimus
3562 4316 3827 4386 quoniam
3849 4313 3933 4369 1i-

2292 4413 2587 4484 ligentibus
2619 4412 2784 4466 Deum
2818 4427 3009 4464 omnia
3037 4416 3396 4479 coaperuntur
3424 4409 3483 4462 in
3525 4407 3721 4461 bonum
3753 4406 3932 4477 (Rom.

2292 4520 2415 4568 vm,
2439 4503 2529 4573 28)
2554 4519 2566 4569 ;
2591 4505 2647 4555 et
2668 4501 2902 4564 iterum,
2922 4500 3177 4570 Quisquis
3200 4506 3379 4552 autem
3408 4497 3596 4565 diligit
3626 4497 3816 4564 Deum,
3848 4496 3938 4550 hic

2291 4593 2545 4664 cognitus
2569 4594 2648 4647 est
2674 4591 2740 4645 ab
2772 4589 2868 4644 illo
2896 4589 2942 4660 (Ι
2973 4588 3093 4643 Cor.
3124 4604 3244 4652 vm,
3267 4587 3359 4657 3);
3393 4585 3636 4653 etillud,
3661 4587 3941 4653 Quoniam

2292 4682 2543 4738 charitas
2567 4681 2687 4746 Dei,
2703 4677 2912 4751 diffusa
2925 4679 3071 4733 estin
3083 4676 3335 4732 cordibus
3345 4678 3553 4730 nostris
3561 4691 3660 4746 per
3672 4675 3942 4745 Spiritum

2292 4774 2541 4826 sanctum
2561 4767 2654 4839 qui
2672 4767 2831 4821 datus
2853 4768 2930 4821 est
2950 4765 3106 4821 nobis
3129 4767 3300 4832 (Rom.
3325 4780 3378 4832 ν,
3399 4765 3456 4832 5)
3484 4781 3496 4828 ;
3519 4767 3576 4818 et
3597 4762 3712 4817 alia
3731 4763 3941 4818 multa:

2295 4861 2431 4932 quia
2443 4859 2608 4928 etqui
2632 4855 2821 4928 diligit
2839 4856 3016 4910 Deum
3037 4869 3399 4924 consequens
3413 4858 3501 4907 est
3514 4856 3576 4906 ut
3594 4852 3767 4906 faciat
3782 4854 3938 4923 quod

2296 4948 2567 5022 praecepit
2587 4952 2754 5012 Deus,
2775 4944 2906 4998 etin
2926 4947 3151 4998 tantum
3173 4941 3364 5013 diligit
3380 4941 3436 4994 in
3458 4947 3745 5012 quantum
3764 4940 3902 4994 facit
3927 4957 3941 5008 ;

2296 5052 2660 5107 consequens
2681 5050 2817 5105 ergo
2838 5037 2928 5088 est
2944 5035 3004 5086 ut
3020 5031 3418 5103 etproximum
3437 5029 3661 5102 diligat,
3681 5029 3821 5100 quia
3834 5030 3944 5084 hoc

2298 5125 2570 5199 praecepit
2600 5128 2784 5180 Deus:
2834 5121 2952 5177 sive
2989 5125 3219 5176 tantum
3270 5119 3516 5190 proximi
3567 5117 3944 5174 dilectionem

2298 5216 2596 5287 Scriptura
2617 5216 3056 5275 commemorat,
3083 5207 3507 5275 sicutestillud,
3524 5209 3763 5262 Invicem
3776 5224 3948 5262 onera

2298 5311 2478 5361 vestra
2495 5305 2732 5375 portate,
2756 5310 2807 5355 et
2828 5302 2907 5355 sic
2922 5298 3293 5370 adimplebitis
3315 5298 3483 5367 legem
3507 5298 3717 5352 Christi
3738 5298 3944 5366 (Gatat.

2299 5412 2375 5449 vi.
2397 5397 2455 5460 2)
2477 5419 2490 5458 ;
2514 5396 2572 5447 et
2591 5390 2758 5453 illud,
2784 5389 2971 5447 Omnis
2992 5390 3142 5442 enim
3161 5387 3250 5442 lex
3273 5388 3332 5440 in
3352 5402 3460 5440 uno
3480 5401 3730 5440 sermone
3747 5387 3946 5457 imple-

2302 5493 2412 5547 tur,
2446 5486 2504 5537 in
2533 5497 2592 5536 eo
2623 5481 2770 5551 quod
2807 5479 3074 5548 scriptum
3110 5480 3205 5541 est,
3231 5477 3434 5546 Diliges
3449 5475 3767 5546 proximum
3791 5485 3949 5531 tuum

2300 5576 2559 5644 tanquam
2593 5577 2643 5624 te
2665 5570 2845 5638 ipsum
2874 5567 2981 5636 (Id.
3007 5581 3060 5633 ν,
3086 5565 3174 5634 14)
3199 5583 3212 5630 ;
3237 5569 3294 5618 et
3315 5564 3371 5617 in
3394 5562 3715 5634 Evangelio,
3747 5564 3945 5620 Omnia

2303 5673 2644 5737 quaecunque
2671 5655 2839 5712 vultis
2869 5663 2930 5710 ut
2957 5653 3175 5728 faciant
3202 5652 3350 5708 vobis
3380 5653 3645 5718 homines,
3673 5654 3756 5708 ita
3784 5657 3837 5709 et
3860 5671 3949 5710 vos

2366 5808 2385 5843 ί
2415 5803 2478 5854 In
2504 5799 2648 5859 Μαι..
2666 5793 2988 5863 temporalia.
