4160 6504
586 435 696 494 971

590 565 745 620 sicut
776 579 953 633 supra
970 560 1245 616 diximus.
1281 560 1427 623 Quid
1451 576 1587 632 ergo
1608 560 1678 615 de
1703 575 1900 615 amore
1924 558 2235 613 dicendum

590 656 808 719 cst,cur
834 667 946 705 non
973 649 1147 704 etiam
1169 666 1300 703 cum
1328 665 1388 704 se
1407 654 1585 711 amat,
1604 648 1796 719 ipsum
1823 664 2054 718 quoque
2071 663 2237 702 amo—

594 757 715 796 rem
735 740 823 793 sui
847 737 1118 810 genuisse
1139 737 1445 791 videatur?
1477 738 1611 791 Erat
1637 737 1793 791 enim
1812 735 2082 790 amabilis
2105 735 2234 789 sibi.

594 834 651 884 et
681 832 998 899 antequam
1023 842 1083 882 se
1105 825 1494 896 amaret,quia
1514 830 1739 897 poterat
1760 841 1821 879 se
1847 840 2069 889 amare;
2088 822 2241 878 sicut

594 922 718 973 erat
743 916 853 972 sibi
877 914 1199 976 noscibilis.
1226 920 1285 969 et
1307 919 1621 985 antequam
1644 929 1706 968 se
1728 917 1946 979 nosset,
1972 912 2109 983 quia
2140 927 2238 982 po-

594 1011 744 1062 terat
759 1022 821 1061 se
838 1020 1029 1060 nosse.
1056 1004 1199 1058 Nam
1228 1003 1275 1058 si
1304 1020 1417 1058 non
1447 1003 1557 1058 sibi
1577 1000 2064 1063 essetnoscibilis,
2088 1016 2237 1055 nun-

596 1110 771 1166 quam
795 1110 857 1149 se
879 1108 1051 1147 nosse
1078 1091 1393 1161 potuisset:
1428 1092 1511 1146 ita
1540 1090 1589 1146 si
1620 1107 1732 1145 non
1766 1089 1875 1145 sibi
1910 1094 2064 1144 esset
2083 1104 2240 1143 ama-

596 1182 1059 1253 bilis,nunquam
1078 1196 1140 1236 se
1168 1196 1363 1235 amare
1382 1178 1808 1250 potuisset.Cur
1826 1178 2021 1249 itaque
2043 1193 2242 1232 aman-

594 1275 667 1329 do
709 1289 769 1328 se
813 1289 925 1327 non
959 1270 1231 1343 genuisse
1279 1269 1505 1324 dicatur
1537 1284 1794 1323 amorem
1827 1283 2038 1333 suum;
2089 1266 2242 1322 sicut

594 1361 996 1433 cognoscendo
1019 1377 1080 1415 se
1102 1359 1305 1431 genuit
1326 1357 1597 1413 notitiam
1624 1373 1792 1412 suam
1822 1358 1945 1411 PAn
1969 1372 2035 1411 eo
2062 1358 2078 1391 ι
2103 1355 2239 1427 qui-

596 1452 727 1506 dem
760 1450 1067 1505 maniteste
1096 1449 1421 1503 ostenditur
1454 1447 1563 1502 hoc
1605 1446 1821 1501 amoris
1856 1461 1986 1501 esse
2021 1444 2238 1516 princi-

597 1539 780 1610 pium,
810 1537 960 1591 unde
992 1535 1249 1607 procedit
1276 1552 1288 1589 :
1313 1535 1386 1589 ab
1416 1534 1544 1605 ipsa
1575 1534 1791 1605 quippe
1818 1539 2010 1588 mente
2041 1548 2239 1604 proce-

598 1628 684 1682 dit
708 1642 721 1681 ε
753 1643 881 1697 qum
913 1625 1026 1680 sibi
1057 1629 1145 1680 est
1161 1623 1431 1679 amabilis
1452 1630 1761 1715 antequam
1786 1638 1847 1677 se
1868 1626 2049 1689 amet;
2070 1626 2241 1715 atque

598 1716 681 1770 ita
713 1712 1065 1787 principium
1083 1717 1172 1767 est
1198 1712 1415 1766 amoris
1438 1710 1672 1781 sui,quo
1694 1710 1756 1765 se
1780 1714 1939 1764 amat
1958 1727 1970 1764 :
1987 1710 2086 1764 sed
2114 1710 2240 1764 ideo

599 1821 713 1860 non
746 1806 899 1858 recte
929 1801 1143 1856 dicitur
1169 1800 1400 1872 genitus
1457 1799 1529 1853 ab
1577 1814 1663 1863 ea,
1697 1798 1848 1853 sicut
1894 1798 2101 1852 notitia
2149 1798 2241 1853 sui

601 1910 716 1964 qua
745 1909 807 1946 se
838 1890 1017 1959 novit,
1052 1890 1190 1960 quia
1221 1887 1426 1944 notitia
1446 1889 1572 1958 jam
1608 1889 1908 1943 inventum
1941 1892 2053 1953 est,
2085 1887 2239 1958 quod

599 1985 831 2051 partum
863 1976 950 2031 vel
984 1979 1279 2047 repertum
1311 1974 1542 2039 dicitur,
1588 1975 1738 2045 quod
1792 1988 1943 2045 saepe
1982 1974 2242 2045 procedit

596 2066 895 2136 inquisitio
925 2081 991 2119 eo
1023 2064 1137 2119 fine
1168 2063 1437 2135 quietura
1456 2063 1483 2116 ‘I
1512 2063 1657 2118 Nam
1690 2062 1990 2134 inquisitio
2019 2068 2109 2118 est
2138 2079 2238 2133 ap-

593 2156 813 2227 petitus
868 2152 1219 2218 inveniendi,
1279 2152 1434 2223 quod
1510 2152 1665 2207 idem
1732 2151 1885 2206 valet
1956 2152 2004 2205 si
2058 2151 2238 2218 dicas,

593 2243 945 2315 reperiendi.
1009 2244 1146 2308 Quas
1203 2247 1396 2296 autem
1456 2241 1844 2312 reperiuntur,
1910 2240 2076 2311 quasi
2136 2257 2239 2311 pa-

594 2332 828 2387 riuntur
887 2349 900 2387 :
959 2331 1113 2385 unde
1190 2328 1335 2400 proli
1392 2329 1612 2385 similia
1669 2337 1847 2395 sunt;
1899 2330 2046 2398 ubi,
2125 2328 2239 2385 nisi

592 2420 649 2475 in
712 2421 841 2492 ipsa
898 2418 1103 2474 notitia
1144 2418 1172 2473 ‘?
1221 2417 1304 2472 lbi
1363 2417 1520 2472 enim
1567 2416 1733 2488 quasi
1790 2433 2064 2488 expressa
2123 2417 2238 2472 for-

594 2513 849 2564 mantur.
882 2507 1029 2562 Nam
1061 2506 1168 2562 etsi
1204 2507 1330 2577 jam
1380 2510 1544 2561 erant
1597 2522 1688 2561 res
1735 2521 1879 2575 quas
1926 2506 2238 2576 quaarendo

592 2596 1157 2665 invenimus,notitia
1186 2608 1381 2650 tamen
1404 2594 1533 2666 ipsa
1562 2610 1675 2649 non
1708 2599 1852 2659 erat,
1882 2610 2056 2663 quam
2088 2594 2242 2649 sicut

595 2685 812 2757 prolem
853 2688 1185 2739 nascentem
1210 2684 1580 2754 deputamus.
1604 2683 1774 2737 Porro
1797 2682 2087 2753 appetitus
2119 2680 2239 2749 ille,

595 2775 695 2846 qui
727 2777 816 2829 est
845 2772 903 2827 in
934 2772 1265 2845 quaerendo,
1298 2770 1559 2843 procedit
1596 2787 1630 2825 a
1661 2774 1972 2841 quierente,
2007 2774 2064 2824 et
2092 2785 2239 2841 pen-

660 2918 673 2951 ¹
707 2915 862 2973 Editi,
895 2915 955 2963 In
984 2928 1059 2963 eo.
1091 2912 1461 2963 Emendantua
1492 2925 1555 2961 ex
1586 2912 1712 2961 Mss.

1703 429 1808 487 DE
1851 424 2304 501 TRINITA’I‘E,
2354 427 2417 487 S.
2452 424 2879 488 AUGUSTINI

3883 431 3989 493 972

2346 557 2443 612 det
2471 558 2727 627 quodam
2761 559 2932 613 modo
2968 575 3155 631 neque
3181 560 3495 632 requiescit
3526 561 3641 617 ﬁne
3667 577 3785 632 quo
3819 562 3989 617 inten-

2346 646 2644 713 ditur,nisi
2676 648 2731 701 id
2766 649 2917 718 quod
2953 649 3234 719 quaeritur
3265 650 3566 705 inventum
3601 652 3881 721 quaerenti
3903 668 3982 707 co-

2347 735 2598 807 puletur.
2633 738 2738 801 Qui
2772 737 3091 808 appetitus,
3120 738 3179 793 id
3211 744 3319 809 est,
3361 741 3689 813 inquisitio,
3725 742 3984 811 quamvis

2351 841 2518 881 amor
2546 841 2675 880 esse
2732 842 2847 881 non
2878 826 3163 892 videatur,
3191 845 3305 899 quo
3323 829 3378 884 id
3404 830 3554 901 quod
3582 833 3785 884 notum
3834 836 3919 885 est
3945 833 3985 901 ί,

2349 918 2582 968 amatur
2603 937 2617 981 ;
2641 912 2750 968 hoc
2771 917 2924 969 enim
2950 914 3141 969 adhuc
3160 922 3223 969 ut
3245 922 3629 987 cognoscatur
3657 918 3885 989 agitur:
3908 922 3986 972 ta-

2348 1015 2483 1054 men
2515 1017 2584 1056 ex
2612 1002 2814 1056 eodem
2847 1016 3056 1074 genere
3087 1000 3365 1073 quiddam
3391 1008 3496 1057 est.
3541 1003 3688 1059 Nam
3721 1003 3984 1060 voluntas

2340 1087 2467 1158 jam
2486 1089 2598 1144 dici
2617 1091 2967 1159 potest,quia
2987 1090 3179 1146 omnis
3200 1090 3300 1162 qui
3318 1093 3526 1163 querit
3548 1092 3805 1148 invenire
3833 1092 3984 1159 vult;

2349 1182 2407 1230 et
2435 1177 2485 1231 si
2511 1177 2569 1231 id
2597 1178 2874 1247 quaeritur
2899 1178 3054 1249 quod
3085 1180 3157 1233 ad
3183 1179 3452 1235 notitiam
3485 1181 3988 1252 pertineat,omnis

2348 1264 2451 1334 qui
2482 1266 2690 1335 quaerit
2718 1281 2891 1322 nosse
2920 1267 3063 1322 vult.
3088 1269 3249 1332 Quod
3290 1267 3338 1323 si
3370 1269 3641 1324 ardenter
3670 1275 3844 1341 atque
3874 1271 3992 1325 ins-

2347 1356 2540 1408 tanter
2567 1353 2713 1420 vult,
2737 1356 2965 1410 studere
2992 1354 3241 1410 dicitur:
3274 1358 3427 1427 quod
3462 1358 3715 1412 maxime
3746 1359 3803 1411 in
3838 1374 3991 1414 asse-

2350 1442 2599 1513 quendis
2620 1446 2796 1514 atque
2816 1444 3212 1515 adipiscendis
3242 1445 3572 1516 quibusque
3603 1445 3885 1502 doctrinis
3905 1447 3989 1501 di-

2349 1530 2399 1585 ci
2432 1530 2599 1585 solet.
2634 1531 2871 1586 Partum
2920 1548 3056 1603 ergo
3108 1532 3321 1588 mentis
3370 1534 3659 1589 antecedit
3705 1536 3991 1607 appetitus

2348 1618 2606 1689 quidam,
2639 1636 2755 1691 quo
2784 1620 2839 1675 id
2872 1622 3029 1691 quod
3062 1637 3232 1676 nosse
3273 1621 3546 1677 volumus
3592 1625 3903 1694 quaerendo
3939 1629 3994 1680 et

2348 1706 2714 1774 inveniendo,
2750 1708 3011 1764 nascitur
3052 1709 3243 1781 proles
3288 1710 3417 1782 ipsa
3455 1710 3662 1767 notitia
3712 1729 3726 1768 :
3779 1729 3845 1768 ac
3894 1729 3994 1785 per

2347 1794 2457 1851 hoc
2480 1796 2774 1867 appetitus
2794 1796 2890 1851 ille
2911 1814 3026 1869 quo
3047 1798 3374 1870 concipitur
3402 1801 3739 1871 pariturque
3768 1802 3991 1871 notitia,

2349 1889 2554 1956 partus
2585 1888 2639 1940 et
2673 1884 2862 1957 proles
2895 1891 3045 1941 recte
3062 1887 3177 1943 dici
3195 1904 3311 1943 non
3335 1893 3523 1959 potest
3549 1913 3562 1955 ;
3595 1890 3867 1961 idemque
3896 1908 3993 1962 ap-

2349 1972 2565 2044 petitus
2598 1990 2711 2043 quo
2742 1974 3006 2029 inhiatur
3035 1975 3115 2030 rei
3144 1977 3581 2048 cognoscenda,
3606 1979 3671 2032 fit
3701 1996 3865 2035 amor
3892 1996 3992 2035 co-

2348 2062 2545 2132 gnitas,
2578 2063 2720 2116 dum
2751 2067 2907 2118 tenet
2935 2068 3109 2135 atque
3138 2066 3512 2137 amplectitur
3552 2065 3823 2138 placitam
3859 2084 3994 2141 pro-

2349 2147 2484 2219 lem,
2519 2151 2577 2204 id
2627 2156 2735 2220 est,
2787 2151 3072 2219 notitiam,
3131 2154 3513 2225 gignentique
3557 2157 3881 2227 conjungit.
3931 2158 3997 2213 Et

2350 2243 2438 2292 est
2471 2240 2733 2309 quaedam
2769 2240 2961 2310 imago
2992 2241 3315 2312 Trinitatis,
3350 2243 3479 2315 ipsa
3523 2260 3710 2313 mens,
3743 2250 3799 2299 et
3837 2244 3993 2300 noti-

2349 2325 2432 2380 tia
2460 2328 2606 2397 ejus,
2636 2328 2788 2399 quod
2814 2333 2903 2383 est
2931 2329 3122 2399 proles
3153 2330 3280 2400 ejus
3304 2348 3369 2386 ac
3400 2334 3471 2387 de
3501 2349 3565 2388 se
3598 2332 3728 2404 ipsa
3756 2334 3997 2390 verbum

2349 2415 2498 2485 ejus,
2551 2422 2608 2470 et
2649 2432 2814 2471 amor
2856 2418 3084 2483 tertius,
3129 2426 3186 2474 et
3233 2418 3354 2473 haec
3410 2419 3523 2476 tria
3583 2438 3769 2477 unum
3818 2427 3996 2494 atque

2349 2520 2467 2558 una
2496 2504 2847 2560 substantia.
2895 2507 3007 2563 Nec
3056 2508 3248 2563 minor
3278 2508 3468 2580 proles
3502 2512 3642 2565 dum
3675 2516 3902 2567 tantam
3936 2528 3998 2568 se

2351 2594 2512 2647 novit
2543 2608 2710 2648 mens
2741 2600 2961 2664 quanta
2989 2600 3077 2651 est
3107 2611 3210 2651 nec
3243 2598 3437 2652 minor
3466 2615 3652 2667 amor,
3687 2600 3831 2655 dum
3865 2606 3997 2655 tan-

2351 2685 2478 2736 tum
2510 2698 2572 2737 se
2593 2682 2786 2754 diligit
2812 2689 3094 2754 quantum
3120 2686 3279 2741 novit
3306 2691 3362 2742 et
3392 2693 3610 2758 quanta
3636 2693 3745 2745 est.

2413 2911 2430 2946 ί
2464 2910 2646 2961 Plures
2675 2913 2818 2974 Mss.,
2849 2914 2968 2977 quia
2999 2915 3139 2979 quod
3167 2918 3344 2965 notum
3373 2921 3466 2967 est.

1758 3045 2132 3137 LIBER
2230 3045 2814 3140 DECIMUS.

586 3174 645 3223 In
678 3187 783 3236 quo
807 3174 1097 3223 trinitatem
1128 3172 1286 3223 aliam
1316 3173 1370 3221 in
1399 3171 1634 3221 hominis
1663 3173 1839 3220 mente
1869 3167 2393 3281 inestserostepditqr,
2426 3183 2650 3282 elamtqair
2699 3171 2854 3237 longe
2887 3172 3274 3225 evidentiorem
3321 3190 3576 3241 apparere
3609 3179 3665 3228 in
3712 3182 4002 3242 memoria,

1913 3245 1966 3280 in
1995 3246 2021 3280 e
2066 3245 2184 3282 men
2213 3245 2264 3280 ia
2293 3245 2320 3281 e
2374 3246 2441 3281 vo
2464 3246 2536 3281 un
2621 3246 2667 3281 e.

1913 3245 2264 3295 ιηῑθιιιεθοῑιθ,
2293 3245 2347 3281 θι
2374 3245 2667 3282 γοιιιηιειθ.

668 3367 899 3424 CAPUT
932 3367 1379 3423 PRIMUM—1.
1397 3367 1649 3422 Amorem
1677 3364 1943 3420 studentis
1963 3366 2159 3430 animi,
2180 3366 2244 3419 id

597 3468 695 3525 est,
727 3460 876 3512 scire
912 3458 1203 3528 cupientis,
1236 3471 1344 3510 non
1372 3471 1486 3511 esse
1514 3470 1760 3509 amorem
1805 3454 1921 3524 ejus
1959 3455 2041 3508 rei
2079 3470 2241 3524 quam

597 3547 957 3603 nescit.Nunc
980 3546 1051 3601 ad
1070 3562 1135 3601 ea
1154 3546 1283 3616 ipsa
1303 3551 1724 3615 consequenter
1743 3543 2044 3598 enodatius
2064 3541 2243 3615 expli-

602 3636 788 3690 canda
830 3634 1085 3689 limatior
1122 3634 1356 3689 accedat
1388 3632 1649 3687 intentio.
1680 3634 1759 3685 Ac
1789 3631 2067 3702 primum,
2101 3630 2239 3701 quia

603 3743 727 3781 rem
760 3741 998 3796 prorsus
1030 3724 1286 3793 ignotam
1317 3737 1514 3776 amare
1536 3721 1773 3775 omnino
1804 3719 1999 3775 nullus
2027 3724 2236 3789 potest,

602 3815 912 3885 diligenter
941 3811 1286 3866 intuendum
1317 3814 1405 3865 est
1450 3809 1782 3878 cujusmodi
1813 3807 1889 3862 sit
1916 3824 2079 3863 amor
2109 3814 2238 3862 stu-

602 3904 890 3969 dentium,
922 3902 978 3955 id
1011 3906 1243 3968 est,non
1266 3899 1392 3968 jam
1424 3897 1754 3962 scientium,
1789 3897 1889 3951 sed
1920 3897 2111 3951 adhuc
2132 3895 2239 3951 sci-

601 4010 661 4047 re
692 3989 1054 4061 cupientium
1086 4002 1376 4060 quamque
1402 3985 1745 4039 doctrinam.
1772 3985 1840 4038 Et
1861 3985 1919 4038 in
1950 3984 2043 4038 his
2074 3986 2240 4056 quip-

598 4099 667 4153 pe
699 4081 870 4135 rebus
902 4079 961 4133 in
994 4077 1208 4147 quibus
1231 4092 1347 4129 non
1379 4074 1587 4127 usitate
1616 4072 1830 4127 dicitur
1851 4074 2235 4143 studium,so-

594 4170 717 4225 lent
743 4169 986 4225 existere
1016 4181 1243 4220 amores
1274 4181 1341 4218 ex
1371 4162 1596 4225 auditu,
1631 4162 1770 4216 dum
1802 4162 2087 4233 cujusque
2109 4163 2235 4234 ρυι-

600 4257 951 4313 cbritudinis
985 4257 1141 4309 lama
1169 4254 1241 4307 ad
1288 4252 1600 4305 videndum
1649 4267 1715 4305 ac
1764 4251 2075 4305 fruendum
2107 4252 2235 4307 ani-

602 4365 735 4404 mus
782 4344 1134 4412 accenditur,
1186 4340 1323 4412 quia
1363 4339 1709 4410 generaliter
1740 4340 1899 4393 novit
1927 4357 2237 4411 corporum

599 4433 1088 4510 pulchritudines,
1112 4448 1179 4486 ex
1209 4447 1275 4485 eo
1303 4430 1454 4499 quod
1490 4428 1775 4500 plurimas
1803 4428 1966 4493 vidit,
1999 4437 2055 4484 et
2086 4430 2239 4485 inest

598 4523 953 4578 intrinsecus
983 4519 1136 4574 unde
1166 4516 1538 4588 approbetur,
1567 4515 1659 4570 cui
1690 4516 2012 4571 forinsecus
2048 4517 2233 4573 inhia-

597 4618 714 4669 tur.
747 4588 908 4683 ngd
940 4624 1073 4663 cum
1105 4607 1188 4673 ﬁt,
1222 4622 1337 4660 non
1368 4605 1447 4659 rei
1479 4604 1707 4675 penitus
1739 4604 2043 4677 incognitae
2073 4623 2239 4663 amor

597 4702 903 4766 excitatur,
934 4698 1105 4766 cujus
1145 4710 1330 4767 genus
1360 4693 1442 4748 ita
1473 4700 1675 4749 notum
1706 4698 1813 4748 est.
1865 4694 2009 4749 Cum
2040 4701 2235 4750 autem

593 4792 785 4845 virum
818 4796 1029 4843 bonum
1060 4799 1351 4851 amamus,
1387 4786 1555 4852 cujus
1575 4782 1781 4837 faciem
1813 4799 1927 4838 non
1958 4783 2238 4852 vidimus,

596 4897 666 4934 ex
698 4878 903 4933 notitia
928 4874 1214 4931 virtutum
1245 4888 1533 4938 amamus,
1553 4887 1699 4941 quas
1733 4870 1998 4928 novimus
2031 4873 2087 4926 in
2112 4875 2239 4944 ipsa

596 4964 947 5023 veritate.Ad
967 4962 1261 5018 doctrinas
1291 4964 1485 5014 autem
1517 4959 2236 5031 cognoscendas.plerum~

600 5074 713 5129 que
742 5072 847 5110 nos
890 5050 1257 5109 laudantium
1291 5052 1469 5119 atque
1502 5048 1941 5118 praedicantium
1974 5051 2237 5106 accendit

598 5144 941 5199 auctoritas:
966 5145 1023 5194 et
1045 5146 1237 5192 tamen
1261 5135 1373 5189 nisi
1396 5135 1646 5189 breviter
1666 5134 2010 5206 impressam
2038 5139 2233 5207 cujus-

597 5250 707 5305 que
746 5229 1019 5287 doctrinaa
1060 5226 1409 5280 haberemus
1461 5224 1518 5277 in
1555 5225 1749 5278 animo
1782 5225 2238 5289 notionem,nul-

595 5322 649 5376 lo
668 5322 737 5377 ad
755 5336 881 5375 eam
904 5316 1241 5372 discendam
1270 5311 1462 5367 studio
1485 5311 1885 5383 ﬂagraremus.
1919 5314 2058 5378 Quis
2079 5315 2233 5370 enim

596 5409 862 5471 sciendaa,
894 5403 1053 5460 verbi
1101 5401 1309 5473 gratia,
1361 5401 1661 5455 rhetoricae
1702 5402 1880 5456 ullam
1931 5419 2129 5457 curam
2179 5409 2235 5459 et

595 5513 831 5569 Operam
864 5493 1241 5563 impenderet,
1275 5490 1387 5545 nisi
1435 5495 1567 5545 ante
1614 5492 1789 5545 sciret
1835 5508 1961 5545 eam
2005 5493 2233 5547 dicendi

599 5604 726 5643 esse
748 5580 1093 5641 scientiam?
1111 5580 1435 5651 Aliquando
1466 5579 1638 5633 etiam
1664 5578 1925 5649 ipsarum
1947 5580 2234 5635 doctrina-

602 5692 731 5731 rum
778 5673 924 5728 fines
962 5669 1192 5726 auditos
1235 5676 1567 5740 expertosve
1605 5668 1910 5737 miramur,
1940 5675 1997 5724 et
2030 5685 2099 5723 ex
2126 5668 2234 5725 hoc

599 5761 1023 5823 inardesciinus
1054 5756 1384 5819 facultatem
1418 5771 1753 5830 comparare
1796 5756 2091 5831 discendo,
2122 5775 2237 5832 qua

2349 3366 2420 3421 ad
2452 3381 2552 3421 eos
2599 3367 2896 3437 pervenire
2941 3368 3258 3440 possimus.
3309 3372 3611 3445 Tanquam
3669 3374 3717 3429 si
3768 3374 4007 3432 litteras

2350 3455 2631 3510 nescienti
2670 3456 2898 3511 dicatur
2948 3459 3267 3528 quamdam
3318 3477 3447 3516 esse
3496 3464 3848 3531 doctrinam,
3882 3484 4008 3536 qua

2349 3543 2598 3614 quisque
2626 3544 2830 3610 valeat,
2864 3547 3132 3616 quamvis
3161 3547 3331 3621 longe
3361 3550 3611 3616 absenti,
3644 3555 3818 3607 verba
3853 3555 4005 3608 mit-

2346 3635 2467 3686 tere
2514 3649 2692 3687 manu
2742 3633 2893 3689 facta
2942 3635 2999 3688 in
3049 3635 3298 3705 silentio,
3333 3655 3458 3709 quae
3510 3657 3717 3696 rursus
3772 3641 3870 3697 ille
3901 3643 4005 3699 cui

2346 3720 2680 3788 mittuntur,
2714 3738 2827 3778 non
2858 3722 3118 3792 auribus,
3153 3726 3252 3780 sed
3302 3727 3489 3783 oculis
3520 3729 3777 3801 colligat,
3810 3732 4003 3803 idque

2347 3808 2470 3863 ﬁeri
2502 3809 2727 3878 videat;
2759 3828 2970 3880 nonne,
3003 3813 3143 3868 dum
3176 3817 3539 3887 concupiscit
3572 3834 3742 3874 nosse
3773 3836 3891 3891 quo
3938 3822 4017 3877 id.

2346 3899 2714 3969 possit,omni
2738 3901 2931 3956 studio
2954 3902 3106 3957 circa
3133 3902 3299 3958 illum
3323 3904 3499 3960 finem
3523 3913 4001 3981 movetur,quem

2338 3987 2465 4057 jam
2499 3992 2701 4043 notum
2732 3989 2931 4044 tenet?
2978 3991 3070 4045 Sic
3100 3994 3499 4049 accenduntur
3535 3997 3732 4051 studia
3764 3998 4006 4054 discen-

2343 4076 2491 4130 tium
2528 4093 2541 4131 :
2575 4094 2709 4132 nam
2750 4079 2904 4149 quod
2937 4079 3188 4152 quisque
3235 4098 3477 4153 prorsus
3530 4083 4004 4157 ignorat,amare

2347 4166 2506 4220 nullo
2542 4172 2702 4235 pacto
2732 4172 2942 4238 potest.

2415 4256 2469 4306 2.
2504 4255 2589 4308 Ita
2618 4255 2791 4309 etiam
2824 4254 3058 4326 signum
3103 4257 3152 4311 si
3202 4258 3334 4329 quis
3366 4259 3566 4316 audiat
3603 4262 4007 4335 incognitum,

2345 4341 2521 4397 veluti
2553 4344 2707 4397 verbi
2740 4342 2991 4415 alicujus
3035 4362 3267 4414 sonum,
3301 4364 3416 4419 quo
3456 4350 3596 4420 quid
3630 4351 4014 4424 signiﬁcetur

2346 4431 2595 4502 ignorat,
2629 4433 2790 4502 cupit
2820 4435 2968 4488 scire
2995 4434 3275 4505 quidnam
3309 4438 3406 4503 sit,
3445 4438 3502 4492 id
3536 4444 3647 4504 est,
3681 4457 3870 4498 sonus
3906 4443 4014 4500 ille

2347 4520 2440 4575 cui
2474 4520 2554 4575 rei
2584 4523 3103 4577 commemoranda:
3127 4523 3437 4580 institutus
3462 4527 3575 4583 sit:
3602 4529 3786 4585 veluti
3820 4533 3872 4588 si
3896 4550 4013 4588 au-

2347 4610 2469 4664 diat
2502 4625 2636 4663 cum
2668 4609 2882 4665 dicitur
2910 4613 3497 4686 temetum,ignorans
3527 4616 3669 4687 quid
3701 4619 3781 4674 sit
3810 4622 4017 4692 requi-

2348 4702 2455 4753 rat.
2482 4698 2613 4753 Jam
2645 4698 2846 4769 itaque
2876 4706 3100 4770 oportet
3134 4706 3197 4755 ut
3229 4703 3453 4758 noverit
3485 4705 3719 4777 signum
3754 4724 3915 4781 esse,
3950 4712 4016 4766 id

2346 4790 2452 4853 est,
2490 4804 2601 4841 non
2631 4804 2757 4843 esse
2804 4787 3038 4844 inanem
3071 4788 3227 4845 illam
3272 4808 3494 4862 vocem,
3527 4795 3629 4850 sed
3674 4794 3909 4869 aliquid
3942 4816 4017 4855 ea

2346 4875 2667 4946 significari
2711 4893 2723 4930 :
2768 4875 3026 4947 alioquin
3053 4879 3175 4947 jam
3221 4886 3425 4936 notum
3459 4886 3548 4937 est
3594 4883 3702 4939 hoc
3736 4886 4017 4959 trisylla-

2347 4964 2535 5032 bum,
2604 4970 2661 5019 et
2716 4964 3086 5021 articulatam
3146 4969 3402 5039 speciem
3462 4986 3629 5027 suam
3690 4973 4018 5046 impressit

2346 5054 2546 5107 anima
2589 5070 2689 5124 per
2730 5070 2970 5108 sensum
3015 5055 3245 5111 aurium
3301 5073 3313 5110 :
3362 5058 3501 5128 quid
3547 5060 3807 5132 amplius
3842 5064 3906 5119 in
3943 5081 4018 5121 eo

2347 5141 2703 5211 requiratur,
2736 5158 2850 5211 quo
2882 5144 2898 5177 ¹
2934 5143 3124 5215 magis
3172 5144 3516 5217 innotescat,
3571 5150 3743 5220 cujus
3790 5167 4019 5209 omnes

2346 5227 2548 5283 litterae
2580 5229 2893 5301 omniaque
2924 5232 3049 5285 soni
3083 5233 3273 5304 spatia
3305 5239 3443 5290 nota
3481 5242 3658 5304 sunt;
3710 5239 3827 5295 nisi
3866 5242 4024 5313 quia

2345 5320 2523 5375 simul
2554 5321 2810 5376 innotuit
2841 5322 3077 5393 signum
3121 5340 3269 5391 esse,
3306 5326 3603 5397 movitque
3635 5328 3863 5385 sciendi
3902 5349 4022 5389 cu-

2344 5409 2669 5480 piditatem,
2703 5410 2872 5479 cujus
2925 5411 3005 5465 rei
3063 5412 3299 5482 signum
3331 5414 3455 5469 sit?
3503 5415 3624 5478 Quo
3658 5417 3847 5490 igitur
3878 5438 4023 5476 am-

2347 5497 2505 5567 pitus
2537 5503 2740 5553 notum
2772 5502 2882 5567 est,
2916 5501 3016 5553 sed
3049 5516 3164 5554 non
3197 5501 3366 5571 plene
3397 5509 3601 5558 notum
3649 5511 3759 5576 est,
3794 5524 3869 5563 eo
3904 5525 4024 5564 cu-

2346 5586 2433 5657 pit
2463 5585 2695 5640 animus
2726 5586 2797 5641 de
2846 5585 2947 5641 illo
2997 5603 3170 5643 nosse
3219 5590 3374 5662 quod
3426 5592 3721 5665 reliquum
3775 5600 3896 5652 est.
3950 5598 4022 5654 Si

2347 5674 2501 5731 enim
2523 5675 2925 5731 tantummodo
2943 5691 3071 5732 esse
3096 5676 3269 5734 istam
3291 5695 3490 5737 vocem
3516 5686 4021 5761 nosset,eamque

2420 5773 2433 5807 ι
2455 5771 2669 5837 Aliquot
2696 5772 2838 5837 Msa,
2869 5774 3021 5840 quod.
