4160 6440
162 488 279 551 9'13

163 623 417 695 alicujus
438 621 519 678 rei
542 622 774 693 signum
802 635 929 677 esse
951 636 1066 676 non
1084 626 1302 691 nosset,
1329 620 1471 675 nihil
1494 621 1620 691 jam
1653 636 1807 691 quaa-

163 716 337 778 rerct,
366 711 629 766 sensibili
653 727 733 776 re,
764 715 1048 781 quantum
1074 713 1317 780 poterat,
1351 708 1656 764 sentiendo
1693 725 1815 779 per-

164 805 352 873 cepta.
378 801 522 866 Quia
534 816 665 854 vero
682 817 794 854 non
812 798 1001 854 solum
1016 816 1143 854 esse
1159 815 1375 864 vocem,
1393 798 1492 853 sed
1508 801 1564 852 et
1576 798 1703 867 sign
1716 814 1809 851 um

163 892 433 961 essejam
459 889 638 957 novit,
665 888 910 959 perfecte
933 888 989 942 id
1025 904 1197 942 nosse
1222 886 1360 941 vult.
1394 886 1593 957 Neque
1627 886 1811 940 ullum

163 980 417 1051 perfecte
446 979 680 1049 signum
714 977 993 1043 noscitur,
1027 977 1137 1032 nisi
1171 978 1341 1046 cujus
1374 975 1451 1031 rei
1477 977 1713 1047 signum
1737 976 1815 1030 sit

163 1071 573 1139 cognoscatur.
596 1067 712 1121 Hoc
735 1082 870 1138 ergo
893 1066 993 1136 qui
1015 1066 1238 1120 ardenti
1257 1081 1396 1120 cura
1412 1064 1617 1135 quierit
1633 1069 1694 1118 ut
1712 1080 1811 1119 no-

158 1156 469 1226 verit,stud
481 1156 567 1227 ioq
580 1172 649 1211 ue
662 1172 941 1210 accensus
954 1154 1190 1220 insistit,
1202 1171 1341 1208 num
1358 1158 1548 1225 potest
1560 1153 1672 1208 dici
1687 1169 1814 1208 esse

163 1246 292 1301 sine
309 1244 543 1300 amore?
562 1244 708 1308 Quid
728 1244 907 1316 igitur
924 1242 1121 1297 amat?
1142 1244 1305 1297 Certe
1321 1243 1477 1296 enim
1502 1241 1684 1296 amari
1706 1240 1810 1295 ali-

163 1334 304 1407 quid
326 1333 436 1390 nisi
459 1338 660 1388 notum
685 1350 801 1387 non
822 1338 1030 1404 potest.
1048 1332 1245 1403 Neque
1258 1332 1413 1386 enim
1430 1330 1680 1385 illeistas
1695 1336 1813 1386 tres

163 1424 419 1497 syllabas
442 1429 617 1491 amat,
642 1439 817 1493 quam
834 1423 961 1493 jam
981 1425 1149 1478 notas
1168 1420 1362 1477 habet.
1384 1420 1539 1484 Quod
1560 1422 1609 1476 si
1628 1420 1735 1476 hoc
1752 1420 1811 1475 in

162 1513 249 1568 eis
265 1516 445 1581 amat,
466 1512 605 1584 quia
622 1510 732 1567 scit
765 1527 865 1566 eas
906 1510 1235 1581 signiﬁcare
1258 1509 1514 1581 aliquid;
1542 1526 1654 1565 non
1681 1510 1815 1565 inde

161 1617 321 1657 nunc
342 1601 551 1672 agitur,
578 1617 691 1655 non
714 1600 870 1654 enim
893 1599 1002 1654 hoc
1036 1615 1208 1653 nosse
1241 1599 1485 1669 qursrit:
1520 1599 1619 1653 sed
1652 1598 1711 1652 in
1746 1614 1811 1654 eo

161 1691 316 1763 quod
341 1690 487 1745 scire
509 1690 726 1755 studet,
751 1688 891 1758 quid
917 1693 1071 1743 amet
1097 1687 1478 1759 inquirimus,
1504 1688 1655 1758 quod
1685 1703 1811 1759 pro-

92 1780 93 1783 “
162 1779 310 1833 tecto
333 1778 593 1831 nondum
613 1775 799 1832 novit:
822 1782 877 1830 et
894 1781 1194 1848 prOpterea
1213 1777 1497 1831 miramur
1513 1794 1617 1831 cur
1632 1780 1809 1843 amet,

159 1868 437 1936 quoniam
472 1865 811 1920 firmissime
844 1864 1114 1920 novimus
1145 1865 1328 1919 amari
1380 1866 1491 1921 nisi
1528 1870 1664 1921 nota
1696 1882 1809 1921 non

164 1971 356 2025 posse.
376 1954 521 2018 Quid
542 1970 678 2026 ergo
696 1958 874 2020 amat,
896 1954 1008 2008 nisi
1028 1954 1165 2025 quia
1182 1955 1341 2009 novit
1358 1961 1531 2025 atque
1551 1954 1813 2009 intuetur

161 2045 221 2097 in
256 2043 577 2098 rationibus
608 2059 801 2097 rerum
834 2059 961 2115 quis
994 2044 1072 2097 sit
1102 2043 1478 2114 pulchritudo
1510 2043 1807 2112 doctrinae,

163 2149 283 2204 qua
312 2132 686 2188 continentur
716 2133 935 2187 notitiae
958 2133 1258 2204 signorum
1280 2134 1541 2187 omnium
1569 2151 1582 2199 ;
1607 2139 1663 2187 et
1684 2150 1809 2205 quae

164 2222 243 2277 sit
264 2221 484 2277 utilitas
503 2222 557 2275 in
576 2238 639 2276 ea
660 2221 884 2293 peritia,
904 2237 1020 2292 qua
1039 2223 1188 2276 inter
1204 2238 1263 2277 se
1284 2223 1541 2277 humana
1562 2222 1811 2277 societas

159 2327 338 2366 sensa
350 2311 843 2375 communicat,ne
855 2310 963 2365 sibi
982 2310 1285 2365 hominum
1301 2317 1481 2366 cretus
1496 2312 1809 2367 deteriores

158 2399 282 2454 sint
296 2399 499 2470 quavis
515 2398 596 2452 sol
609 2398 909 2464 itudine,si
925 2398 1307 2469 cogitationes
1322 2415 1461 2453 suas
1473 2397 1807 2469 colloquen-

162 2490 238 2542 (lu
258 2505 370 2542 non
392 2487 696 2541 misceant.
716 2491 877 2541 Hanc
899 2503 1034 2557 ergo
1057 2487 1307 2558 speciem
1332 2488 1601 2541 decoram
1625 2494 1681 2542 et
1705 2488 1809 2541 uti-

161 2576 280 2631 lem
312 2577 494 2631 cernit
525 2576 742 2640 anima,
775 2582 831 2631 et
862 2577 1045 2641 novit,
1074 2582 1131 2630 et
1161 2582 1354 2643 amat;
1388 2594 1628 2647 eamque
1659 2576 1716 2630 in
1748 2592 1810 2631 se

161 2666 364 2738 perfici
388 2666 606 2733 studet,
633 2672 917 2736 quantum
942 2668 1152 2737 potest,
1176 2665 1444 2736 quisquis
1464 2682 1666 2720 vocum
1692 2665 1809 2735 sig-

159 2754 529 2809 nificantium
563 2769 943 2824 quaecumque
985 2754 1275 2825 ignorat‘,
1327 2754 1591 2825 inquirit.
1644 2754 1807 2808 Aliud

160 2850 255 2898 est
282 2844 434 2897 enim
468 2845 617 2912 quod
653 2859 779 2897 eam
805 2843 863 2896 in
887 2843 1146 2898 veritatis
1169 2842 1297 2898 luce
1321 2844 1626 2913 conspicit,
1652 2842 1807 2897 aliud

161 2932 321 3001 quod
340 2932 398 2985 in
419 2948 526 2986 sua
545 2929 818 2985 facultate
838 2930 1219 3001 concupiscit.
1245 2931 1540 3003 Conspicit
1559 2948 1811 3003 namque

162 3020 223 3075 in
259 3020 387 3075 luce
414 3019 676 3075 veritatis
708 3036 882 3090 quam
916 3036 1195 3090 magnum
1219 3028 1273 3075 et
1294 3037 1469 3091 quam
1496 3024 1709 3075 bonum
1735 3021 1811 3076 sit

163 3125 367 3165 omnes
388 3108 649 3164 omnium
672 3108 934 3179 gentium
957 3107 1189 3179 linguas
1208 3108 1531 3180 intelligere
1548 3128 1613 3164 ac
1632 3109 1807 3179 loqui,

163 3196 509 3268 nullamque
539 3201 603 3251 ut
634 3195 993 3267 alienigenaﬁ
1025 3197 1247 3267 audire,
1280 3202 1337 3252 et
1367 3215 1397 3251 a
1424 3198 1580 3252 nullo
1605 3200 1683 3253 ita
1703 3216 1809 3253 au-

163 3287 301 3342 diri.
335 3286 517 3356 Cujus
550 3285 766 3340 notitia:
799 3286 979 3340 decus
1011 3286 1357 3357 cogitatione
1381 3288 1505 3356 jam
1529 3288 1808 3353 cernitur,

164 3382 516 3446 amaturque
549 3392 638 3429 res
671 3380 843 3441 nota;
876 3391 1002 3445 quae
1025 3375 1106 3430 ita
1127 3376 1502 3447 conspicitur,
1529 3383 1702 3447 atque
1723 3378 1809 3431 in-

163 3464 433 3520 ﬂammat
462 3462 657 3519 studia
688 3463 1060 3531 discentium,
1095 3470 1158 3519 ut
1188 3464 1341 3521 circa
1378 3481 1506 3520 eam
1540 3483 1809 3520 movean-

161 3560 281 3623 tur,
314 3553 482 3625 eique
512 3553 742 3608 inhient
771 3553 827 3606 in
861 3552 1020 3608 omni
1045 3569 1223 3625 opera
1250 3570 1428 3624 quam
1460 3555 1811 3625 impendunt

162 3643 588 3714 consequendaa
619 3641 718 3697 tali
742 3642 1024 3712 facultati,
1045 3647 1109 3696 ut
1129 3644 1301 3698 etiam
1328 3660 1435 3697 usu
1461 3660 1550 3698 am
1564 3643 1811 3714 plectan-

160 3738 264 3788 tur
294 3734 449 3805 quod
481 3733 703 3786 ratione
732 3737 1135 3803 praenoscunt:
1185 3739 1361 3803 atque
1408 3733 1489 3787 ita
1536 3732 1807 3803 quisque,

164 3822 262 3877 cui
297 3820 553 3876 facultati
586 3836 688 3891 spe
730 3820 1102 3891 propinquat,
1151 3820 1202 3876 ei
1252 3821 1564 3875 ferventius
1614 3838 1810 3877 amore

163 3909 510 3965 inardescit.
546 3908 637 3963 Eis
660 3908 941 3964 doctrinis
962 3910 1175 3980 quippe
1205 3910 1473 3965 studetur
1501 3910 1810 3966 vehemen-

165 4000 310 4066 tius,
345 4015 472 4069 qum
500 3998 626 4068 capi
676 4014 846 4069 posse
890 4014 1004 4052 non
1036 3998 1437 4069 desperantur.
1467 3998 1610 4054 Nam
1644 4002 1812 4070 cujus

167 4090 253 4143 rei
283 4087 669 4159 adipiscendae
700 4103 866 4158 spem
897 4086 1148 4157 quisque
1172 4104 1282 4142 non
1307 4088 1476 4159 gerit,
1500 4096 1601 4144 aut
1620 4089 1813 4160 tepide

170 4181 352 4244 amat,
387 4175 659 4247 quamvis
691 4192 867 4246 quam
902 4174 1145 4246 pulchra
1175 4176 1248 4231 sit
1278 4178 1487 4233 videat.
1513 4178 1811 4249 Quocirca,

170 4265 315 4337 quia
344 4264 607 4319 omnium
640 4263 974 4335 linguarum
1001 4264 1241 4320 scientia
1272 4265 1389 4321 fere
1419 4268 1492 4320 ab
1539 4268 1814 4324 omnibus

168 4354 537 4425 desperatur,
570 4370 687 4409 suae
719 4352 911 4423 gentis
939 4352 1190 4424 quisque
1220 4355 1471 4409 maxime
1504 4357 1718 4423 studet,
1754 4361 1817 4411 ut

169 4442 415 4498 noverit.
450 4442 612 4507 Quod
645 4441 693 4496 si
725 4447 783 4497 et
803 4440 886 4495 illi
913 4442 985 4496 ad
1012 4443 1328 4513 perfectum
1353 4443 1731 4514 percipienda:
1754 4462 1817 4501 se

171 4548 291 4587 non
322 4531 591 4587 sufficere
630 4531 828 4595 sentit,
880 4547 1050 4585 nemo
1099 4536 1295 4586 tamen
1338 4537 1453 4586 tam
1488 4533 1818 4589 desidiosus

170 4624 267 4675 est
297 4620 473 4689 hujus
503 4619 740 4688 notitiae,
773 4618 873 4690 qui
906 4636 1042 4685 non,
1077 4636 1209 4674 cum
1260 4620 1509 4675 audierit
1552 4622 1818 4694 incogni-

172 4712 303 4761 tum
333 4705 597 4771 verbum,
628 4706 765 4760 velit
790 4722 961 4761 nosse
993 4707 1131 4777 quid
1165 4704 1309 4761 illud
1343 4708 1436 4773 sit,
1460 4713 1517 4763 et
1536 4710 1581 4763 si
1608 4715 1816 4780 potest,

174 4798 402 4864 quarat
429 4810 496 4849 ac
525 4794 736 4849 discat.
770 4794 931 4857 Quod
964 4795 1106 4849 dum
1136 4795 1362 4866 quaerit,
1397 4796 1598 4868 utique
1624 4799 1681 4853 in
1703 4804 1821 4855 stu-

174 4884 275 4937 dio
307 4882 565 4937 discendi
602 4889 709 4949 est,
736 4887 791 4937 et
810 4882 1040 4938 videtur
1059 4900 1254 4939 amare
1282 4900 1400 4940 rem
1424 4885 1777 4957 incognitam
1804 4909 1820 4957 ς

177 4970 335 5041 quod
370 4986 484 5026 non
518 4971 597 5025 ita
626 4975 735 5025 est.
768 4970 999 5041 Species
1031 4988 1284 5043 namque
1330 4972 1431 5028 illa
1479 4976 1663 5047 tangit
1693 4977 1823 5031 ani-

180 5075 369 5126 mum,
405 5076 579 5130 quam
622 5060 779 5114 novit
807 5064 863 5115 et
889 5061 1124 5132 cogitat,
1159 5061 1217 5115 in
1266 5078 1381 5132 qua
1429 5062 1618 5119 elucet
1648 5066 1824 5121 decus

178 5147 708 5203 consociandorum
761 5148 1081 5204 animorum
1132 5150 1190 5204 in
1239 5152 1479 5207 vocibus
1532 5154 1684 5209 notis
1722 5172 1825 5210 au-

178 5235 413 5292 diendis
428 5240 597 5305 atque
620 5236 950 5294 reddendis:
974 5255 1155 5310 eaque
1177 5240 1438 5293 accendit
1458 5242 1650 5297 studio
1674 5259 1827 5313 quas-

181 5330 407 5379 rentein
442 5323 676 5395 quidem
712 5326 866 5396 quod
900 5327 1147 5398 ignorat,
1181 5327 1282 5382 sed
1327 5333 1522 5383 notam
1557 5329 1825 5397 formam,

180 5429 301 5485 quo
332 5412 389 5467 id
421 5413 731 5485 pertineat,
781 5415 1108 5471 intuentem
1159 5422 1216 5472 et
1262 5424 1580 5473 amantem.
1630 5421 1830 5491 Itaque

180 5503 234 5558 si
268 5503 574 5575 qumrenti,
620 5504 775 5559 verbi
824 5505 1033 5576 gratia,
1083 5505 1222 5576 quid
1268 5505 1346 5561 sit
1388 5512 1665 5563 temetum
1699 5508 1831 5580 (hoc

254 5693 269 5726 ί
301 5690 387 5741 Sic
417 5691 533 5765 A_m.
564 5692 647 5765 Er.
678 5697 730 5742 et
759 5694 881 5742 Mss.
912 5694 977 5743 Αι
1006 5694 1151 5753 Lov.,
1199 5694 1601 5758 signiﬁcantium
1649 5711 1829 5760 quam-

184 5768 401 5891 ῗυὲῃ
414 5757 762 5891 λῖέῗῖἷξῇίθε.
790 5819 852 5868 At
875 5818 957 5891 Er.
983 5822 1035 5891 _e_t
1055 5818 1197 5891 ιρι,
1222 5823 1275 5867 ut
1296 5818 1656 5885 alienigenam.
1679 5822 1833 5877 Forte

182 5879 498 5951 legendum,
527 5879 828 5947 nullumque
854 5886 911 5932 ut
940 5881 1305 5947 alienigenam.

1547 486 1777 548 LIBER
1824 483 2193 550 DECIMUS.

3450 493 3569 555 974

1920 619 2074 675 enim
2106 620 2352 692 exempli
2391 636 2569 676 causa
2614 622 2966 693 posueram),
3015 620 3263 693 dicatur,
3316 624 3461 687 Quid
3496 624 3567 680 ad

1918 714 1972 762 te
2000 709 2295 779 pertinet?
2327 710 2721 782 respondebit,
2758 727 2827 765 ne
2860 712 3003 766 forte
3055 711 3292 767 audiam
3324 713 3568 784 loquen-

1917 800 2059 865 tem,
2081 804 2137 852 et
2160 816 2273 854 non
2298 798 2642 870 intelligam,
2666 808 2762 854 aut
2786 798 3015 871 uspiam
3040 801 3181 856 forte
3206 801 3262 855 id
3279 800 3491 873 legam,
3512 807 3569 857 et

1919 886 2059 955 quid
2094 886 2342 959 scriptor
2370 887 2640 955 senserit,
2677 888 2954 943 nesciam.
2996 889 3136 954 Quis
3164 891 3397 946 tandem
3427 891 3566 946 huic

1916 974 2090 1043 dicat,
2128 974 2250 1030 Noli
2284 976 2605 1048 intelligere
2636 978 2789 1048 quod
2823 978 3013 1046 audis,
3054 978 3173 1033 noli
3208 996 3378 1034 nosse
3409 980 3562 1050 quod

1916 1061 2109 1134 legis?
2140 1065 2426 1119 Omnibus
2458 1067 2614 1120 enim
2667 1067 2781 1121 fere
2826 1066 3041 1121 animis
3090 1066 3473 1122 rationalibus
3503 1068 3563 1123 in

1916 1158 2187 1224 promptu
2206 1155 2379 1209 estad
2398 1153 2712 1209 videndum
2736 1154 2916 1225 hujus
2934 1156 3149 1227 peritiae
3163 1155 3561 1226 pulchritudo,

1914 1257 2037 1312 quae
2052 1241 2356 1297 hominum
2372 1243 2522 1297 inter
2533 1260 2595 1299 se
2607 1243 3341 1315 cogitata,significantium
3358 1261 3562 1300 vocum

1915 1330 2316 1386 enuntiatione
2347 1335 2708 1399 noscuntur;
2743 1337 2979 1402 propter
2999 1332 3108 1388 hoc
3132 1338 3335 1388 notum
3360 1335 3560 1404 decus,

1915 1421 2055 1474 etob
2069 1419 2176 1475 hoc
2190 1425 2454 1475 amatum
2470 1420 2609 1492 quia
2623 1425 2848 1488 notum,
2869 1421 3127 1477 studiose
3147 1424 3563 1493 qumriturver-

1914 1508 2053 1563 bum
2089 1508 2232 1564 illud
2265 1510 2552 1581 ignotum.
2584 1510 2785 1580 Itaque
2806 1526 2939 1564 cum
2960 1512 3209 1565 audierit
3231 1517 3405 1582 atque
3428 1528 3561 1584 cog-

1916 1598 2133 1652 noverit
2158 1602 2437 1653 temetum
2463 1616 2494 1652 a
2517 1598 2807 1653 veteribus
2830 1597 3029 1653 vinum
3052 1598 3434 1670 appellatum,
3458 1602 3561 1656 sed

1907 1686 2033 1757 jam
2061 1703 2129 1741 ex
2160 1703 2268 1741 usu
2303 1685 2573 1758 loquendi
2607 1703 2779 1757 quem
2810 1704 2963 1742 nunc
2993 1687 3299 1755 habemus,
3335 1689 3440 1744 hoc
3463 1707 3560 1744 vo-

1915 1774 2188 1829 cabulum
2222 1781 2577 1842 emortuum,
2611 1782 2844 1847 propter
2865 1777 3176 1833 nonnullos
3199 1778 3441 1833 fortasse
3466 1795 3559 1834 ve-

1912 1868 2106 1919 terum
2138 1864 2319 1920 libros
2351 1865 2461 1920 sibi
2497 1866 2890 1920 necessarium
2921 1866 3241 1938 deputabit.
3275 1866 3333 1923 Si
3364 1873 3559 1923 autem

1912 1957 1969 2009 et
1999 1952 2130 2008 illos
2160 1970 2619 2025 supervacaneos
2655 1955 2849 2019 habet,
2882 1955 3163 2026 fortejam
3189 1972 3291 2011 nec
3314 1956 3559 2029 dignum

1913 2043 2067 2113 quod
2112 2042 2402 2097 memoriae
2454 2045 2825 2098 commendet
2872 2044 3186 2116 existimat,
3238 2046 3374 2116 quia
3404 2045 3561 2101 videt

1913 2132 1986 2185 ad
2020 2129 2178 2185 illam
2213 2132 2465 2202 speciem
2499 2132 2774 2186 doctrina:
2807 2150 2983 2203 quam
3014 2139 3209 2188 notam
3242 2140 3436 2190 mente
3467 2134 3559 2189 in-

1911 2224 2110 2274 tuetur
2140 2226 2313 2291 atque
2344 2224 2520 2286 amat,
2556 2219 2796 2275 minime
2839 2222 3147 2292 pertinere.

1981 2310 2035 2362 3.
2072 2310 2459 2373 Quamobrem
2492 2309 2684 2364 omnis
2714 2326 2879 2365 amor
2908 2312 3198 2365 studentis
3224 2311 3425 2377 animi,
3450 2312 3560 2368 hoc

1912 2402 2000 2451 est
2022 2396 2267 2451 volentis
2290 2398 2438 2452 scire
2461 2398 2615 2468 quod
2641 2398 2845 2464 nescit,
2870 2416 2983 2453 non
3008 2404 3097 2454 est
3127 2416 3289 2453 amor
3318 2401 3446 2468 ejus
3478 2400 3559 2454 rei

1914 2502 2089 2557 quam
2114 2486 2320 2551 nescit,
2344 2488 2443 2540 sed
2470 2487 2597 2555 sjus
2619 2504 2795 2557 quam
2821 2488 2948 2552 scit,
2984 2494 3215 2559 propter
3237 2504 3413 2559 quam
3435 2487 3561 2543 vult

1913 2574 2061 2628 scire
2085 2574 2233 2643 quod
2265 2575 2464 2629 nescit.
2503 2578 2610 2629 Aut
2640 2576 2688 2629 si
2721 2581 2841 2630 tam
2887 2577 3154 2631 curiosus
3201 2582 3309 2644 est,
3343 2582 3408 2631 ut
3438 2593 3555 2632 non

1912 2668 2148 2734 propter
2160 2680 2397 2718 causam
2414 2663 2589 2718 aliam
2607 2669 2804 2718 notam
2817 2668 2933 2731 ,sed
2950 2665 3072 2720 solo
3087 2682 3283 2720 amore
3297 2666 3560 2736 rapiatur

1913 2751 2210 2822 incognita
2239 2752 2459 2806 sciendi
2486 2769 2500 2819 ;
2533 2752 2952 2809 discernendus
2975 2756 3210 2824 quidem
3235 2761 3323 2810 est
3346 2757 3415 2810 ab
3439 2760 3559 2811 stu-

1912 2840 2061 2896 diosi
2093 2840 2329 2895 nomine
2357 2841 2467 2896 iste
2497 2841 2787 2908 curiosus,
2822 2845 2920 2897 sed
2957 2860 3059 2898 nec
3093 2845 3217 2915 ipse
3262 2849 3418 2898 amat
3466 2845 3556 2898 in-

1912 2930 2164 3001 cognita,
2217 2929 2334 2983 imo
2364 2932 2780 3001 congruentius
2811 2932 3045 2999 dicitur,
3080 2932 3213 2988 Odit
3242 2933 3556 3003 incognita,

1913 3035 2038 3089 quae
2062 3018 2223 3072 nulla
2244 3034 2371 3074 esse
2394 3022 2539 3086 vult,
2568 3020 2708 3075 dum
2734 3020 2856 3075 vult
2877 3022 3074 3076 omnia
3090 3022 3342 3093 cognita.
3362 3022 3467 3077 Sed
3490 3039 3561 3077 ne

1913 3108 2224 3179 quisquam
2262 3108 2430 3162 nobis
2463 3108 2847 3164 difficiliorem
2896 3109 3105 3165 referat
3154 3111 3560 3182 quaestionem,

1913 3213 2181 3252 asserens
2205 3201 2320 3250 tam
2346 3213 2458 3251 non
2486 3213 2656 3268 posse
2683 3215 3039 3269 quemquam
3063 3200 3256 3255 odisse
3278 3201 3434 3271 quod
3464 3217 3560 3255 ne-

1914 3284 2041 3355 scit,
2072 3302 2249 3357 quam
2276 3302 2389 3339 non
2415 3291 2606 3356 potest
2625 3304 2823 3343 amare
2845 3290 2999 3359 quod
3025 3290 3231 3354 nescit,
3256 3306 3369 3344 non
3394 3290 3564 3345 resis-

1913 3374 2097 3429 timus
2120 3374 2299 3429 veris1
2329 3392 2341 3429 :
2375 3374 2477 3428 sed
2510 3374 2954 3446 intelligendum
2982 3382 3093 3445 est,
3122 3394 3239 3432 non
3267 3378 3375 3432 hoc
3404 3378 3559 3432 idem

1913 3463 2026 3518 dici
2059 3480 2190 3518 cum
2235 3463 2468 3529 dicitur,
2501 3465 2673 3518 Amat
2702 3465 3186 3535 scireincognita,
3220 3482 3285 3520 ac
3310 3483 3371 3520 se
3400 3466 3559 3521 dice-

1913 3556 2092 3621 retur,
2124 3554 2293 3606 Amat
2322 3550 2634 3621 incognita.
2682 3551 2825 3606 Illud
2879 3552 3033 3608 enim
3085 3554 3207 3609 ﬁeri
3255 3558 3462 3625 potest,
3498 3560 3561 3609 ut

1912 3646 2066 3695 amet
2090 3639 2337 3711 quisque
2353 3639 2499 3694 scire
2514 3640 2807 3711 incognita
2823 3659 2835 3695 :
2852 3646 3122 3696 utautem
3139 3642 3559 3715 ametincogni-

1916 3737 2116 3799 ta,non
2136 3733 2344 3800 potest.
2379 3728 2503 3784 Non
2522 3728 2677 3782 enim
2694 3729 2998 3784 frustraibi
3012 3736 3102 3785 est
3118 3732 3370 3802 positum
3386 3732 3555 3786 scire:

1913 3818 2191 3891 quoniam
2209 3816 2469 3887 quiscire
2496 3817 2978 3889 amatincognita,
3015 3835 3127 3873 non
3146 3818 3272 3890 ipsa
3290 3820 3555 3888 incogni-

1911 3912 1990 3973 ta,
2016 3906 2117 3961 sed
2142 3906 2335 3977 ipsum
2358 3904 2507 3961 scire
2528 3912 2704 3961 amat.
2742 3906 2905 3970 Quod
2947 3906 3056 3961 nisi
3098 3907 3334 3962 haberet
3356 3909 3557 3979 cogni-

1913 4001 2062 4061 tum,
2086 4011 2274 4065 neque
2292 3994 2442 4049 scire
2460 4009 2522 4048 se
2538 3995 2851 4066 quisquam
2872 4001 3067 4066 posset
3085 3997 3329 4051 fidenter
3345 3997 3554 4063 dicere,

1914 4100 2102 4156 neque
2125 4084 2368 4139 nescire.
2393 4084 2517 4137 Non
2544 4084 2733 4138 solum
2757 4084 2911 4139 enim
2936 4086 3035 4155 qui
3059 4085 3220 4153 dicit,
3244 4086 3369 4140 Scio
3397 4092 3453 4141 et
3474 4102 3558 4140 ve-

1915 4190 2045 4229 rum
2068 4173 2227 4237 dicit,
2262 4188 2499 4227 necesse
2537 4178 2627 4227 est
2666 4179 2730 4227 ut
2770 4174 2911 4244 quid
2953 4175 3029 4228 sit
3067 4174 3214 4229 scire
3254 4175 3426 4229 sciat:
3453 4174 3555 4228 sed

1916 4264 2092 4319 etiam
2108 4260 2206 4333 qui
2220 4261 2383 4318 dicit.
2402 4260 2629 4325 Nescio,
2651 4262 2825 4332 idque
2844 4262 3155 4317 fidentcret
3174 4279 3369 4319 verum
3389 4263 3554 4331 dicit,

1917 4357 1974 4408 et
1993 4352 2104 4406 scit
2125 4366 2326 4404 verum
2350 4366 2411 4404 se
2436 4350 2648 4414 dicere,
2671 4350 2780 4405 scit
2818 4351 3017 4422 utique
3058 4352 3195 4423 quid
3236 4353 3347 4407 scit
3366 4352 3551 4408 scire:

1920 4440 2058 4511 quia
2082 4444 2136 4493 et
2156 4438 2435 4493 discernit
2456 4438 2527 4491 ab
2548 4436 2765 4493 sciente
2785 4440 3159 4508 nescientem,
3185 4457 3318 4496 cum
3342 4441 3558 4497 veraci-

1920 4534 2009 4584 ter
2030 4544 2091 4583 se
2117 4527 2350 4581 intuens
2377 4527 2534 4593 dicit,
2558 4527 2761 4582 Nescio
2788 4553 2801 4593 ;
2825 4534 2880 4583 et
2907 4546 3040 4584 cum
3066 4530 3121 4584 id
3145 4547 3207 4586 se
3227 4531 3337 4586 scit
3357 4546 3558 4586 verum

1922 4618 2131 4679 dicere,
2164 4616 2319 4670 unde
2351 4616 2543 4680 sciret,
2577 4616 2625 4670 si
2657 4616 2795 4687 quid
2828 4617 2903 4672 sit
2933 4621 3082 4675 scire
3115 4620 3407 4675 nesciret?

1993 4704 2225 4760 CAPUT
2258 4704 2324 4759 II.
2354 4734 2421 4745 —-
2453 4706 2505 4759 4.
2538 4705 2703 4760 Nemo
2729 4722 2951 4775 prorsus
2980 4716 3130 4763 amat
3163 4711 3459 4778 incognita.

1924 4793 2177 4860 Quilibet
2192 4793 2370 4864 igitur
2385 4792 2708 4861 studiosus,
2729 4795 2974 4865 quilibet
2992 4796 3258 4852 curiosus
3276 4814 3389 4852 non
3408 4804 3567 4853 amat

1924 4883 2240 4954 incognita,
2275 4881 2453 4936 etiam
2482 4898 2614 4936 cum
2657 4884 3068 4940 ardentissimo
3098 4888 3351 4957 appetitu
3384 4888 3566 4941 instat

1926 4972 2074 5028 scire
2094 4971 2250 5042 quod
2275 4970 2478 5026 nescit.
2506 4976 2619 5026 Aut
2640 4972 2931 5044 enimjam
2950 4992 3159 5046 genere
3173 4980 3376 5032 notum
3392 4976 3568 5031 habet

1929 5060 2083 5131 quod
2106 5065 2283 5125 amat,
2322 5060 2497 5130 idque
2519 5077 2690 5115 nosse
2715 5064 2948 5132 expetit,
2981 5064 3155 5118 etiam
3188 5064 3248 5118 in
3280 5064 3478 5136 aliqua
3509 5082 3569 5119 re

1929 5148 2183 5220 singula,
2206 5148 2291 5203 vel
2316 5165 2372 5203 in
2401 5148 2650 5220 singulis
2674 5152 2867 5215 rebus,
2890 5168 3016 5221 quae
3035 5153 3119 5206 illi
3141 5153 3402 5208 nondum
3424 5159 3569 5209 nota

1932 5241 2076 5293 forte
2107 5236 2442 5303 laudantur,
2478 5238 2755 5309 fingitque
2786 5241 2981 5295 animo
3011 5241 3417 5313 imaginariam
3452 5242 3570 5299 for-

1932 5344 2088 5381 mam
2122 5343 2236 5397 qua
2266 5326 2547 5381 excitetur
2576 5327 2631 5380 in
2663 5344 2941 5383 amorem.
2978 5328 3139 5384 Unde
3166 5338 3359 5385 autem
3384 5333 3571 5403 fingit,

1934 5412 2046 5467 nisi
2077 5429 2145 5466 ex
2176 5412 2247 5466 iis
2296 5430 2422 5483 quas
2456 5413 2582 5483 jam
2623 5415 2907 5469 noverat?
2937 5416 3113 5486 Cujus
3146 5422 3342 5474 tamen
3374 5420 3573 5475 fortuna

1935 5501 2129 5557 animo
2161 5501 2416 5573 figuratas
2446 5506 2619 5572 atque
2654 5503 2711 5557 in
2751 5506 3100 5574 cogitatione
3147 5510 3489 5577 notissimae,
3524 5511 3576 5566 si

1938 5606 2065 5647 eam
2098 5606 2224 5660 quae
2256 5588 2607 5644 laudabatur
2631 5591 2968 5648 dissimilem
3002 5595 3305 5668 invenerit,
3330 5599 3578 5655 fortasse

1937 5695 2055 5735 non
2071 5678 2309 5733 amabit.
2335 5680 2492 5743 Quod
2518 5678 2563 5732 si
2590 5682 2889 5749 amaverit,
2913 5699 2982 5737 ex
3004 5684 3101 5738 illo
3125 5702 3320 5741 amare
3343 5688 3581 5759 incipiet

1939 5784 2008 5826 ex
2038 5784 2151 5839 quo
2181 5766 2402 5821 didicit.
2446 5767 2622 5823 Paulo
2676 5776 2807 5825 ante
2856 5772 3069 5847 quippe
3116 5774 3227 5830 alia
3280 5783 3403 5831 erat
3456 5794 3580 5846 quae

2006 5892 2025 5930 ί
2055 5891 2139 5945 Sic
2166 5889 2404 5959 plerique
2431 5891 2554 5943 Mss.
2585 5892 2721 5945 Editi
2752 5909 2898 5965 vero,
2938 5913 3038 5951 non
3088 5901 3368 5951 resistimus
3396 5900 3581 5956 verbis.
