4160 6460
474 459 591 519 975

478 590 806 658 amabatur,
831 601 1005 658 quam
1029 583 1141 640 sibi
1164 583 1396 641 animus
1419 585 1678 641 formans
1701 584 1969 641 exhibere
1990 600 2127 640 con-

478 679 759 734 sueverat.
802 674 861 730 Si
911 678 1105 729 autem
1156 673 1241 728 illi
1291 674 1489 730 forma
1540 673 1790 731 similem
1842 672 2129 729 invenerit

481 782 657 837 quam
692 764 849 819 fama
880 762 1312 835 praedicaverat,
1359 763 1452 819 cui
1500 780 1630 819 vere
1678 763 1865 835 possit
1916 762 2128 829 dicere,

480 856 610 909 Jam
642 856 698 909 te
729 852 999 908 amabam
1026 870 1039 920 ;
1066 869 1170 907 nco
1202 858 1340 907 tunc
1372 852 1576 925 utique
1606 852 1841 908 amabat
1868 850 2128 923 incogni-

482 947 629 1010 tam,
651 959 829 1013 quam
853 942 911 997 in
933 940 1030 995 illa
1046 940 1437 997 similitudine
1454 946 1708 997 noverat.
1732 944 1842 996 Aut
1861 941 1918 995 in
1939 939 2131 1012 specie

486 1031 850 1104 sempiternae
905 1031 1149 1086 rationis
1197 1031 1465 1087 videmus
1513 1029 1733 1102 aliquid
1777 1034 1831 1085 et
1863 1029 1941 1084 ibi
1973 1046 2130 1085 ama-

488 1138 641 1191 mus,
672 1120 826 1191 quod
853 1136 986 1174 cum
1017 1135 1357 1190 expressum
1380 1120 1438 1174 in
1467 1119 1664 1190 aliqua
1688 1119 1769 1175 rei
1794 1118 2133 1190 temporalis

487 1209 699 1281 efﬁgie,
729 1208 847 1263 illis
878 1208 979 1280 qui
1010 1208 1229 1281 experti
1270 1215 1409 1263 sunt
1453 1207 1831 1264 laudantibus
1862 1212 1918 1263 et
1943 1208 2134 1263 credi-

490 1315 643 1367 mus,
677 1302 734 1353 et
756 1314 1049 1364 amamus,
1074 1313 1189 1352 non
1212 1295 1432 1368 aliquid
1457 1314 1724 1353 amamus
1747 1297 2131 1369 incognitum,

490 1387 789 1458 undejam
824 1404 1005 1458 supra
1037 1386 1180 1441 satis
1213 1385 1640 1442 disseruimus:
1674 1390 1775 1441 aut
1793 1385 2013 1457 aliquid
2038 1403 2137 1442 no-

490 1482 617 1531 tum
645 1492 934 1542 amamus,
970 1480 1207 1547 propter
1238 1476 1393 1546 quod
1426 1475 1693 1547 ignotum
1724 1476 1944 1548 aliquid
1976 1492 2133 1547 quaa-

489 1565 715 1620 rimus:
748 1565 917 1634 cujus
948 1563 1128 1634 ignoti
1177 1580 1341 1618 amor
1391 1580 1761 1636 nequaquam
1810 1580 1915 1620 nos
1955 1568 2132 1633 tenet,

490 1654 591 1710 sed
623 1652 782 1708 illius
811 1652 1056 1725 cogniti,
1088 1668 1203 1725 quo
1235 1653 1523 1724 pertinere
1573 1652 1859 1721 novimus,
1896 1659 1959 1708 ut
1990 1653 2133 1709 illud

490 1744 665 1799 etiam
699 1742 853 1813 quod
886 1741 1077 1797 adhuc
1107 1741 1372 1813 ignotum
1396 1742 1736 1813 quaerimus,
1761 1741 2133 1814 noverimus;

490 1832 641 1888 sicut
669 1832 740 1886 de
769 1829 1062 1902 incognito
1091 1830 1264 1886 verbo
1313 1829 1484 1901 paulo
1533 1836 1665 1887 ante
1717 1830 1948 1887 locutus
1978 1847 2131 1887 sum.

488 1923 603 1975 Aut
632 1921 828 1991 ipsum
858 1918 1004 1974 scire
1034 1917 1285 1990 quisque
1310 1924 1485 1990 amat,
1513 1920 1669 1991 quod
1691 1919 1833 1975 nulli
1856 1920 2004 1975 scire
2025 1919 2137 1975 ali-

494 2008 634 2082 quid
667 2007 922 2079 cupienti
952 2023 1081 2063 esse
1127 2008 1485 2078 incognitum
1536 2013 1743 2079 potest.
1797 2008 1897 2064 Uis
1942 2008 2135 2065 causis

490 2099 764 2153 videntur
791 2112 988 2152 amare
1018 2096 1331 2169 incognita,
1366 2097 1466 2169 qui
1498 2096 1644 2154 scire
1684 2098 1903 2170 aliquid
1935 2099 2138 2155 volunt

494 2187 649 2258 quod
674 2186 959 2253 nesciunt,
983 2190 1039 2241 et
1060 2190 1294 2257 propter
1310 2187 1697 2243 ardentiorem
1718 2189 2014 2259 quaerendi
2032 2206 2136 2261 ap-

494 2276 757 2347 petitium
776 2275 901 2331 sine
918 2292 1115 2331 amore
1132 2291 1258 2331 esse
1274 2274 1389 2330 dici
1408 2292 1521 2330 non
1542 2281 1806 2348 possunt.
1827 2276 1936 2332 Sed
1957 2293 2134 2349 quam

493 2382 553 2420 se
581 2381 673 2420 res
705 2362 874 2418 aliter
901 2362 1129 2434 habeat,
1156 2380 1344 2435 neque
1365 2365 1603 2420 omnino
1628 2365 1952 2436 quidquam
1976 2382 2133 2421 ame-

490 2458 586 2508 tur
614 2451 998 2524 incognitum,
1027 2452 1278 2507 arbitror
1308 2469 1401 2508 me
1432 2454 1799 2524 persuasisse
1827 2470 2029 2509 verum
2053 2453 2136 2509 di-

488 2541 735 2613 ligenter
762 2540 1151 2596 intuentibus.
1203 2542 1313 2597 Sed
1347 2541 1484 2612 quia
1526 2542 1788 2613 exempla
1818 2559 1943 2614 quae
1976 2542 2134 2598 dedi-

491 2647 646 2696 mus,
679 2647 882 2685 eorum
914 2634 1072 2695 sunt,
1100 2630 1201 2702 qui
1233 2630 1455 2701 aliquid
1488 2632 1642 2701 quod
1690 2630 1801 2703 ipsi
1850 2648 1967 2687 non
1999 2633 2138 2685 sunt

491 2736 663 2775 nosse
679 2718 954 2791 cupiunt;
975 2720 1289 2775 videndum
1307 2723 1397 2775 est
1413 2736 1482 2775 ne
1502 2720 1648 2775 forte
1664 2718 1899 2792 aliquod
1921 2736 2134 2775 novum

489 2826 675 2881 genus
704 2814 1000 2881 appareat,
1022 2825 1156 2864 cum
1184 2825 1246 2863 se
1273 2808 1402 2880 ipsa
1428 2826 1594 2863 mens
1626 2825 1797 2864 nosse
1821 2809 2132 2864 desiderat.

562 2897 787 2953 CAPUT
819 2899 916 2953 Ill.
951 2928 1017 2938 --
1039 2899 1094 2954 5.
1131 2897 1283 2966 Quod
1306 2914 1458 2953 mens
1477 2904 1625 2953 amet
1647 2914 1702 2954 se
1723 2901 1899 2969 ipsum
1918 2914 2027 2954 non
2047 2900 2134 2952 in-

491 2988 766 3059 cognitam
785 2989 911 3043 sibi.
933 2986 1079 3053 Quid
1099 3002 1233 3060 ergo
1253 2991 1411 3042 amat
1427 3004 1615 3053 mens,
1635 3004 1767 3042 cum
1786 2989 2058 3044 ardenter
2074 3002 2137 3043 se

494 3077 684 3148 ipsam
716 3076 922 3147 quaerit
952 3080 1014 3131 ut
1062 3076 1303 3140 noverit,
1356 3076 1495 3130 dum
1529 3076 1825 3148 incognita
1864 3076 1975 3131 sibi
2007 3075 2138 3130 est?

496 3164 639 3219 Ecce
669 3164 824 3219 enim
866 3181 1032 3219 mens
1063 3164 1439 3236 semetipsam
1471 3164 1679 3235 quaerit
1710 3171 1774 3219 ut
1806 3163 2048 3230 noverit,
2083 3166 2141 3219 et

496 3252 556 3307 in
570 3252 1023 3308 ﬂammaturhoc
1041 3252 1254 3308 studio.
1273 3253 1634 3324 Amatigitur
1649 3271 1661 3308 :
1679 3254 1779 3309 sed
1792 3252 1930 3324 quid
1945 3251 2139 3307 amat?

499 3344 571 3398 Se
594 3343 780 3413 ipsam
801 3342 828 3396 ‘I
858 3342 1179 3412 Quomodo,
1212 3359 1345 3397 cum
1377 3358 1439 3397 se
1473 3343 1729 3398 nondum
1761 3342 2003 3409 noverit,
2037 3357 2142 3397 nec

495 3431 811 3503 quisquam
835 3432 1021 3503 possit
1037 3447 1235 3486 amare
1252 3430 1406 3502 quod
1428 3432 1745 3488 nescit?An
1758 3431 1809 3487 ei
1826 3433 1980 3486 fama
1997 3448 2139 3502 prae-

491 3521 705 3577 dicavit
733 3520 986 3590 Speciem
1017 3537 1208 3589 suam,
1244 3520 1397 3575 sicut
1425 3521 1496 3577 de
1516 3522 1860 3577 absentibus
1884 3519 2141 3576 solemus

489 3610 691 3665 audire
712 3608 739 3664 ‘?
771 3609 934 3664 Forte
965 3625 1101 3681 ergo
1133 3626 1195 3665 se
1226 3626 1342 3664 non
1392 3615 1571 3681 amat,
1622 3611 1722 3666 sed
1774 3610 1928 3681 quod
1978 3610 2048 3664 de
2079 3625 2140 3665 se

488 3698 677 3770 ﬁngit,
702 3698 810 3754 hoc
833 3703 1011 3765 amat,
1037 3697 1209 3770 longe
1230 3699 1475 3754 fortasse
1497 3699 1655 3754 aliud
1680 3715 1852 3769 quam
1871 3698 2001 3770 ipsa
2016 3702 2136 3754 est:

486 3794 587 3843 aut
617 3788 665 3842 si
698 3803 759 3843 se
788 3803 955 3842 mens
988 3786 1081 3842 sui
1112 3786 1367 3841 similem
1400 3787 1591 3859 ﬁngit,
1623 3793 1680 3842 et
1708 3787 1837 3841 ideo
1869 3804 2000 3842 cum
2033 3787 2142 3843 hoc

490 3878 875 3947 ﬁngmentum
892 3881 1070 3941 amat,
1087 3893 1149 3931 se
1162 3881 1320 3931 amat
1332 3882 1647 3947 antequam
1664 3878 1913 3944 noverit;
1930 3877 2139 3947 quiaid

488 3966 641 4035 quod
674 3964 766 4019 sui
827 3964 1018 4019 simile
1072 3968 1161 4019 est
1211 3965 1509 4020 intuetur:
1565 3965 1727 4020 novit
1781 3965 1963 4037 igitur
1993 3965 2139 4022 alias

490 4058 714 4109 mentes
735 4070 801 4109 ex
827 4053 1042 4125 quibus
1066 4069 1127 4109 se
1155 4053 1357 4123 fingat,
1391 4058 1449 4107 et
1478 4069 1686 4123 genere
1717 4053 1843 4125 ipso
1867 4054 1977 4109 sibi
2004 4060 2141 4112 nota

489 4146 596 4199 est.
628 4146 740 4197 Cur
769 4159 905 4215 ergo
938 4158 1072 4197 cum
1114 4141 1261 4197 alias
1309 4148 1533 4197 mentes
1585 4142 1763 4209 novit,
1796 4160 1857 4198 se
1888 4160 2001 4198 non
2035 4161 2136 4200 no-

490 4232 590 4301 vit,
623 4249 754 4287 cum
790 4248 849 4287 se
882 4233 1011 4303 ipsa
1042 4230 1189 4286 nihil
1227 4231 1337 4285 sibi
1375 4231 1556 4301 possit
1584 4248 1711 4287 esse
1744 4233 2088 4303 praesentius
2112 4233 2139 4287 ?

492 4322 653 4384 Quod
677 4320 727 4375 si
754 4326 817 4374 ut
842 4319 1028 4375 oculis
1051 4321 1309 4391 corporis
1340 4320 1523 4391 magis
1540 4320 1639 4374 alii
1664 4320 1815 4375 oculi
1842 4321 1960 4375 noti
1978 4326 2135 4391 sunt,

493 4427 670 4481 quam
696 4409 805 4481 ipsi
829 4409 939 4463 sibi
966 4426 979 4475 ;
1006 4425 1118 4463 non
1143 4425 1204 4463 se
1225 4426 1360 4479 ergo
1393 4415 1615 4478 quaerat
1658 4425 1918 4479 unquam
1937 4408 2135 4465 inven-

490 4505 642 4554 tura.
676 4497 988 4569 Nunquam
1022 4496 1175 4551 enim
1210 4514 1269 4551 se
1301 4495 1452 4551 oculi
1487 4500 1694 4567 praeter
1722 4497 1960 4569 specula
1979 4499 2136 4554 vide-

492 4589 672 4643 bunt:
708 4602 811 4642 nec
844 4587 959 4641 ullo
1011 4586 1182 4641 modo
1231 4586 1557 4658 putandum
1609 4591 1697 4641 est
1744 4586 1917 4641 etiam
1960 4589 2136 4643 rebus

486 4675 841 4748 incorporeis
872 4674 1338 4746 contemplandis
1370 4674 1483 4730 tale
1510 4674 1732 4745 aliquid
1756 4675 2043 4745 adhiberi,
2072 4684 2137 4731 ut

488 4782 655 4821 mens
687 4771 964 4836 tanquam
996 4764 1056 4818 in
1088 4763 1327 4836 speculo
1361 4781 1422 4819 se
1445 4765 1689 4819 noverit.
1718 4767 1804 4818 An
1828 4765 1885 4820 in
1911 4765 2135 4822 ratione

485 4854 745 4910 veritatis
769 4859 990 4909 aeternae
1013 4853 1167 4907 videt
1188 4869 1363 4920 quam
1390 4851 1721 4923 speciosum
1746 4853 1822 4907 sit
1843 4869 2016 4908 nosse
2043 4871 2133 4910 se-

487 4946 818 5014 metipsam,
849 4948 906 4998 et
936 4943 1044 4997 hoc
1076 4948 1233 4997 amat
1263 4942 1416 5012 quod
1450 4940 1624 5006 videt,
1659 4941 2047 5012 studetquein
2072 4960 2134 4999 se

487 5032 799 5103 ﬁeri?quia
816 5030 1080 5103 quamvis
1098 5030 1210 5085 sibi
1234 5035 1369 5084 nota
1393 5046 1507 5083 non
1522 5028 1618 5095 sit,
1644 5034 1845 5084 notum
1867 5036 2063 5085 tamen
2081 5030 2132 5087 ei

485 5126 574 5176 est
601 5137 778 5192 quam
802 5119 1024 5175 bonum
1047 5119 1139 5187 sit,
1165 5123 1232 5173 ut
1254 5116 1366 5173 sibi
1391 5122 1525 5171 nota
1548 5116 1645 5171 sit.
1672 5118 1735 5171 Et
1755 5116 1863 5173 hoc
1894 5120 2130 5189 quidem

487 5208 857 5281 permirabile
872 5215 980 5274 est,
996 5208 1258 5262 nondum
1273 5222 1335 5261 se
1349 5222 1540 5272 nosse,
1557 5211 1611 5259 et
1628 5222 1800 5275 quam
1816 5207 2129 5276 pulchrum

485 5298 560 5354 sit
581 5315 642 5354 se
665 5313 858 5367 nosse,
875 5298 999 5367 jam
1024 5313 1214 5351 nosse.
1239 5298 1325 5349 An
1347 5294 1602 5365 aliquem
1623 5295 1797 5349 tinem
1819 5296 2126 5367 optimum,

487 5388 544 5442 id
576 5394 664 5442 est
693 5386 1061 5441 securitatem
1095 5391 1150 5440 et
1181 5384 1603 5439 beatitudinem
1636 5400 1802 5438 suam
1827 5384 2000 5451 videt,
2028 5402 2130 5457 per

484 5476 798 5546 quamdam
833 5473 1117 5530 occultam
1154 5473 1517 5541 memoriam,
1541 5488 1667 5542 quae
1690 5471 1748 5525 in
1774 5471 2123 5544 longinqua‘

480 5582 605 5622 eam
640 5580 1010 5636 progressam
1043 5582 1155 5620 non
1179 5564 1456 5631 deseruit,
1479 5566 1534 5617 et
1555 5561 1738 5615 credit
1759 5560 1828 5614 ad
1853 5562 2123 5618 eumdem

478 5657 676 5724 tinem,
710 5653 823 5708 nisi
852 5671 913 5708 se
944 5654 1133 5726 ipsam
1164 5650 1516 5723 cognoverit,
1564 5665 1627 5704 se
1676 5649 1976 5721 pervenire
2007 5668 2122 5707 non

474 5761 644 5817 posse
665 5743 692 5798 ?
719 5748 806 5799 Ita
836 5743 976 5800 dum
1007 5744 1149 5800 illud
1199 5746 1380 5807 amat,
1411 5740 1519 5795 hoc
1552 5738 1793 5810 quaerit:
1829 5741 1885 5794 et
1913 5744 2118 5798 notum

534 5846 551 5883 ι
586 5842 826 5908 Plerique
855 5843 999 5906 Mss.,
1028 5842 1084 5895 in
1113 5839 1469 5906 longinquum.

1588 455 1690 515 DE
1733 453 2176 524 TlthlTA'l‘E,
2229 454 2293 511 S.
2332 454 2757 517 AUGUSTINI

3754 450 3862 511 976

2235 584 2580 651 amatillud,
2605 589 2841 658 propter
2859 585 3014 657 quod
3058 582 3267 657 quaerit
3302 582 3588 656 ignotum.
3633 581 3743 638 Sed
3773 597 3866 637 cur

2235 675 2514 730 memoria
2527 675 2904 731 beatitudinis
2918 692 3035 731 suae
3050 673 3257 746 potuit,
3272 678 3327 728 et
3341 672 3626 728 memoria
3639 671 3727 728 sui
3741 687 3865 727 cum

2235 778 2301 818 ea
2332 766 2647 835 perdurare
2678 782 2793 821 non
2825 765 3034 838 potuit,
3058 770 3123 819 ut
3143 768 3261 818 tam
3285 780 3347 819 se
3378 766 3578 819 nosset
3609 778 3735 833 qua:
3757 760 3869 816 vult

2238 854 2550 924 pervenire,
2577 871 2753 926 quam
2777 853 3095 909 novitillud
3129 869 3243 924 quo
3265 851 3388 908 vult
3417 852 3717 923 pervenire
3736 851 3762 905 ?
3788 855 3867 905 An

2238 958 2368 997 cum
2396 960 2456 998 se
2478 960 2648 999 nosse
2670 948 2847 1011 amat,
2871 960 2985 999 non
3009 959 3069 998 se
3091 959 3269 1014 quam
3293 942 3555 997 nondum
3581 940 3761 1010 novit,
3778 938 3870 995 sed

2238 1030 2435 1102 ipsum
2489 1050 2661 1090 nosse
2713 1037 2907 1103 amat;
2943 1032 3330 1103 acerbiusque
3360 1030 3569 1086 tolerat
3602 1046 3665 1085 se
3694 1030 3873 1100 ipsam

2239 1119 2440 1176 deesse
2455 1121 2709 1177 scientia
2724 1138 2857 1186 suae,
2874 1136 2991 1193 qua
3007 1118 3128 1173 vult
3142 1124 3353 1173 cuncta
3366 1113 3876 1188 comprehendere?

2237 1208 2405 1264 Novit
2428 1214 2622 1266 autem
2651 1209 2788 1283 quid
2814 1209 2891 1265 sit
2913 1225 3106 1278 nosse,
3139 1211 3194 1262 et
3224 1208 3365 1262 dum
3398 1206 3506 1261 hoc
3539 1208 3699 1260 amat
3729 1203 3874 1274 quod

2239 1300 2417 1366 novit,
2442 1301 2617 1355 etiam
2643 1316 2704 1355 se
2725 1299 2887 1371 cupit
2908 1314 3098 1354 nosse.
3123 1295 3233 1352 Ubi
3251 1311 3387 1367 ergo
3405 1309 3579 1349 nosse
3595 1308 3767 1348 suum
3788 1307 3876 1348 no-

2236 1388 2339 1453 vit,
2360 1387 2409 1443 si
2426 1404 2489 1443 se
2506 1406 2619 1445 non
2642 1388 2840 1444 novit?
2864 1388 3010 1443 Nam
3033 1386 3194 1441 novit
3214 1385 3369 1456 quod
3402 1382 3511 1438 alia
3554 1380 3793 1449 noverit,
3819 1396 3878 1436 se

2241 1482 2434 1533 autem
2454 1495 2567 1533 non
2590 1476 2847 1533 noverit?
2864 1477 3001 1531 hinc
3018 1476 3175 1532 enim
3193 1475 3349 1530 novit
3363 1478 3419 1528 et
3435 1472 3575 1544 quid
3594 1472 3677 1527 sit
3692 1487 3877 1527 nosse.

2240 1566 2360 1630 Quo
2391 1572 2559 1638 pacto
2607 1566 2787 1639 igitur
2832 1582 2894 1622 se
2937 1564 3161 1637 aliquid
3196 1562 3477 1619 scientem
3508 1561 3637 1615 scit.
3672 1577 3795 1632 qua
3822 1576 3883 1616 se

2241 1655 2430 1728 ipsam
2448 1656 2671 1712 nescit?
2693 1656 2891 1727 Neque
2908 1655 3063 1710 enim
3080 1653 3321 1709 alteram
3338 1654 3591 1706 mentem
3607 1649 3881 1705 scientem

2242 1745 2372 1816 scit,
2397 1746 2498 1800 sed
2524 1762 2586 1800 se
2609 1745 2820 1817 ipsam.
2846 1744 2966 1799 Scit
2985 1742 3166 1815 igitur
3186 1758 3246 1797 se
3271 1740 3482 1810 ipsam.
3504 1738 3725 1793 Deinde
3754 1754 3881 1793 cum

2242 1849 2305 1889 se
2335 1834 2539 1906 quaerit
2570 1838 2634 1888 ut
2662 1832 2902 1903 noverit,
2934 1835 3291 1904 quaerentem
3323 1846 3385 1884 se
3406 1830 3533 1900 jam
3556 1827 3737 1884 novit.
3758 1826 3883 1883 Jam

2242 1939 2303 1977 se
2324 1938 2460 1994 ergo
2482 1921 2659 1977 novit.
2689 1922 3055 1993 Quapropter
3071 1936 3182 1975 non
3204 1922 3393 1989 potest
3407 1916 3647 1972 omnino
3665 1916 3883 1971 nescire

2242 2027 2325 2078 se,
2348 2028 2474 2082 quae
2493 2011 2632 2065 dum
2653 2026 2714 2066 se
2733 2009 3090 2065 nescientem
3110 2007 3239 2071 scit,
3260 2024 3319 2063 se
3341 2005 3543 2078 utique
3560 2006 3673 2063 scit
3714 2005 3772 2061 Si
3788 2022 3883 2061 au-

2242 2106 2359 2155 tem
2374 2116 2435 2155 se
2452 2100 2806 2155 nescientem
2822 2098 3183 2168 nesciat,non
3197 2095 3479 2167 aequarit
3492 2094 3885 2159 utsciat.Qua-

2243 2192 2479 2260 propter
2499 2206 2565 2244 eo
2589 2189 2716 2260 ipso
2739 2205 2854 2260 quo
2878 2205 2941 2243 se
2971 2187 3198 2259 quaerit,
3233 2185 3420 2256 magis
3450 2201 3511 2240 se
3541 2184 3655 2239 sibi
3690 2190 3885 2239 notam

2243 2296 2418 2349 quam
2445 2278 2702 2350 ignotam
2726 2294 2854 2333 esse
2874 2276 3253 2333 convincitur.
3276 2274 3445 2330 Novit
3462 2272 3617 2329 enim
3641 2289 3704 2329 se
3725 2290 3889 2345 quas-

2244 2373 2466 2423 rentem
2486 2373 2659 2438 atque
2685 2367 3060 2433 nescientem,
3085 2365 3227 2419 dum
3250 2379 3311 2419 se
3333 2362 3619 2434 quaeritnt
3642 2362 3887 2418 noverit.

2314 2456 2538 2512 CAPUT
2567 2455 2653 2509 ιν.
2677 2457 2820 2511 -6,
2843 2453 3119 2526 Quomodo
3154 2470 3305 2508 mens
3344 2467 3547 2507 nonem
3581 2454 3762 2522 parte,
3795 2452 3891 2506 sed

2241 2550 2405 2602 tatam
2425 2562 2481 2601 se
2509 2548 2807 2616 cognoscat.
2838 2545 2987 2611 Quid
3019 2560 3155 2615 ergo
3187 2543 3452 2597 dicemus
3472 2539 3499 2594 ‘?
3529 2557 3601 2595 an
3635 2541 3789 2611 quod
3821 2557 3892 2595 ex

2243 2641 2407 2706 parte
2432 2651 2494 2690 se
2518 2635 2694 2700 novit,
2718 2651 2786 2690 ex
2826 2639 2989 2706 parte
3010 2650 3126 2688 non
3171 2630 3373 2687 novit?
3410 2629 3520 2685 Sed
3559 2628 3888 2684 absurdum

2242 2729 2329 2778 est
2351 2723 2560 2791 dicere,
2592 2740 2706 2778 non
2729 2739 2857 2778 eam
2879 2727 3060 2777 totam
3084 2720 3232 2777 scire
3254 2720 3406 2791 quod
3429 2719 3558 2775 scit.
3584 2718 3706 2775 Non
3734 2718 3889 2785 dico,

2241 2812 2451 2867 Totum
2483 2812 2629 2879 scit;
2670 2812 2770 2866 sed
2803 2810 2957 2882 quod
2990 2809 3120 2879 scit,
3173 2814 3292 2864 tota
3334 2807 3465 2864 scit.
3514 2812 3655 2862 Cum
3688 2808 3889 2879 itaque

2241 2900 2461 2972 aliquid
2493 2900 2564 2955 de
2594 2916 2654 2955 se
2685 2900 2813 2967 scit,
2847 2900 2999 2971 quod
3031 2898 3145 2953 nisi
3176 2903 3295 2953 tota
3326 2914 3439 2952 non
3466 2901 3673 2969 potest,
3699 2900 3886 2951 totam

2242 3006 2304 3043 se
2327 2988 2490 3044 sciti.
2517 2989 2637 3044 Scit
2666 2996 2857 3043 autem
2891 3006 2952 3044 se
2976 2986 3197 3060 aliquid
3229 2986 3531 3056 scientem,
3561 3002 3665 3040 nec
3700 2991 3896 3051 potest

2244 3078 2561 3149 quidquam
2586 3077 2734 3134 scire
2756 3077 2867 3133 nisi
2889 3081 3028 3132 tota.
3049 3076 3643 3147 Scitseigiturtotam.
3667 3074 3895 3129 Deinde

2245 3167 2383 3238 quid
2417 3167 2543 3237 ejus
2574 3167 2623 3223 ei
2656 3172 2775 3222 tam
2807 3171 3011 3223 notum
3040 3170 3150 3232 est,
3183 3181 3359 3236 quam
3403 3181 3465 3219 se
3493 3164 3683 3218 vivere
3703 3164 3731 3217 ‘I
3762 3162 3894 3218 Non

2246 3259 2436 3327 potest
2466 3260 2658 3311 autem
2689 3260 2746 3310 et
2774 3272 2941 3311 mens
2971 3271 3123 3319 esse,
3166 3260 3222 3309 et
3252 3269 3366 3308 non
3409 3252 3620 3321 vivere,
3654 3252 3901 3322 quando

2246 3344 2421 3400 habet
2451 3345 2624 3399 etiam
2656 3344 2909 3416 amplius
2942 3348 3005 3399 ut
3034 3342 3358 3414 intelligat:
3411 3358 3545 3396 nam
3592 3346 3647 3395 et
3677 3341 3895 3395 animae

2245 3434 2566 3489 bestiarum
2599 3434 2821 3499 vivunt,
2855 3434 2952 3489 sed
2988 3449 3102 3488 non
3153 3430 3511 3503 intelligunt.
3558 3430 3723 3484 Sicut
3754 3445 3899 3500 ergo

2247 3540 2412 3578 mens
2441 3528 2561 3578 tota
2591 3539 2757 3578 mens
2787 3528 2895 3592 est,
2928 3522 3012 3578 sic
3041 3527 3159 3577 tota
3188 3521 3346 3575 vivit.
3380 3520 3548 3575 Novit
3576 3525 3772 3574 autem
3809 3518 3899 3573 vi-

2244 3629 2376 3669 vere
2405 3628 2487 3667 se.
2521 3613 2727 3667 Totam
2759 3629 2820 3668 se
2856 3612 3037 3684 igitur
3082 3611 3261 3666 novit.
3316 3609 3616 3664 Postremo
3663 3624 3801 3663 cum
3835 3623 3903 3663 se

2245 3717 2417 3757 nosse
2441 3716 2607 3756 mens
2633 3700 2857 3772 quaerit,
2885 3706 3140 3756 mentem
3163 3716 3224 3754 se
3247 3714 3375 3754 esse
3396 3699 3510 3768 iam
3536 3696 3730 3753 novit:
3760 3696 3905 3752 alio-

2246 3790 2387 3860 quin
2424 3796 2618 3845 utrum
2649 3807 2711 3846 se
2741 3794 2965 3861 queret
2986 3789 3236 3861 ignorat,
3262 3794 3318 3843 et
3339 3787 3497 3841 aliud
3522 3802 3624 3858 pro
3645 3785 3761 3841 alio
3788 3787 3905 3841 for-

2246 3882 2398 3935 sitan
2448 3880 2721 3951 quaarat’.
2782 3879 2933 3934 Fieri
2981 3878 3138 3934 enim
3186 3881 3381 3949 potest
3412 3880 3476 3930 ut
3507 3876 3634 3947 ipsa
3667 3892 3785 3930 non
3821 3876 3904 3931 sit

2246 3985 2431 4038 mens,
2464 3974 2633 4038 atque
2666 3968 2745 4022 ita
2774 3968 2912 4023 dum
2949 3973 3199 4023 mentem
3235 3981 3404 4021 nosse
3435 3964 3663 4036 quaerit,
3688 3981 3807 4019 non
3836 3980 3904 4020 se

2244 4058 2433 4128 ipsam
2462 4062 2699 4127 quaerat.
2734 4059 3116 4129 Quapropter,
3167 4054 3448 4126 quoniam
3496 4070 3631 4108 cum
3681 4052 3907 4124 quaerit

2244 4162 2410 4200 mens
2441 4145 2578 4217 quid
2612 4145 2687 4200 sit
2718 4161 2906 4215 mens,
2932 4144 3088 4199 novit
3108 4144 3262 4214 quod
3286 4160 3346 4199 se
3369 4147 3610 4215 quierat,
3634 4142 3906 4213 profecto

2244 4235 2402 4288 novit
2431 4235 2585 4304 quod
2616 4233 2746 4305 ipsa
2775 4234 2852 4289 sit
2882 4249 3067 4288 mens.
3101 4232 3273 4288 Porro
3309 4232 3359 4288 si
3389 4231 3498 4287 hoc
3531 4233 3591 4287 in
3631 4247 3693 4286 se
3733 4231 3909 4286 novit

2243 4324 2397 4393 quod
2432 4340 2597 4378 mens
2623 4328 2734 4390 est,
2764 4327 2823 4378 et
2849 4327 2971 4377 tota
3001 4338 3168 4377 mens
3215 4326 3327 4385 est,
3379 4325 3564 4376 totam
3615 4336 3677 4375 se
3709 4320 3901 4375 novit.

2243 4413 2351 4467 Sed
2386 4428 2514 4467 ecce
2544 4429 2656 4467 non
2690 4428 2752 4466 se
2783 4411 3005 4467 noverit
3032 4427 3161 4466 esse
3190 4416 3472 4478 mentem,
3507 4426 3640 4464 cum
3665 4414 3909 4465 autem.

2244 4517 2305 4555 se
2327 4500 2549 4569 quaerit,
2573 4499 2680 4555 hoc
2700 4499 3106 4555 tantummodo
3132 4498 3355 4553 noverit
3378 4498 3531 4569 quod
3563 4514 3625 4552 sc
3647 4503 3907 4569 quaret.

2242 4588 2435 4645 Potest
2454 4588 2611 4643 enim
2632 4588 2807 4643 etiam
2834 4587 2919 4643 sic
2939 4586 3095 4643 aliud
3119 4603 3223 4659 pro
3253 4585 3367 4642 alio
3397 4602 3675 4657 quaerere,
3713 4586 3763 4641 si
3788 4586 3912 4641 hoc

2241 4677 2462 4733 nescit:
2489 4682 2552 4732 ut
2573 4692 2768 4732 autem
2796 4694 2910 4732 non
2934 4680 3155 4747 querat
3194 4674 3352 4731 aliud
3394 4691 3495 4747 pro
3530 4674 3663 4740 alio,
3686 4674 3910 4747 procul

2240 4766 2419 4821 dubio
2452 4767 2607 4821 novit
2640 4765 2778 4836 quid
2811 4770 3050 4836 quaerat.
3084 4766 3155 4819 At
3187 4765 3235 4819 si
3270 4764 3429 4820 novit
3472 4764 3609 4834 quid
3646 4769 3913 4834 quaerat.

2238 4853 2297 4910 et
2318 4871 2379 4909 se
2402 4854 2591 4926 ipsam
2616 4853 2842 4924 quaerit,
2867 4870 2928 4909 se
2949 4854 3137 4924 ipsam
3161 4852 3362 4925 utique
3385 4853 3567 4908 novit.
3587 4853 3743 4917 Quid
3765 4869 3917 4925 ergo

2240 4944 2431 4999 adhuc
2455 4942 2891 5014 quaerit?Quod
2919 4940 2967 4996 si
3008 4957 3078 4996 ex
3117 4947 3279 5013 parte
3324 4957 3385 4995 se
3416 4940 3595 5007 novit,
3629 4956 3699 4995 ex
3733 4949 3916 5011 parte

2239 5038 2433 5088 autem
2457 5032 2648 5087 adhuc
2670 5030 2899 5102 quaerit,
2915 5047 3030 5086 non
3044 5046 3105 5085 se
3123 5030 3335 5103 ipsam,
3352 5030 3451 5085 sed
3468 5034 3696 5101 partem
3718 5046 3911 5085 suam

2239 5121 2461 5192 quaerit.
2488 5121 2629 5175 Cum
2650 5122 2805 5174 enim
2830 5136 2898 5173 ea
2914 5119 3043 5190 ipsa
3064 5119 3302 5186 dicitur,
3325 5124 3448 5175 tota
3464 5118 3701 5174 dicitur.
3724 5119 3917 5175 Dein-

2238 5212 2308 5265 de
2330 5210 2468 5280 quia
2491 5210 2647 5263 novit
2668 5208 2929 5263 nondum
2953 5224 3015 5263 se
3035 5224 3069 5262 a
3089 5224 3151 5262 se
3174 5208 3468 5263 inventam
3491 5212 3701 5278 totam,
3733 5210 3917 5263 novit

2237 5303 2458 5370 quanta
2482 5297 2557 5352 sit
2580 5302 2719 5352 tota.
2742 5299 2928 5367 Atque
2950 5295 3033 5350 ita
3053 5297 3264 5367 quierit
3290 5296 3442 5368 quod
3470 5296 3657 5362 deest,
3680 5313 3914 5368 quem-

2235 5388 2550 5443 admodum
2583 5385 2841 5440 solemus
2872 5402 3150 5456 quaerere,
3186 5390 3252 5441 ut
3294 5384 3488 5441 veniat
3535 5385 3595 5439 in
3630 5391 3916 5442 mentem

2234 5477 2387 5548 quod
2414 5476 2646 5539 excidit,
2672 5491 2775 5530 nec
2797 5480 2992 5530 tamen
3014 5475 3245 5546 penitus
3268 5473 3682 5545 excedit;quia
3698 5479 3920 5547 potest

2232 5564 2589 5637 recognosci,
2609 5580 2744 5620 cum
2768 5564 3010 5629 venerit,
3034 5564 3142 5620 hoc
3161 5580 3290 5620 esse
3312 5563 3467 5636 quod
3487 5564 3910 5634 quaerebatur.

2292 5782 2309 5816 1
2341 5777 2594 5828 Nonnulli
2623 5777 2768 5838 Mss,
2799 5777 2906 5826 tota
2933 5790 2986 5828 se
3018 5777 3132 5826 scit.

2290 5840 2317 5879 9
2342 5841 2498 5892 Juxta
2526 5840 2672 5902 Lov.,
2695 5839 2899 5907 garrit.
2996 5841 3066 5892 Μ.
