4160 6454
283 328 401 387 981

288 478 359 517 ea
386 462 685 518 voluntate
707 462 927 519 volunt.
953 464 1290 519 Meminisse
1324 465 1499 520 etiam
1524 483 1585 519 se
1617 464 1846 530 sciunt;
1872 466 1945 520 si-

293 552 540 624 mulque
564 552 756 607 sciunt
778 554 929 624 quod
957 568 1125 608 nemo
1152 553 1538 620 meminisset,
1562 554 1674 608 nisi
1695 560 1848 609 esset
1879 570 1945 608 ac

292 640 513 696 viveret
539 657 551 694 :
581 642 682 696 sed
710 646 765 696 et
794 642 983 712 ipsam
1022 642 1360 697 memoriam
1385 643 1456 697 ad
1481 641 1700 713 aliquid
1740 642 1942 697 referi-

300 746 456 797 mus,
505 730 659 801 quod
702 747 767 786 ea
799 730 1198 786 meminimus.
1239 731 1479 786 Duobus
1518 731 1698 797 igitur
1736 730 1942 785 borum

293 820 500 889 trium,
534 819 819 874 memoria
858 825 915 874 et
956 818 1363 891 intelligentia,
1396 819 1715 873 multarum
1749 835 1944 873 rerum

292 907 502 963 notitia
540 912 714 981 atque
759 907 979 963 scentis.
1020 908 1394 963 continentur
1418 907 1717 964 :voluntas
1749 912 1943 962 autem

292 998 481 1064 adest,
516 1014 619 1068 per
647 1014 825 1068 quam
858 999 1124 1053 fruamur
1154 996 1239 1052 eis
1274 996 1358 1052 vel
1392 1001 1645 1052 utamur.
1675 996 1941 1050 Fruiiuur

293 1086 453 1140 enim
468 1085 801 1157 cognitis,in
816 1086 1029 1157 quibus
1049 1085 1316 1141 voluntas
1331 1086 1476 1158 ipsis
1494 1090 1728 1156 propter
1739 1084 1942 1155 seipsa

296 1173 583 1230 delectata
603 1174 960 1245 conquiescit
987 1191 1000 1229 :
1026 1175 1248 1230 utimur
1266 1192 1398 1230 vero
1425 1176 1509 1229 eis
1533 1191 1661 1245 qum
1690 1174 1760 1228 ad
1785 1172 1942 1227 aliud

293 1264 730 1335 referimusquo
753 1264 1065 1319 fruendum
1098 1267 1327 1318 est.Nec
1354 1268 1443 1318 est
1464 1262 1578 1317 alia
1613 1262 1727 1316 vita
1752 1260 1943 1315 homi—

294 1369 438 1407 num
481 1351 691 1407 vitiosa
718 1356 892 1424 atque
931 1351 1262 1423 culpabilis,
1283 1367 1461 1422 quam
1503 1350 1655 1405 male
1694 1355 1863 1405 utens
1889 1352 1946 1403 et

294 1440 448 1496 male
476 1442 783 1496 t'ruens.De
799 1457 983 1510 quare
1002 1457 1113 1496 non
1130 1445 1393 1495 estnunc
1415 1437 1737 1494 disserendi
1758 1436 1939 1492 locus.

369 1531 456 1585 14.
496 1530 603 1585 Sed
628 1530 907 1602 quoniam
938 1530 1010 1584 de
1033 1536 1240 1584 natura
1271 1529 1486 1584 mentis
1517 1527 1729 1599 agitur,
1755 1542 1945 1581 remo-

292 1616 1065 1674 veamusaconsideratione
1088 1622 1285 1672 nostra
1309 1633 1512 1671 omnes
1544 1615 1786 1670 notitias
1817 1630 1943 1685 qua

293 1707 603 1778 capiuntur
624 1705 984 1761 extrinsecus
1004 1723 1105 1776 per
1128 1721 1340 1760 sensus
1355 1703 1636 1776 corporis;
1662 1707 1719 1758 et
1738 1719 1805 1758 ea
1818 1719 1945 1773 qua

295 1795 626 1867 posuimus,
645 1811 849 1849 omnes
872 1800 1095 1849 mentes
1116 1797 1186 1849 de
1204 1810 1265 1849 se
1289 1794 1431 1864 ipsis
1455 1810 1625 1848 nosse
1646 1798 1945 1861 certasque

295 1883 793 1956 esse,diligentius
815 1884 1208 1939 attendamus.
1248 1882 1455 1938 Utrum
1484 1882 1639 1937 enim
1680 1881 1829 1936 aeris
1870 1880 1947 1934 sit

293 1974 385 2030 vis
416 1974 666 2039 vivendi,
696 1972 1130 2038 reminiscendi,
1156 1971 1536 2043 intelligendi,
1570 1970 1816 2037 volendi,
1849 1986 1943 2025 co-

298 2061 1135 2135 gitandi,sciendi,judicandi
1157 2078 1169 2128 ;
1194 2077 1267 2115 an
1298 2060 1473 2132 ignis,
1506 2078 1578 2114 an
1602 2060 1842 2122 cerebri,
1873 2076 1947 2113 an

302 2152 633 2223 sanguinis,
657 2167 729 2205 an
753 2156 1191 2215 atomorum,an
1225 2153 1431 2219 praater
1470 2148 1682 2204 usitata
1702 2155 1953 2219 quatuor

294 2242 583 2298 elementa
611 2240 799 2312 quinti
823 2241 1019 2295 nescio
1042 2241 1208 2310 cujus
1226 2238 1504 2309 corporis,
1528 2257 1600 2294 an
1624 2239 1809 2311 ipsius
1831 2255 1950 2293 car-

295 2330 391 2386 nis
409 2335 618 2385 nostris
642 2345 923 2400 compago
934 2327 1025 2383 vel
1042 2332 1568 2399 temperamentum
1585 2326 1706 2382 haec
1727 2328 1953 2382 efﬁcere

295 2418 503 2488 valeat,
537 2418 953 2472 dubitaverunt
1003 2416 1270 2471 homines
1300 2432 1313 2469 :
1348 2421 1405 2471 et
1451 2415 1602 2471 alius
1641 2416 1769 2483 hoc,
1802 2414 1953 2469 alius

296 2506 455 2563 aliud
480 2506 776 2561 afﬁrmare
798 2512 1046 2560 conatus
1076 2510 1182 2559 est.
1216 2504 1419 2560 Vivere
1437 2522 1499 2559 se
1533 2510 1724 2559 tamen
1757 2509 1813 2559 et
1833 2521 1953 2559 me-

298 2596 562 2661 minisse,
585 2599 643 2651 et
664 2593 1014 2666 intelligere,
1048 2598 1107 2648 et
1140 2592 1310 2661 velle,
1333 2599 1389 2648 et
1419 2594 1693 2665 cogitare,
1710 2598 1767 2648 et
1784 2593 1952 2661 scire,

298 2689 357 2739 et
379 2684 647 2755 judicare
689 2684 822 2754 quis
865 2683 1142 2738 dubitet?
1184 2683 1666 2754 Quandoquidem
1699 2682 1870 2737 etiam
1904 2681 1953 2737 si

299 2774 552 2840 dubitat,
577 2772 713 2827 vivit
740 2771 823 2827 :si
847 2771 1075 2827 dubitat
1107 2773 1259 2826 unde
1282 2772 1528 2839 dubitet,
1572 2772 1871 2838 meminit;
1906 2769 1955 2825 si

300 2862 555 2927 dubitat,
608 2861 878 2916 dubitare
919 2877 981 2916 se
1018 2860 1326 2932 intelligit;
1363 2859 1412 2915 si
1462 2861 1711 2924 dubitat,
1762 2866 1957 2914 certus

302 2968 434 3007 esse
468 2950 612 3017 vult;
637 2950 685 3005 si
718 2949 968 3013 dubitat,
993 2949 1237 3019 cogitat;
1266 2949 1315 3004 si
1338 2949 1586 3015 dubitat,
1611 2948 1719 3003 scit
1740 2964 1802 3003 se
1826 2965 1955 3003 nes-

302 3040 455 3107 cire;
511 3038 561 3095 si
603 3038 852 3104 dubitat,
887 3039 1117 3109 judicat
1155 3055 1268 3093 non
1301 3055 1363 3093 se
1389 3044 1607 3092 temere
1630 3038 1959 3092 consentire

304 3136 591 3204 oportere.
609 3129 883 3200 Quisquis
904 3128 1083 3200 igitur
1102 3128 1336 3183 aliunde
1352 3128 1602 3190 dubitat,
1628 3128 1698 3183 de
1721 3128 1811 3183 his
1834 3145 1958 3183 om-

303 3221 483 3276 nibus
506 3218 776 3274 dubitare
797 3235 912 3273 non
936 3217 1105 3273 debet
1129 3234 1141 3273 :
1169 3234 1295 3289 quas
1323 3217 1370 3272 si
1396 3234 1511 3273 non
1533 3218 1829 3285 essent,de
1842 3216 1961 3272 ulla

304 3325 370 3365 re
404 3309 672 3364 dubitare
704 3324 820 3361 non
853 3310 1070 3377 posset.

380 3397 612 3453 15.11am
643 3395 863 3460 omnia,
887 3395 985 3466 qui
1017 3394 1102 3450 vel
1135 3411 1345 3466 corpus
1368 3395 1453 3450 vel
1476 3395 1959 3466 compositionem

307 3504 413 3544 seu
446 3492 562 3542 tem
572 3485 931 3557 perationem
956 3484 1217 3555 corporis
1238 3500 1365 3539 esse
1386 3490 1640 3539 mentem
1668 3483 1959 3554 putant,in

307 3577 578 3646 subjecto
610 3589 738 3630 esse
760 3573 962 3628 volunt
988 3574 1190 3643 videri,
1216 3578 1277 3627 ut
1298 3573 1625 3628 substantia
1646 3573 1848 3639 sitaer,
1874 3570 1959 3627 vel

309 3666 491 3739 ignis,
516 3664 633 3720 sive
656 3663 891 3734 aliquod
931 3661 1089 3717 aliud
1123 3678 1354 3733 corpus,
1380 3662 1532 3733 quod
1566 3666 1816 3717 mentem
1853 3678 1958 3731 pu-

309 3760 480 3821 tant;
513 3752 902 3824 intelligentia
933 3768 1065 3807 vero
1097 3750 1176 3805 ita
1197 3750 1337 3806 insit
1359 3750 1496 3805 huic
1528 3750 1776 3822 corpori,
1810 3751 1962 3805 sicut

313 3844 569 3916 qualitas
591 3842 756 3913 ejus:
784 3847 847 3895 ut
868 3839 1010 3895 illud
1038 3842 1370 3907 subjectum
1395 3840 1491 3908 sit,
1525 3840 1643 3895 haec
1674 3840 1733 3894 in
1766 3840 1958 3911 subje-

310 3938 427 4001 cto;
453 3933 781 4002 subjectum
806 3928 1027 3985 scilicet
1058 3946 1223 3984 mens
1254 3945 1431 3999 quam
1464 3945 1675 3999 corpus
1705 3944 1833 3984 esse
1862 3945 1961 3983 ar-

312 4022 627 4088 bitrantur,
650 4020 707 4074 in
742 4018 1005 4088 subjecto
1027 4022 1221 4073 autem
1243 4017 1647 4090 intelligentia,
1671 4018 1792 4073 sive
1821 4017 1961 4088 quid

310 4110 471 4167 aliud
505 4124 705 4165 eorum
739 4123 866 4178 quae
910 4110 1066 4161 certa
1097 4106 1264 4161 nobis
1312 4122 1441 4161 esse
1487 4107 1964 4162 commemoravi-

312 4216 470 4257 mus.
501 4201 678 4253 Juxta
708 4196 1025 4267 opinantur
1045 4195 1220 4250 etiain
1252 4194 1337 4249 illi
1362 4196 1463 4266 qui
1495 4200 1747 4250 mentem
1772 4202 1961 4267 ipsam

312 4292 531 4360 negant
563 4302 691 4342 esse
716 4301 950 4357 corpus,
975 4284 1074 4339 sed
1112 4283 1515 4354 compaginem
1553 4289 1654 4339 aut
1682 4288 1965 4355 tempera-

310 4378 531 4434 tionem
555 4373 833 4446 corporis.
874 4372 986 4427 Hoc
1020 4372 1175 4427 enim
1209 4372 1471 4438 interest,
1503 4373 1656 4443 quod
1684 4372 1767 4427 illi
1801 4389 1961 4427 men-

310 4473 433 4522 tem
462 4465 650 4536 ipsam
683 4461 886 4517 dicunt
906 4477 1034 4516 esse
1064 4462 1481 4528 substantiam,
1524 4461 1582 4514 in
1616 4477 1730 4531 quo
1764 4462 1961 4531 subje-

311 4560 405 4611 cto
423 4549 1019 4622 sitintelligentiazisti
1052 4555 1245 4604 autem
1269 4550 1462 4620 ipsam
1484 4558 1733 4604 mentem
1752 4550 1810 4604 in
1830 4550 1965 4604 sub-

310 4645 461 4713 jecto
484 4658 611 4697 esse
641 4641 863 4706 dicunt,
899 4654 1137 4709 corpore
1163 4637 1387 4693 scilicet
1417 4641 1587 4707 cujus
1619 4639 1963 4709 compositio

314 4732 405 4788 vel
432 4729 776 4802 temperatio
799 4732 905 4783 est.
944 4728 1101 4784 Unde
1139 4733 1562 4797 consequenter
1586 4728 1761 4782 etiam
1795 4728 1962 4783 intel-

315 4821 618 4893 ligentiam
649 4817 787 4889 quid
821 4816 978 4871 aliud
1012 4832 1190 4886 quam
1222 4817 1282 4871 in
1326 4816 1527 4871 eodem
1556 4818 1815 4887 subjecto
1837 4833 1957 4873 cor-

317 4927 457 4984 pore
477 4906 858 4965 existimant?

394 5001 477 5055 16.
519 4997 627 5064 Qui
666 5011 873 5052 omnes
902 5012 1014 5051 non
1049 4996 1377 5060 advertunt,
1415 4998 1671 5050 mentem
1707 5011 1881 5051 nosse
1903 5011 1966 5051 se

314 5088 491 5146 etiam
510 5104 641 5142 cum
668 5085 877 5158 quaerit
906 5101 987 5151 se,
1031 5084 1183 5139 sicut
1209 5083 1331 5153 jam
1374 5082 1759 5138 ostendimus.
1797 5084 1965 5141 Nullo

317 5178 489 5234 modo
519 5182 713 5232 autem
738 5178 891 5229 recte
922 5173 1139 5227 dicitur
1159 5171 1294 5225 sciri
1314 5171 1509 5241 aliqua
1533 5188 1642 5235 res,
1673 5172 1810 5225 dum
1836 5173 1964 5242 ejus

313 5268 622 5339 ignoratur
638 5263 1449 5332 substantia.Quapropter,cu
1463 5277 1513 5313 m
1531 5277 1591 5314 se
1607 5276 1772 5314 mens
1786 5263 1963 5330 novit,

317 5355 705 5414 substantiam
732 5368 901 5407 suam
926 5350 1101 5415 novit;
1126 5354 1339 5404 etcum
1381 5349 1450 5403 de
1472 5365 1532 5403 se
1554 5355 1709 5403 certa
1755 5355 1862 5415 est,
1896 5350 1967 5405 de

319 5443 657 5503 substantia
674 5459 783 5497 sua
804 5446 963 5495 certa
981 5443 1091 5493 est.
1128 5439 1297 5494 Certa
1336 5443 1423 5492 est
1446 5443 1638 5492 autem
1682 5438 1750 5493 de
1778 5456 1858 5506 se,
1894 5440 1969 5493 si-

319 5541 418 5592 cut
458 5534 813 5591 convincunt
861 5545 927 5584 ea
948 5544 1075 5600 quas
1125 5543 1305 5598 supra
1335 5526 1489 5581 dicta
1520 5536 1673 5580 sunt.
1698 5527 1811 5581 Nec
1842 5544 1965 5582 om-

320 5625 459 5682 nino
488 5625 647 5679 certa
673 5624 782 5686 est,
814 5622 1012 5672 utrum
1043 5632 1159 5685 aer,
1192 5632 1264 5669 an
1310 5614 1463 5687 ignis
1497 5615 1592 5681 sit,
1627 5633 1699 5669 an
1732 5615 1967 5687 aliquod

320 5710 664 5789 corpus,vel
688 5707 910 5781 aliquid
934 5703 1210 5778 corporis.
1259 5702 1383 5760 Non
1414 5710 1504 5759 est
1536 5703 1715 5777 igitur
1744 5704 1965 5777 aliquid

1640 333 1902 429 .LlBER
1947 332 2318 394 DECIMUS.

3577 335 3696 395 982

2054 482 2253 519 eorum
2284 483 2296 519 :
2328 472 2630 537 totumque
2660 468 2801 522 illud
2832 470 2983 539 quod
3012 486 3069 525 se
3099 469 3339 539 jubetur
3361 474 3423 523 ut
3455 469 3700 528 noverit,

2051 554 2119 608 ad
2157 554 2263 608 hoc
2298 555 2546 624 pertinet
2577 561 2640 611 ut
2671 561 2823 612 certa
2846 558 2923 613 sit
2943 575 3056 613 non
3093 575 3219 614 esse
3252 558 3473 629 aliquid
3495 573 3696 611 eorum

2051 642 2121 696 de
2143 643 2359 713 quibus
2390 644 2614 699 incerta
2634 650 2741 709 est,
2774 645 2946 717 idque
2974 646 3161 701 solum
3197 664 3324 702 esse
3349 650 3578 701 secerta
3600 644 3694 711 sit,

2052 732 2204 801 quod
2230 730 2420 786 solum
2443 749 2571 787 esse
2602 750 2662 788 se
2680 741 2953 790 certaest.
2978 735 3068 790 sic
3094 736 3247 789 enim
3270 735 3690 807 cogitatignem

2051 824 2152 873 aut
2182 836 2396 886 aerem,
2429 828 2486 876 et
2515 822 2796 893 quidquid
2831 824 2989 879 aliud
3024 826 3283 896 corporis
3314 826 3546 896 cogitat.
3578 823 3691 877 Ne-

2051 923 2162 976 que
2194 907 2310 963 ullo
2336 911 2506 963 modo
2538 910 2659 964 fieri
2694 916 2889 981 posset
2920 918 2983 966 ut
3008 913 3089 966 ita
3127 912 3405 983 cogitaret
3450 911 3506 966 id
3540 915 3693 982 quod

2051 995 2179 1066 ipsa
2198 1000 2304 1062 est,
2329 998 2824 1067 quemadmodum
2870 1000 3104 1072 cogitat,
3137 1001 3192 1055 id
3228 1000 3379 1071 quod
3412 999 3540 1069 ipsa
3578 1016 3693 1053 non

2050 1090 2157 1138 est.
2173 1088 2279 1138 Per
2302 1085 2669 1156 phantasiam
2693 1088 3325 1162 quippeimaginariam
3349 1088 3695 1159 cogitathaac

2051 1173 2268 1241 omnia,
2300 1175 2418 1229 sive
2443 1176 2656 1247 ignem,
2682 1178 2800 1232 sive
2834 1195 3050 1247 aerem,
3084 1180 3204 1233 sive
3244 1178 3386 1233 illud
3422 1177 3508 1232 vel
3550 1176 3695 1230 illud

2051 1276 2283 1332 corpus,
2310 1268 2603 1332 partemve
2619 1264 2799 1330 illam,
2824 1283 2887 1321 se
2908 1268 3311 1338 compaginem
3331 1271 3444 1321 tem
3456 1265 3697 1336 peratio-

2050 1365 2301 1421 nemque
2320 1354 2619 1423 corporis;
2653 1370 2756 1408 nec
2806 1356 3007 1425 utique
3048 1358 3160 1410 ista
3191 1356 3408 1420 omnia,
3451 1355 3550 1410 sed
3589 1353 3694 1408 ali-

2050 1438 2193 1509 quid
2225 1438 2434 1494 horum
2460 1457 2586 1495 esse
2607 1442 2836 1496 dicitur.
2863 1444 2921 1498 Si
2956 1444 3092 1513 quid
3133 1452 3329 1497 autem
3362 1443 3570 1498 horum
3603 1459 3691 1497 es-

2050 1531 2159 1593 set,
2194 1527 2361 1581 aliter
2399 1530 2453 1582 id
2508 1546 2683 1599 quam
2721 1537 2923 1586 caetera
2968 1534 3265 1599 cogitaret,
3316 1549 3428 1585 non
3472 1532 3696 1587 scilicet

2050 1632 2153 1687 per
2182 1616 2495 1688 imaginale
2522 1619 2887 1687 ﬁgmentum,
2920 1621 3070 1675 sicut
3092 1621 3462 1693 congitantur
3483 1621 3690 1675 absen-

2050 1704 2151 1774 tia,
2168 1721 2293 1776 quaa
2317 1722 2491 1760 sensu
2517 1708 2775 1776 corporis
2796 1714 2946 1763 tacte
2972 1715 3129 1773 sunt,
3147 1710 3263 1763 sive
3285 1709 3521 1764 omnino
3543 1709 3693 1779 ipsa,

2051 1793 2169 1849 sive
2200 1795 2463 1863 ejusdem
2478 1798 2706 1865 generis
2724 1797 2949 1868 aliqua;
2977 1800 3074 1853 sed
3101 1799 3691 1869 quantaminteriore,

2054 1899 2165 1937 non
2198 1883 2494 1949 simulata,
2529 1886 2628 1939 sed
2670 1902 2803 1939 vera
2833 1888 3137 1957 presentia
3169 1888 3307 1957 (non
3345 1887 3498 1941 enim
3521 1887 3691 1958 quid-

2053 1988 2230 2043 quam
2256 1971 2450 2028 illiest
2488 1990 2548 2027 se
2585 1975 2711 2045 ipsa
2748 1968 3147 2045 praesentius):
3186 1975 3337 2030 sicut
3376 1975 3588 2046 cogitat
3615 1974 3700 2028 vi-

2054 2079 2183 2118 vere
2211 2068 2355 2129 se,et
2384 2066 2741 2131 meminisse,
2766 2071 2822 2119 et
2852 2066 3195 2137 intelligere,
3220 2071 3277 2121 et
3298 2065 3442 2119 velle
3465 2082 3546 2120 se.
3580 2065 3694 2119 No-

2053 2152 2135 2206 vit
2163 2152 2318 2207 enim
2356 2152 2474 2206 haec
2515 2152 2570 2206 in
2596 2169 2680 2217 se,
2713 2169 2817 2209 nec
2845 2154 3203 2225 imaginatur
3241 2154 3407 2224 quasi
3453 2159 3613 2209 extra
3635 2169 3697 2208 se

2057 2240 2156 2295 illa
2176 2257 2350 2295 sensu
2376 2242 2637 2311 tetigirit,
2663 2243 2817 2296 sicut
2837 2242 3159 2312 corporalia
3181 2259 3426 2314 quaeque
3456 2248 3703 2313 tangun-

2057 2334 2173 2385 tur.
2206 2334 2282 2384 Ex
2303 2346 2554 2400 quorum
2586 2330 3037 2402 cogitationibus
3061 2332 3106 2386 si
3142 2331 3284 2386 nihil
3310 2330 3421 2385 sibi
3440 2332 3705 2401 attingat,

2060 2423 2122 2472 ut
2137 2417 2250 2473 tale
2275 2416 2493 2489 aliquid
2514 2434 2642 2473 esse
2664 2436 2724 2473 se
2752 2424 2933 2489 putet,
2957 2419 3238 2490 quidquid
3258 2419 3309 2474 ei
3337 2420 3408 2474 de
3430 2436 3492 2474 se
3514 2434 3706 2474 rema-

2060 2512 2177 2570 net,
2211 2507 2319 2560 boc
2351 2507 2539 2561 solum
2572 2507 2702 2578 ipsa
2731 2513 2839 2561 est.

2130 2596 2362 2651 CAPUT
2402 2600 2498 2649 ΧΙ.
2524 2626 2592 2636 -
2612 2597 2697 2652 17.
2717 2601 2783 2651 In
2816 2598 3105 2665 memoria,
3133 2598 3520 2666 intelligentia,
3547 2600 3599 2651 et
3618 2614 3713 2651 vo-

2061 2684 2274 2739 luntate
2303 2684 2621 2740 observatur
2650 2687 2956 2754 ingenium,
2987 2686 3238 2740 doctrina
3260 2692 3311 2740 et
3334 2701 3481 2740 usus.
3508 2689 3714 2740 Memo-

2061 2774 2168 2839 ria,
2194 2774 2571 2843 intelligentia
2592 2778 2645 2829 et
2673 2774 2921 2828 voluntas
2952 2790 3124 2829 unum
3153 2783 3283 2829 sunt
3315 2774 3711 2839 essentialiter,

2064 2872 2115 2917 et
2144 2864 2263 2918 tria
2290 2864 2537 2918 relative.
2594 2862 2855 2918 Remotis
2900 2863 3082 2934 igitur
3122 2863 3421 2934 paulisper
3461 2862 3707 2929 caeteris,

2063 2968 2314 3015 quorum
2348 2968 2512 3007 mens
2540 2953 2610 3007 de
2640 2969 2701 3008 se
2726 2953 2853 3023 ipsa
2883 2958 3037 3007 certa
3068 2957 3176 3019 est,
3206 2952 3316 3007 tria
3346 2952 3465 3007 haec
3488 2951 3713 3023 potissi-

2065 3056 2227 3095 mum
2260 3040 2978 3109 consideratatractemus,
3005 3040 3713 3110 memoriam,intelligen-

2064 3128 2231 3194 tiam,
2262 3127 2641 3184 voluntatem.
2670 3130 2731 3183 In
2764 3130 2854 3184 his
2890 3131 3046 3184 enim
3072 3131 3260 3184 tribus
3292 3128 3495 3201 inspici
3530 3128 3717 3184 solent

2065 3218 2240 3274 etiam
2268 3217 2500 3289 ingenia
2532 3218 2902 3289 parvulorum
2938 3219 3268 3289 cujusmodi
3304 3220 3709 3290 przeferantin-

2066 3306 2278 3362 dolem.
2311 3308 2537 3372 Quanto
2564 3307 2780 3379 quippe
2810 3308 3072 3362 tenacius
3096 3312 3152 3362 et
3177 3307 3404 3362 facilius
3429 3323 3572 3377 puer
3602 3322 3716 3360 me-

2066 3396 2259 3460 minit,
2309 3401 2641 3465 quantoque
2679 3396 2912 3450 acutius
2962 3395 3292 3467 intelligit‘,
3323 3400 3379 3449 et
3408 3395 3604 3449 studet
3626 3411 3715 3448 ar-

2067 3485 2320 3553 dentius,
2354 3489 2516 3538 tanto
2539 3489 2627 3539 est
2655 3483 3054 3539 laudabilioris
3075 3484 3466 3555 ingenii.Cum
3491 3499 3621 3537 vero
3647 3484 3717 3536 de

2066 3574 2352 3642 cujusque
2383 3572 2646 3626 doctrina
2683 3574 2980 3643 quaeritur,
3018 3590 3129 3627 non
3183 3577 3401 3644 quanta
3444 3571 3717 3625 firmitate

2066 3678 2133 3716 ac
2165 3660 2439 3715 facilitate
2473 3661 2922 3722 meminerit.vel
2956 3661 3460 3732 quantoacumina
3491 3659 3704 3714 intelli-

2067 3750 2286 3817 gat;sed
2303 3750 2444 3820 quid
2469 3749 2821 3814 meminerit,
2853 3754 2909 3804 et
2935 3750 3075 3820 quid
3098 3749 3385 3822 intelligat
3410 3748 3709 3819 quaeritur.

2069 3840 2138 3893 Et
2168 3838 2306 3910 quia
2338 3854 2449 3893 non
2486 3842 2712 3892 tantum
2746 3855 2923 3910 quam
2957 3840 3162 3894 doctus
3185 3839 3281 3903 sit,
3311 3839 3715 3893 consideratur

2068 3926 2381 3982 laudabilis
2404 3927 2659 3996 animus,
2685 3928 2783 3982 sed
2806 3928 2983 3981 etiam
3016 3944 3190 3998 quam
3213 3928 3403 3982 bonus
3420 3944 3432 3981 :
3450 3943 3561 3983 non
3584 3930 3712 3980 tan-

2067 4021 2193 4071 tum
2223 4017 2364 4088 quid
2398 4015 2730 4071 meminerit
2751 4021 2808 4071 et
2824 4016 2962 4086 quid
2989 4015 3513 4088 intelligat,verum
3538 4016 3711 4071 etiam

2069 4105 2210 4176 quid
2244 4105 2383 4160 velit
2405 4104 2751 4169 attenditur;
2794 4121 2908 4159 non
2959 4109 3178 4175 quanta
3219 4104 3527 4174 ﬂagrantia
3557 4104 3711 4170 velit,

2069 4195 2169 4249 sed
2202 4195 2340 4265 quid
2373 4193 2511 4248 velit
2558 4194 2741 4264 prius,
2789 4194 2996 4248 deinde
3029 4200 3337 4264 quamtum
3368 4192 3523 4247 velit.
3555 4194 3716 4247 Tunc

2069 4284 2223 4339 enim
2268 4282 2601 4337 laudandus
2655 4288 2744 4337 est
2788 4283 3021 4336 animus
3060 4282 3434 4337 vehementer
3487 4298 3713 4347 amans,

2071 4388 2204 4427 cum
2237 4372 2292 4425 id
2326 4373 2476 4442 quod
2502 4376 2661 4425 amat
2682 4371 3052 4425 vehementer
3081 4371 3398 4426 amandum
3432 4376 3537 4426 est.
3571 4371 3715 4425 Cum

2070 4476 2206 4531 ergo
2239 4462 2516 4515 dicuntur
2536 4459 2657 4513 hinc
2689 4459 2822 4523 tria,
2854 4459 3179 4530 ingenium,
3232 4460 3517 4523 doctrina,
3551 4476 3715 4523 usus,

2073 4551 2328 4621 primum
2362 4548 2571 4602 horum
2612 4548 3016 4603 consideratur
3055 4547 3113 4601 in
3164 4547 3280 4602 illis
3328 4549 3540 4613 tribus,
3575 4549 3713 4619 quid

2072 4639 2260 4709 possit
2289 4637 2537 4709 quisque
2560 4636 2860 4698 memoria,
2876 4636 3279 4711 intelligentia.
3297 4642 3353 4691 et
3375 4636 3712 4692 voluntate’.

2072 4727 2407 4783 Secundum
2425 4742 2626 4780 eorum
2648 4712 3057 4780 consideratur
3070 4726 3209 4796 quid
3234 4726 3445 4780 habeat
3467 4726 3716 4797 quisque

2071 4817 2130 4872 in
2184 4815 2485 4880 memoria,
2536 4822 2594 4869 et
2640 4814 3043 4887 intelligentia,
3074 4831 3190 4886 quo
3222 4815 3484 4870 studiosa
3512 4814 3714 4869 volun-

2072 4910 2190 4961 tate
2215 4904 2558 4977 pervenerit.
2590 4904 2722 4960 Jam
2751 4921 2883 4960 vero
2914 4921 3058 4960 usus
3089 4905 3297 4959 tertius
3327 4902 3383 4957 in
3422 4904 3718 4959 voluntate

2073 4998 2182 5060 est,
2217 4998 2605 5065 pertractante
2634 4992 2737 5049 illa
2765 4993 2965 5063 quain
2990 4994 3273 5048 memoria
3302 4998 3359 5046 et
3388 4992 3719 5065 intelligen-

2073 5083 2155 5138 tia
2185 5083 2578 5147 continentur,
2611 5082 2731 5137 sive
2764 5082 2831 5135 ad
2868 5081 3085 5152 aliquid
3120 5098 3188 5136 ea
3214 5080 3444 5145 referat,
3472 5080 3594 5136 sive
3625 5097 3719 5136 eo-

2076 5188 2203 5225 rum
2236 5173 2349 5225 ﬁne
2382 5169 2670 5225 delectata
2701 5170 3092 5239 conquiescat.
3131 5168 3220 5223 Uti
3243 5170 3420 5235 enim,
3454 5175 3719 5224 estassu-

2077 5276 2235 5315 mere
2265 5258 2482 5329 aliquid
2512 5260 2567 5312 in
2603 5260 2933 5313 facultatem
2963 5256 3279 5311 voluntatis
3314 5272 3326 5309 :
3361 5256 3471 5311 frui
3504 5263 3594 5313 est
3623 5274 3725 5313 au-

2076 5355 2217 5415 tem,
2250 5349 2331 5403 uti
2365 5365 2497 5403 cum
2526 5349 2761 5418 gaudio,
2795 5364 2907 5401 non
2940 5346 3131 5401 adhuc
3162 5346 3305 5416 spei,
3339 5347 3439 5401 sed
3468 5347 3583 5417 iam
3618 5349 3723 5416 rei,

2079 5439 2322 5494 Proinde
2354 5438 2545 5491 omnis
2569 5436 2913 5507 quifruitur,
2935 5433 3135 5501 utitur;
3162 5436 3412 5491 assumit
3445 5437 3597 5491 enim
3620 5437 3725 5493 ali-

2078 5528 2211 5598 quid
2231 5528 2287 5580 in
2309 5525 2636 5581 facultatem
2652 5523 2987 5590 voluntatis,
3016 5540 3148 5579 cum
3166 5525 3277 5580 ﬁne
3290 5524 3691 5583 delectationis
3710 5544 3722 5582 :

2146 5654 2159 5684 ¹
2190 5651 2333 5707 Msa,
2354 5651 2645 5713 quantoque
2674 5662 2841 5721 acrius
2871 5647 3131 5760 intelligit.

2146 5715 2160 5749 Ι
2187 5712 2403 5760 Sentem
2434 5714 2557 5760 Mss.
2588 5714 2856 5760 omittunt.
2895 5711 3023 5760 mle!
3043 5726 3131 5760 iam

2138 5715 2160 5749 ³
2187 5711 2403 5776 Septem
2434 5711 2566 5763 Mss.”
2588 5711 2856 5770 omittunt,
2895 5711 3236 5774 intelligentia
3262 5714 3312 5762 et
3338 5712 3613 5764 voluntate.
