4160 6498
460 348 578 407 983

470 511 583 551 non
605 500 798 551 autem
825 495 1015 551 omnis
1034 494 1131 568 qui
1167 495 1370 563 utitur,
1399 496 1639 566 fruitur;
1667 497 1715 554 si
1739 498 1827 553 idi
1864 498 2017 571 quod
2052 498 2110 552 in

468 584 804 640 facultatem
836 585 1151 641 voluntatis
1195 587 1465 657 assumit,
1509 604 1621 641 non
1673 592 1913 661 propter
1964 586 2108 642 illud

467 673 685 745 ipsum,
710 676 807 729 sed
840 679 1076 747 propter
1097 674 1258 730 aliud
1290 676 1587 748 appetivit.

542 763 625 816 18.
662 763 789 816 Haec
822 762 1147 835 igiturtria,
1171 762 2111 835 memoria,intelligentia,volun-

468 855 581 916 tas,
605 850 878 921 quoniam
906 868 1020 905 non
1060 856 1197 907 sunt
1222 855 1339 908 tres
1378 852 1523 919 vitae,
1558 852 1655 907 sed
1681 869 1798 907 una
1817 852 1970 918 vita;
2008 867 2113 906 nec

469 943 586 993 tres
608 941 959 1005 mentes,sed
978 957 1093 994 una
1118 957 1283 996 mens
1308 957 1320 995 :
1345 945 1771 1011 consequenter
1792 941 1994 1011 utique
2011 956 2113 994 nec

469 1032 589 1083 tres
612 1028 957 1083 substantiae
990 1033 1150 1098 sunt,
1174 1030 1269 1084 sed
1304 1045 1418 1084 una
1456 1029 1805 1085 substantia.
1837 1028 2115 1085 Memoria

473 1115 850 1188 quippe,quse
872 1117 989 1172 vita
1016 1122 1073 1171 et
1094 1133 1259 1173 mens
1278 1121 1333 1173 et
1354 1117 1685 1172 substantia
1704 1117 1882 1173 dicitu
1894 1135 1938 1183 r,
1965 1118 2034 1172 ad
2052 1132 2114 1173 se

473 1206 663 1276 ipsam
683 1206 934 1261 dicitur:
963 1207 1115 1277 quod
1159 1222 1290 1261 vero
1326 1206 1610 1262 memoria
1636 1206 1869 1275 dicitur,
1895 1206 1964 1262 ad
2009 1205 2111 1261 ali-

473 1293 614 1365 quid
649 1293 884 1350 relative
918 1295 1150 1349 dicitur.
1202 1295 1319 1350 Hoc
1352 1296 1422 1350 de
1464 1294 1848 1368 intelligentia
1883 1311 2116 1368 quoque

469 1388 527 1438 et
558 1382 627 1438 de
656 1383 949 1438 voluntate
980 1384 1220 1439 dixerim
1249 1388 1343 1439 :et
1372 1384 1756 1456 intelligentia
1805 1384 2020 1456 quippe
2057 1386 2115 1439 et

464 1472 735 1528 voluntas
766 1473 837 1527 ad
872 1471 1089 1543 aliquid
1126 1471 1420 1527 dicuntur.
1456 1473 1589 1528 Vita
1620 1477 1709 1528 est
1742 1478 1934 1529 autem
1971 1490 2112 1529 una-

468 1575 714 1632 quaeque
743 1560 813 1614 ad
836 1576 897 1615 se
925 1559 1135 1631 ipsam,
1161 1566 1217 1615 et
1238 1577 1425 1631 mens,
1450 1565 1505 1615 et
1534 1561 1809 1616 essentia.
1834 1561 2114 1625 Quocirca

465 1650 580 1704 tria
609 1648 729 1704 haec
750 1665 816 1703 eo
849 1654 987 1703 sunt
1020 1666 1222 1719 unum,
1269 1665 1383 1719 quo
1436 1667 1552 1704 una
1581 1650 1715 1715 vita,
1759 1667 1875 1704 una
1924 1666 2109 1716 mens,

470 1754 585 1793 una
614 1737 903 1792 essentia:
929 1742 985 1791 et
1016 1736 1304 1807 quidquid
1338 1736 1494 1792 aliud
1523 1739 1594 1793 ad
1628 1754 1689 1792 se
1720 1738 1849 1810 ipsa
1880 1737 2113 1810 singula

470 1825 763 1892 dicuntur,
798 1826 974 1880 etiam
1000 1825 1198 1895 simul,
1233 1843 1344 1880 non
1375 1825 1698 1897 pluraliter,
1724 1827 1823 1882 sed
1858 1827 2115 1899 singula-

470 1914 611 1969 riter
634 1914 928 1969 dicuntur.
966 1914 1039 1968 Eo
1069 1930 1203 1969 vero
1245 1914 1377 1979 tria,
1411 1932 1526 1986 quo
1557 1915 1627 1970 ad
1660 1932 1721 1971 se
1745 1916 1991 1971 invicem
2034 1933 2121 1971 re-

473 2004 777 2059 feruntur:
799 2020 925 2073 qua:
947 2003 994 2057 si
1028 2002 1275 2073 aequalia
1292 2020 1404 2058 non
1432 2009 1768 2070 essent,non
1795 2004 1985 2059 solum
2002 2006 2119 2059 sin-

472 2091 608 2165 gula
634 2091 904 2164 singulis,
936 2093 1035 2146 sed
1064 2092 1240 2146 etiam
1266 2092 1540 2147 omnibus
1563 2092 1828 2165 singula;
1866 2110 1979 2148 non
2005 2093 2118 2147 uti-

471 2197 584 2253 que
616 2198 677 2237 se
705 2180 951 2236 invicem
976 2186 1264 2251 caperent.
1299 2180 1496 2252 Neque
1519 2181 1672 2236 enim
1697 2186 1924 2236 tantum
1948 2200 1980 2236 a
2004 2182 2119 2236 sin-

472 2270 630 2342 gulis
651 2268 897 2341 singula,
914 2285 1111 2323 verum
1135 2269 1309 2324 etiam
1334 2286 1366 2323 a
1387 2268 1640 2341 singulis
1667 2270 1865 2325 omnia
1886 2270 2121 2342 capiun-

474 2356 837 2413 tur.Memini
860 2357 1013 2412 enim
1044 2374 1136 2413 me
1167 2357 1376 2413 habere
1410 2358 1773 2426 memoriam,
1824 2362 1883 2413 et
1913 2357 2121 2413 intelli-

475 2446 756 2520 gentiam,
801 2445 1349 2514 etvoluntatem;et
1380 2446 1639 2517 intelligo
1688 2463 1782 2502 me
1831 2446 2118 2517 intellige-

474 2552 556 2605 re,
588 2539 646 2591 et
700 2534 865 2602 velle,
910 2539 1086 2606 atque
1136 2535 1507 2602 meminisse;
1557 2541 1614 2590 et
1655 2534 1784 2590 volo
1817 2552 1909 2590 me
1952 2535 2118 2602 velle,

474 2629 533 2680 et
574 2624 934 2691 meminisse,
978 2628 1034 2679 et
1068 2623 1412 2695 intelligere,
1444 2629 1747 2696 totamque
1777 2641 1966 2680 meam
2002 2641 2121 2679 me-

477 2712 809 2783 moriam,et
839 2712 1303 2784 intelligentiam,
1336 2717 1392 2767 et
1410 2712 1765 2768 voluntatem
1791 2712 1966 2768 simul
2002 2730 2120 2769 me-

476 2801 643 2857 mini.
685 2802 846 2866 Quod
878 2801 1033 2856 enim
1069 2800 1359 2856 memoria:
1393 2818 1531 2856 meae
1565 2818 1677 2856 non
1704 2802 1965 2867 memini,
2007 2819 2120 2858 non

477 2895 567 2946 est
597 2890 657 2945 in
690 2890 974 2945 memoria
1005 2906 1152 2946 mea.
1185 2889 1340 2946 Nihil
1371 2894 1564 2946 autem
1591 2895 1707 2946 tam
1731 2891 1786 2945 in
1818 2891 2117 2956 memoria,

479 2996 655 3050 quam
678 2980 806 3051 ipsa
828 2978 1107 3034 memoria
1131 2983 1238 3034 est.
1257 2980 1459 3035 Totam
1486 2979 1666 3051 igitur
1692 2979 1951 3034 memini.
1976 2980 2120 3034 Item

480 3068 765 3140 quidquid
790 3067 1074 3141 intelligo,
1102 3067 1426 3140 intelligere
1467 3085 1560 3123 me
1588 3068 1728 3135 seio,
1762 3074 1817 3123 et
1864 3068 1984 3124 scio
2031 3085 2123 3124 me

477 3156 624 3212 velle
654 3155 935 3227 quidquid
969 3156 1133 3212 volo:
1168 3156 1446 3227 quidquid
1480 3163 1675 3212 autem
1708 3158 1826 3212 seio
1860 3158 2120 3212 memini.

477 3247 683 3301 Totam
705 3245 881 3316 igitur
911 3245 1379 3318 intelligentiam,
1423 3250 1723 3317 totamque
1761 3246 2121 3301 voluntatem

484 3350 674 3389 meam
728 3335 991 3389 memini.
1028 3333 1308 3389 Similiter
1361 3351 1494 3390 cum
1540 3334 1660 3390 haec
1700 3335 1812 3390 tria
1844 3334 2123 3407 intelligo,

476 3427 599 3478 tota
622 3422 796 3478 simul
828 3422 1312 3494 intelligo.Neque
1334 3423 1486 3478 enim
1513 3424 1832 3495 quidquam
1857 3423 2126 3496 intelligi-

480 3510 679 3566 bilium
714 3527 828 3565 non
856 3511 1136 3583 intelligo,
1166 3510 1276 3566 nisi
1311 3512 1460 3583 quod
1486 3512 1708 3584 ignoro.
1738 3513 1897 3576 Quod
1927 3517 2125 3567 autem

481 3600 703 3671 ignoro,
736 3615 840 3654 nec
871 3598 1131 3666 memini,
1165 3615 1271 3655 nec
1300 3599 1447 3657 volo.
1482 3601 1773 3672 Quidquid
1807 3600 2000 3669 itaque
2034 3600 2122 3655 in-

477 3687 873 3760 telligibilium
908 3705 1022 3743 non
1046 3687 1329 3761 intelligo,
1359 3695 1782 3761 consequenter
1812 3690 1989 3745 etiam
2025 3706 2126 3745 nee

543 3846 560 3879 ί
591 3845 677 3895 Sic
705 3846 826 3895 Mss.
850 3846 916 3895 At
943 3846 1086 3905 editi,
1114 3845 1207 3895 sed
1232 3845 1308 3894 id.

1608 350 1711 407 DF.
1755 349 2204 421 'l‘RlNl'l‘ATE,
2252 353 2313 407 S.
2365 349 2785 428 AUGUSTINI

3756 351 3877 413 984

2223 481 2486 548 memini,
2521 498 2625 537 nec
2657 480 2804 538 volo.
2840 482 3133 555 Quidquid
3183 487 3379 540 autem
3409 483 3874 557 intelligibilium

2223 570 2463 625 memini
2505 576 2561 625 et
2607 571 2755 639 volo,
2789 577 3214 644 consequenter
3252 573 3537 647 intelligo.
3586 573 3878 630 Voluntas

2223 663 2398 715 etiam
2444 676 2574 715 mea
2613 665 2789 715 totam
2823 659 3263 732 intelligentiam
3315 668 3620 735 totamque
3649 680 3874 719 memo-

2224 752 2367 806 riam
2403 766 2593 805 meam
2643 749 2818 820 capit,
2851 750 2991 805 dum
3023 754 3137 805 toto
3179 756 3311 806 utor
3340 754 3493 823 quod
3519 752 3785 824 intelligo
3816 759 3876 808 et

2225 839 2476 894 mimini.
2503 840 2864 910 Quapropter
2908 840 3142 911 quando
3184 840 3432 895 invicem
3465 859 3499 895 a
3529 840 3785 912 singulis
3816 847 3876 897 et

2224 934 2344 983 tota
2362 928 2559 982 omnia
2574 927 3160 999 capiuntur,aequalia
3174 933 3308 983 sunt
3328 933 3449 983 tota
3472 928 3707 1002 singula
3731 930 3873 986 totis

2225 1017 2496 1090 singulis,
2521 1020 2577 1073 et
2597 1020 2717 1072 tota
2739 1016 2970 1088 singula
2991 1016 3165 1073 simul
3190 1018 3467 1074 omnibus
3490 1018 3648 1087 totis;
3670 1024 3727 1075 et
3748 1019 3873 1075 haec

2218 1107 2333 1161 tria
2366 1123 2570 1172 unum,
2604 1122 2721 1160 una
2750 1122 2937 1171 mens,
2971 1122 3089 1160 una
3115 1106 3389 1162 essentia.

2296 1194 2525 1249 CAPUT
2544 1193 2737 1248 Xll.—
2757 1194 2845 1248 19.
2869 1195 3016 1249 Mens
3047 1195 3225 1264 imago
3252 1196 3539 1251 Trinitatis
3571 1198 3634 1252 in
3663 1198 3757 1252 sui
3784 1199 3876 1270 ip—

2223 1286 2338 1338 sius
2371 1285 2663 1350 memoria,
2682 1284 3051 1354 intelligentia
3070 1286 3121 1339 et
3140 1284 3435 1340 voluntate.
3461 1286 3493 1340 J
3501 1302 3675 1342 amne
3696 1286 3879 1359 igitur

2226 1374 2542 1429 ascendam
2575 1376 2663 1428 est
2702 1372 3231 1445 qualibuscumque
3270 1373 3613 1431 intentionis
3650 1375 3877 1431 viribus

2223 1464 2292 1518 ad
2330 1462 2488 1517 illam
2522 1478 2815 1518 summam
2846 1466 2903 1518 et
2940 1462 3287 1518 altissimam
3334 1464 3673 1531 essentiam,
3708 1466 3881 1536 cujus

2224 1552 2416 1625 impar
2446 1552 2637 1625 imago
2670 1558 2758 1608 est
2781 1552 3044 1607 humana
3075 1568 3260 1619 mens,
3296 1554 3392 1608 sed
3425 1557 3624 1608 tamen
3650 1553 3884 1626 imago?

2222 1658 2294 1696 an
2330 1641 2520 1695 adhuc
2552 1641 2753 1696 eadem
2804 1640 2915 1695 tria
2974 1639 3309 1695 distinctius
3362 1640 3716 1697 declaranda
3746 1647 3891 1697 sunt

2221 1722 2285 1785 in
2319 1730 2535 1796 anima,
2574 1746 2673 1801 per
2712 1729 2812 1784 illa
2844 1747 2969 1801 quae
3000 1729 3359 1785 extrinsecus
3391 1747 3567 1786 sensu
3624 1731 3888 1804 corporis

2228 1818 2512 1890 capimus,
2548 1818 2643 1873 ubi
2676 1818 3076 1890 temporaliter
3130 1818 3493 1889 imprimitur
3526 1835 3724 1875 rerum
3759 1835 3886 1876 cor-

2229 1923 2535 1978 porearum
2569 1908 2811 1963 notitia?
2843 1908 3093 1962 Mentem
3115 1908 3539 1980 quippeipsam
3573 1908 3633 1963 in
3668 1924 3888 1983 meme.

2229 1997 2317 2052 ria
2347 2003 2403 2051 et
2436 1997 2820 2071 intelligentia
2862 2002 2918 2052 et
2946 1996 3244 2069 voluntate
3276 1997 3686 2069 suimetipsius
3706 1998 3888 2055 talem

2230 2086 2685 2157 reperiebamus,
2722 2090 2786 2140 ut
2832 2088 3110 2156 quoniam
3151 2102 3382 2158 semper
3420 2102 3483 2142 se
3516 2102 3689 2142 nosse
3736 2103 3892 2143 sem-

2230 2191 2447 2247 perque
2478 2190 2538 2229 se
2582 2175 2771 2247 ipsam
2829 2173 2973 2230 velle
3023 2175 3651 2246 eomprehendebatur,
3703 2175 3891 2232 simul

2231 2263 2408 2318 etiam
2433 2279 2665 2335 semper
2694 2263 2782 2318 sui
2807 2263 3167 2333 meminisse,
3201 2279 3549 2335 semperque
3604 2279 3666 2319 se
3697 2264 3893 2337 ipsam

2232 2351 2556 2425 intelligere
2604 2357 2661 2407 et
2711 2368 2906 2407 amare
2958 2352 3565 2422 comprehenderetur;
3620 2353 3901 2425 quamvis

2232 2457 2350 2496 non
2382 2458 2613 2512 semper
2644 2457 2707 2496 se
2752 2440 3006 2511 cogitare
3040 2441 3350 2495 discretam
3395 2440 3465 2495 ab
3496 2441 3582 2497 eis
3613 2458 3743 2512 quas
3778 2459 3899 2498 non

2232 2536 2391 2601 sunt,
2427 2531 2583 2602 quod
2614 2530 2741 2602 ipsa
2771 2535 2898 2585 est:
2930 2546 2995 2585 ac
3027 2546 3131 2602 per
3175 2530 3285 2586 hoe
3325 2530 3566 2585 difﬁcile
3598 2532 3656 2586 in
3708 2547 3775 2587 ea
3808 2532 3899 2586 di-

2233 2619 2537 2691 gnoscitur
2584 2618 2866 2675 memoria
2899 2617 3011 2690 sui,
3046 2622 3103 2673 et
3138 2618 3520 2691 intelligentia
3558 2620 3670 2677 sui.
3715 2614 3899 2685 Quasi

2233 2707 2390 2763 enim
2422 2724 2534 2761 non
2569 2708 2686 2763 sint
2718 2707 2839 2761 haec
2872 2710 3007 2773 duo,
3036 2707 3135 2761 sed
3169 2724 3353 2762 unum
3377 2708 3609 2763 duobus
3637 2710 3897 2764 vocabu-

2233 2796 2306 2852 lis
2339 2795 2680 2868 appelletur,
2717 2797 2800 2850 sic
2832 2801 3069 2867 apparet
3102 2796 3159 2850 in
3196 2812 3262 2851 ea
3312 2813 3373 2851 re
3422 2796 3522 2851 ubi
3562 2797 3731 2853 valde
3773 2798 3899 2853 ista

2235 2887 2543 2956 conjuncta
2566 2890 2723 2954 sunt,
2748 2890 2804 2940 et
2834 2885 2989 2939 aliud
3013 2885 3125 2939 alio
3168 2884 3327 2940 nullo
3362 2885 3706 2956 praeceditur
3734 2890 3890 2942 tem-

2235 2992 2372 3047 pore
2401 2993 2413 3030 :
2449 2990 2726 3046 amorque
2746 2974 2869 3046 ipse
2894 2991 3004 3028 non
3033 2973 3109 3028 ita
3131 2974 3384 3029 sentitur
3404 2991 3548 3041 esse,
3574 2992 3708 3031 cum
3741 2991 3883 3031 eum

2234 3082 2346 3120 non
2381 3062 2572 3136 prodit
2600 3062 2940 3135 indigentia,
2965 3063 3239 3133 quoniam
3274 3066 3526 3134 semper‘
3552 3068 3760 3136 praesto
3790 3068 3884 3121 est

2233 3153 2384 3223 quod
2414 3158 2662 3207 amatur.
2694 3152 3056 3222 Quapropter
3075 3151 3248 3206 etiam
3285 3152 3638 3207 tardioribus
3657 3152 3883 3209 diluce-

2232 3258 2392 3297 scere
2419 3241 2536 3296 haec
2568 3244 2833 3312 possunt,
2858 3240 2999 3295 dum
3030 3256 3097 3294 ea
3128 3242 3448 3295 tractantur
3477 3258 3603 3312 quae
3646 3242 3719 3296 ad
3752 3241 3881 3297 ani-

2237 3348 2397 3385 mum
2428 3335 2688 3401 tempore
2719 3330 3003 3383 accedunt
3023 3333 3079 3383 et
3112 3345 3237 3400 quas
3263 3328 3347 3383 illi
3370 3329 3770 3402 temporaliter
3790 3348 3886 3387 ae-

2237 3420 2457 3489 eidunt,
2492 3436 2623 3473 eum
2666 3417 2934 3473 meminit
2962 3418 3116 3489 quod
3150 3422 3319 3472 antea
3362 3434 3474 3473 non
3510 3417 3887 3486 meminerat,

2236 3514 2293 3565 et
2323 3524 2451 3563 eum
2484 3507 2640 3561 videt
2671 3507 2821 3577 quod
2857 3511 3026 3561 antea
3048 3522 3162 3561 non
3192 3506 3443 3573 videbat,
3463 3510 3521 3562 et
3558 3522 3690 3562 cum
3728 3513 3896 3564 amat

2236 3597 2390 3669 quod
2420 3602 2589 3651 antea
2602 3612 2714 3651 non
2739 3595 2990 3650 amabat.
3013 3595 3124 3649 Sed
3148 3593 3301 3650 aliud
3336 3595 3456 3649 haec
3478 3596 3891 3668 traetatiojam

2238 3686 2423 3759 poscit
2445 3685 2764 3751 exordium,
2792 3688 3025 3756 propter
3055 3684 3233 3754 hujus
3265 3682 3445 3739 libelli
3478 3684 3743 3745 modum.

2301 3787 2317 3820 ι
2352 3784 2510 3841 Editi,
2539 3798 2641 3832 non
2671 3797 2886 3847 semper.
2909 3782 3149 3833 Delenda
3197 3781 3460 3845 particula
3499 3796 3725 3847 negans,
3770 3798 3895 3847 quas

2236 3847 2387 3897 abest
2420 3861 2451 3896 a
2482 3848 2607 3896 Mss.

1570 4009 1944 4103 LIBER
2039 4011 2205 4104 UN
2216 4008 2794 4102 DECIMUS.

544 4147 1003 4213 Trinitatisimago
1034 4148 1277 4220 quaedam
1307 4154 1636 4220 monstratur
1664 4152 1827 4220 etiam
1859 4151 1912 4200 in
1944 4153 2202 4220 exteriore
2232 4152 2485 4220 homine:
2514 4152 2696 4220 primo,
2711 4149 2936 4220 quidem
2958 4149 3119 4220 in__l1is
3150 4163 3269 4220 qua),
3294 4153 3599 4220 cernuntur
3627 4152 3889 4220 extrinse-

497 4224 611 4277 cus;
644 4225 705 4260 ex
736 4212 957 4277 corpore
986 4212 1185 4277 scilicet
1212 4212 1615 4277 quodvidstur,
1649 4218 1700 4263 et
1754 4215 1924 4263 forma
1967 4228 2083 4277 quae
2114 4215 2238 4264 inde
2268 4215 2320 4261 in
2343 4215 2454 4262 acie
2487 4212 2751 4263 cernentis
2784 4212 3123 4275 imprimitur,
3155 4212 3206 4277 et
3251 4216 3539 4276 utrumque
3586 4214 3895 4276 copulantis

494 4273 791 4341 intentione
815 4275 1099 4341 voluntatis
1131 4289 1142 4322 :
1176 4273 1383 4323 tametsi
1415 4275 1528 4325 haec
1556 4277 1656 4341 tria
1685 4290 1859 4340 neque
1894 4273 2033 4341 inter
2051 4292 2115 4341 se,
2136 4277 2363 4341 zequalia
2381 4278 2502 4341 sint,
2535 4273 2898 4341 nequeguniu's
2926 4276 3255 4341 substantiae.
3279 4273 3478 4341 Deinde
3497 4277 3552 4324 in
3574 4273 3692 4338 ipso
3707 4278 3889 4341 animo

495 4337 562 4401 ab
594 4337 674 4401 his
705 4351 823 4397 qua:
855 4338 1185 4401 extrinsecus
1217 4352 1374 4401 sensa
1403 4344 1543 4395 sunt,
1565 4339 1713 4389 velut
1740 4337 2041 4388 introducta
2072 4337 2386 4389 observatur
2415 4339 2577 4388 altera
2608 4337 2926 4395 trinitas,seu
2945 4338 3046 4387 tria
3074 4338 3315 4401 quaedam
3348 4339 3509 4387 unius
3529 4337 3845 4389 substantia:
3876 4354 3889 4399 ;

491 4398 804 4463 imaginatio
836 4400 1074 4463 corporis
1104 4412 1223 4462 quae
1255 4400 1306 4447 in
1339 4402 1594 4450 memoria
1618 4403 1717 4457 est.
1750 4406 1802 4450 et
1830 4402 1953 4450 inde
1974 4402 2276 4451 informatio
2307 4415 2425 4450 cum
2458 4402 2521 4450 ad
2555 4416 2667 4450 eam
2693 4401 3020 4450 convertitur
3040 4398 3179 4449 acies
3213 4403 3510 4458 cogitantis,
3534 4407 3586 4449 et
3606 4405 3891 4463 utrumque

490 4460 829 4527 conjungens
850 4462 1080 4527 intentio
1102 4460 1423 4527 voluntatis:
1449 4478 1569 4527 quae
1590 4464 1841 4514 nimirum
1867 4464 2034 4514 altera
2052 4467 2259 4515 trinitas
2279 4464 2346 4513 ad
2369 4466 2683 4514 exteriorem
2707 4477 2922 4527 quoque
2947 4463 3214 4512 hominem
3238 4464 3504 4526 pertinere
3528 4464 3726 4513 dicitur
3746 4460 3892 4527 quod

488 4522 552 4573 de
583 4522 895 4585 corporibus
927 4524 1069 4573 illata
1099 4524 1181 4583 sit,
1213 4539 1331 4588 quae
1362 4522 1666 4576 sentiuntur
1693 4528 2040 4577 extrinsecus.

554 4665 783 4720 CAPUT
811 4665 1216 4723 PRIMUM—1
1232 4709 1245 4722 .
1272 4669 1563 4740 Vestigium
1581 4670 1867 4726 Trinitatis
1887 4673 2050 4725 etiam
2068 4672 2126 4725 in

480 4753 995 4826 exteriorehomjne.
1030 4755 1261 4811 Nemini
1293 4757 1537 4811 dubium
1569 4763 1677 4826 est,
1715 4758 2122 4815 sicutinterio-

480 4772 877 4810 exteriorenom
949 4772 995 4811 e.
1030 4772 1261 4811 utemini
1293 4772 1537 4811 ennium
1569 4772 1677 4826 eet,
1715 4772 2121 4815 sicutinterio-

479 4858 599 4897 rem
648 4772 943 4899 homingnn
969 4843 1373 4917 intelligentia,
1414 4846 1496 4901 sic
1533 4847 1899 4917 exterioriem
1948 4865 2121 4903 sensu

478 4933 736 5004 corporis
770 4926 1100 5005 praeditum.
1152 4934 1424 4989 Nitamur
1464 4935 1662 5007 igitur,
1696 4936 1742 4992 si
1786 4954 2123 5008 possumus,

474 5020 533 5075 in
584 5020 691 5075 hoc
749 5037 982 5093 quoque
1031 5024 1311 5079 exteriore
1365 5023 1642 5095 indagare
1700 5025 2124 5098 qualecumque

472 5108 785 5180 vestigium
819 5110 1147 5179 Trinitatis,
1175 5128 1286 5166 non
1312 5111 1448 5183 quia
1479 5117 1534 5167 et
1565 5113 1689 5184 ipse
1718 5115 1919 5169 eodem
1953 5117 2122 5172 modo

472 5198 548 5252 sit
579 5197 774 5270 imago
805 5198 926 5253 Dei.
964 5199 1272 5255 Manifesta
1294 5205 1383 5256 est
1413 5200 1626 5272 quippe
1657 5203 1975 5273 apostolica
1999 5221 2124 5259 sen-

472 5290 676 5357 tentia,
731 5307 881 5361 quae,
917 5290 1254 5346 interiorem
1313 5291 1610 5348 hominem
1644 5295 1906 5349 renovari
1941 5295 1999 5349 in
2022 5294 2122 5350 Dei

473 5378 813 5449 agnitione1
873 5379 1111 5452 (Coloss.
1176 5397 1271 5449 III,
1332 5381 1421 5453 40)
1480 5381 1732 5438 declarat
1801 5384 2121 5441 secundum

474 5466 790 5540 imaginem
853 5471 980 5541 ejus
1038 5470 1133 5542 qui
1194 5471 1408 5528 creavit
1470 5490 1601 5528 eum
1646 5493 1658 5529 :
1706 5493 1835 5530 eum
1892 5481 1949 5530 et
2006 5477 2119 5531 alio

473 5554 601 5610 loco
636 5556 809 5627 dicat,
842 5560 905 5613 Et
943 5560 995 5614 si
1041 5563 1280 5617 exterior
1309 5562 1467 5618 homo
1514 5568 1693 5619 noster
1730 5568 2117 5636 corrumpitur,

474 5652 655 5700 tamen
690 5647 921 5704 interior
949 5656 1243 5706 renovatur
1272 5651 1335 5706 de
1362 5651 1451 5707 die
1470 5653 1529 5707 in
1552 5653 1693 5710 diem
1714 5654 2115 5728 (llCor.1v,16).

542 5744 559 5779 ί
587 5743 832 5793 Nnnnulli
864 5746 1007 5806 Mss,
1038 5749 1091 5798 in
1124 5748 1216 5798 Dei
1244 5748 1573 5812 agnitionem.

2236 4671 2297 4725 In
2332 4670 2439 4726 hoe
2468 4687 2602 4742 ergo
2635 4671 2734 4741 qui
2776 4669 3191 4741 corrumpitur,
3225 4686 3578 4739 quaeramus,
3612 4671 3896 4740 quemad-

2237 4761 2475 4815 modum
2516 4775 2857 4831 possumus,
2889 4759 3207 4830 quamdam
3264 4758 3567 4814 Trinitatis
3606 4760 3889 4832 efﬁgiem,

2222 4854 2291 4911 ,et
2322 4849 2371 4905 si
2408 4866 2521 4905 non
2553 4848 2995 4921 exprqssiorem,
3027 4852 3223 4904 tamen
3275 4848 3542 4903 fortassis
3574 4849 3644 4903 ad
3678 4849 3885 4921 digno-

2235 4940 2516 4994 scendum
2573 4936 2911 4994 faciliorem.
2944 4937 3142 5010 Neque
3188 4937 3342 4993 enim
3402 4937 3622 4992 frustra
3670 4942 3729 4993 et
3777 4938 3889 4994 iste

2236 5027 2405 5083 homo
2436 5027 2668 5095 dicitur,
2701 5027 2815 5083 nisi
2846 5026 2988 5099 quia
3017 5027 3169 5082 inest
3208 5026 3258 5083 ei
3310 5024 3593 5081 nonnulla
3640 5025 3887 5083 interio-

2233 5116 2313 5171 ris
2379 5115 2725 5173 similitudo.
2773 5118 2842 5172 Et
2889 5116 2986 5173 illo
3047 5118 3175 5189 ipso
3252 5116 3455 5172 ordine
3530 5116 3888 5172 conditionis

2234 5210 2441 5261 nostris
2472 5222 2588 5278 quo
2620 5205 2896 5261 mortales
2936 5209 3112 5274 atque
3141 5205 3405 5261 carnales
3438 5204 3625 5261 effecti
3649 5222 3885 5273 sumus,

2231 5295 2458 5352 facilius
2490 5300 2545 5351 et
2575 5295 2741 5368 quasi
2774 5294 3123 5351 familiarius
3170 5294 3425 5350 visibilis
3468 5310 3644 5367 quam
3674 5294 3889 5350 intelli-

2230 5385 2431 5457 gibilia
2462 5388 2885 5458 pertractemus
2920 5403 2931 5441 :
2966 5401 3099 5441 cum
3139 5384 3254 5440 ista
3303 5384 3421 5441 sint
3458 5385 3736 5455 exterius,
3789 5383 3890 5441 illa

2230 5474 2503 5544 interius,
2566 5479 2623 5529 et
2674 5474 2789 5530 ista
2847 5490 3025 5530 sensu
3086 5474 3349 5547 corporis
3407 5472 3758 5541 sentiamus,
3784 5472 3888 5529 illa

2231 5568 2422 5617 mente
2498 5562 2946 5635 intelligamus;
3016 5579 3240 5635 nosque
3313 5561 3427 5635 ipsi
3505 5562 3687 5619 animi
3765 5580 3881 5619 non

2226 5651 2533 5709 sensibiles
2564 5653 2768 5721 simus,
2802 5652 2859 5707 id
2881 5657 2991 5719 est,
3023 5668 3286 5726 corpora,
3318 5652 3418 5708 sed
3453 5650 3878 5724 intelligibiles,

2230 5741 2505 5815 quoniam
2556 5742 2671 5797 vita
2714 5758 2922 5798 sumus
2956 5760 2968 5799 :
3002 5747 3220 5813 tamen,
3255 5746 3319 5797 ut
3357 5741 3496 5808 dixi,
3529 5744 3695 5798 tanta
3727 5742 3879 5801 facta
