4160 6446
247 336 369 396 985

244 474 340 526 est
367 471 429 526 in
464 469 804 542 corporibus
836 469 1217 533 consuetudo,
1266 472 1323 525 et
1352 469 1434 525 ita
1483 468 1542 524 in
1594 468 1716 523 haec
1748 467 1895 522 miro

245 561 423 615 modo
456 559 723 615 relabens
754 559 909 614 foras
940 575 1002 614 se
1032 564 1234 613 nostra
1266 559 1511 630 projecit
1538 557 1805 623 intentio,
1830 560 1895 611 ut

242 665 383 704 cum
412 650 483 704 ab
517 650 736 703 incerto
766 664 1074 719 corporum
1108 647 1302 702 ablata
1334 648 1527 714 fuerit,
1553 652 1617 701 ut
1641 647 1701 701 in
1733 645 1899 713 spiri-

246 744 374 793 tum
403 742 416 774 ¹
446 737 628 793 multo
649 738 891 793 certiore
909 754 974 791 ac
992 737 1290 792 stabiliore
1312 737 1640 808 cognitione
1663 736 1896 808 ﬁgatur,

244 828 504 899 refugiat
533 828 604 881 ad
636 826 768 896 ista,
793 830 850 881 et
882 826 961 880 ibi
994 831 1229 898 appetat
1259 825 1519 897 requiem
1552 826 1705 880 unde
1725 824 1901 879 traxit

248 916 866 985 inﬁrmitatem.Cujus
887 915 1215 984 aegritudini
1248 915 1627 987 congruendu
1641 919 1816 969 mest:
1838 918 1901 968 ut

250 1008 301 1059 si
337 1006 571 1077 quando
592 1004 863 1060 interiora
886 1004 1212 1076 spiritualia
1241 1004 1737 1059 accommodatius
1777 1003 1902 1058 dis-

248 1095 518 1166 tinguere
541 1098 715 1165 atque
737 1093 966 1148 facilius
988 1093 1287 1149 insinuare
1306 1093 1683 1163 conamur,de
1705 1108 1902 1163 corpo-

249 1183 475 1238 ralibus
509 1183 895 1238 exterioribus
932 1181 1386 1238 similitudinum
1424 1184 1773 1237 documenta
1800 1198 1899 1236 ca-

247 1274 506 1344 piamus.
531 1276 715 1327 Sensu
742 1271 925 1343 igitur
946 1272 1205 1343 corporis
1226 1270 1473 1327 exterior
1493 1272 1668 1327 homo
1692 1270 1901 1342 praedi-

244 1366 348 1416 tus
369 1361 548 1415 sentit
568 1377 811 1433 corpora
834 1364 911 1416 :et
931 1361 1041 1415 iste
1062 1362 1450 1432 sensus,quod
1476 1360 1640 1416 facile
1660 1359 1904 1415 adverti-

240 1454 364 1520 tur,
388 1449 903 1521 quinquepartitus
938 1454 1061 1516 est;
1103 1449 1372 1518 videndo,
1411 1450 1721 1515 audiendo,
1756 1448 1901 1503 olfa-

241 1537 473 1605 ciendo,
506 1538 819 1611 gustando,
845 1540 1158 1610 tangendo.
1196 1540 1305 1595 Sed
1336 1543 1390 1593 et
1423 1539 1676 1594 multum
1712 1542 1822 1605 est,
1846 1542 1904 1593 et

243 1644 365 1683 non
401 1628 819 1694 necessarium,
860 1632 925 1682 ut
956 1644 1127 1683 omne
1164 1629 1271 1683 bos
1311 1628 1565 1700 quinque
1595 1644 1805 1683 sensus
1846 1627 1901 1681 id

246 1718 404 1789 quod
448 1717 768 1787 quaerimus
816 1717 1269 1788 interrogemus.
1319 1718 1478 1781 Quod
1528 1718 1683 1772 enim
1734 1717 1904 1772 nobis

248 1823 408 1861 unus
430 1822 629 1861 eorum
658 1807 972 1871 renuntiat,
998 1808 1171 1861 etiam
1198 1808 1255 1861 in
1284 1807 1507 1863 caeteris
1526 1805 1905 1877 valet.Itaque

251 1896 633 1969 potissimum
666 1896 1003 1951 testimonio
1036 1900 1273 1950 utamur
1301 1896 1624 1952 oculorum.
1660 1896 1713 1951 Is
1749 1896 1904 1951 enim

253 2002 468 2042 sensus
491 1985 751 2057 corporis
777 1984 1025 2041 maxime
1050 1984 1299 2048 excellit,
1324 1990 1379 2040 et
1400 1991 1488 2040 est
1510 1985 1719 2041 visioni
1744 2002 1905 2041 men-

252 2074 332 2130 tis
364 2091 466 2146 pro
499 2073 590 2128 sui
623 2072 854 2145 generis
885 2073 1218 2128 diversitate
1249 2072 1511 2129 vicinior.

326 2163 559 2219 CAPUT
594 2163 660 2218 II.
694 2193 763 2204 --
791 2164 846 2217 2.
880 2164 1122 2218 Trinitas
1152 2164 1397 2234 quadam
1434 2165 1492 2217 in
1523 2164 1749 2218 visione.
1786 2164 1907 2218 Tria

253 2268 379 2326 qua
402 2255 460 2308 in
483 2254 693 2308 visione
712 2260 1074 2317 summatum
1092 2268 1199 2307 sua
1221 2251 1741 2323 diﬁerreﬂuomodo
1762 2268 1833 2307 ex
1850 2268 1907 2307 re

250 2343 464 2398 visibili
482 2344 747 2413 gignatur
767 2343 927 2411 visio,
953 2358 1048 2397 seu
1079 2343 1260 2412 imago
1290 2343 1405 2410 eius
1425 2343 1507 2397 rei
1526 2358 1643 2413 quae
1664 2342 1903 2396 videtur.

250 2431 514 2503 Exemplo
564 2431 775 2486 clarius
804 2448 891 2487 res
918 2432 1344 2486 demonstratur.
1372 2430 1651 2502 Quomodo
1683 2431 1789 2485 tria
1809 2431 1911 2485 illa

248 2524 311 2577 in
353 2537 529 2576 unum
588 2524 800 2576 coeunt.
831 2522 975 2576 Cum
1008 2520 1263 2592 igiturur
1309 2520 1541 2591 aliquod
1586 2536 1795 2591 corpus
1824 2520 1908 2574 vi-

256 2610 493 2676 demus,
526 2608 650 2664 hzec
681 2609 815 2673 tria,
839 2609 993 2680 quod
1028 2608 1370 2664 facillimum
1401 2614 1508 2673 est,
1542 2608 1912 2664 consideran-

249 2699 329 2754 da
363 2703 504 2753 sunt
533 2702 592 2753 et
621 2698 1038 2770 dignoscenda.
1074 2697 1290 2768 Primo,
1316 2697 1445 2769 ipsa
1495 2714 1587 2753 res
1618 2714 1795 2768 quam
1823 2696 1907 2751 vi-

251 2788 486 2856 demus,
521 2786 641 2842 sive
668 2786 945 2859 lapidem,
982 2786 1101 2842 sive
1133 2787 1393 2859 aliquam
1436 2787 1757 2853 ﬂammam,
1790 2774 1909 2841 sive

252 2876 395 2948 quid
430 2875 585 2930 aliud
620 2877 773 2947 quod
806 2875 981 2931 videri
1018 2874 1203 2932 oculis
1238 2880 1465 2947 potest;
1488 2876 1615 2945 jam
1646 2892 1773 2931 esse
1806 2891 1909 2947 po-

254 2970 426 3032 terat,
462 2968 517 3020 et
549 2970 863 3036 antequam
907 2965 1200 3020 videretur
1246 2981 1259 3021 :
1297 2965 1526 3033 deinde,
1572 2964 1736 3031 visio,
1780 2981 1909 3036 qua

255 3073 377 3112 non
422 3060 545 3111 erat
592 3056 934 3128 priusquam
984 3072 1105 3111 rem
1155 3054 1318 3110 illam
1376 3056 1663 3127 objectam
1710 3055 1907 3110 sensui

257 3146 611 3204 sentiremus
654 3162 667 3201 :
714 3146 905 3214 tertio,
960 3146 1114 3217 quod
1148 3147 1208 3201 in
1254 3163 1321 3201 ea
1369 3162 1428 3201 re
1478 3162 1609 3218 quae
1659 3146 1904 3215 videtur,

259 3237 545 3309 quamdiu
580 3237 807 3293 videtur
836 3254 1075 3293 sensum
1108 3238 1328 3294 detinet
1359 3238 1683 3306 oculorum,
1707 3238 1763 3293 id
1798 3242 1907 3307 est,

256 3325 441 3385 animi
476 3327 739 3382 intentio.
790 3328 851 3381 In
883 3327 975 3382 his
1006 3326 1186 3399 igitur
1215 3327 1423 3391 tribus,
1458 3344 1573 3383 non
1606 3326 1794 3383 solum
1822 3333 1911 3384 est

251 3416 565 3473 manifesta
594 3416 1025 3483 distinctio,sed
1057 3417 1231 3473 etiam
1267 3417 1519 3473 discreta
1550 3418 1907 3482 natura,Pri-

250 3523 417 3561 mum
448 3506 666 3578 quippe
706 3505 851 3561 illud
907 3523 1121 3577 corpus
1170 3506 1400 3562 visibile
1450 3505 1621 3578 longe
1670 3506 1909 3563 alterius

248 3599 475 3650 natura;
509 3600 617 3657 est,
654 3611 831 3666 quam
881 3610 1092 3650 sensus
1142 3594 1470 3661 oculorum,
1526 3611 1640 3666 quo
1674 3595 1910 3651 sibimet

248 3682 549 3739 incidente
582 3683 647 3737 ﬁt
675 3683 841 3738 visio.
884 3683 1131 3755 Ipsaque
1160 3683 1309 3738 visio
1340 3682 1479 3755 quid
1513 3682 1696 3751 aliud,
1730 3700 1907 3755 quam

258 3789 475 3829 sensus
504 3788 573 3827 ex
601 3788 669 3827 ea
699 3788 758 3827 re
788 3789 918 3843 quae
949 3772 1201 3827 sentitur
1241 3771 1588 3828 informatus
1616 3775 1857 3845 apparet
1884 3771 1912 3827 ?

252 3861 534 3927 Quamvis
553 3878 610 3917 re
626 3860 841 3916 visibili
855 3862 1116 3917 detracta
1128 3860 1290 3917 nulla
1307 3861 1515 3931 sit,nec
1533 3860 1656 3916 ulla
1671 3861 1909 3917 omnino

246 3966 380 4006 esse
436 3950 623 4021 possit
644 3948 781 4005 talis
806 3950 974 4021 visio,
1003 3949 1050 4005 si
1093 3966 1303 4022 corpus
1342 3967 1453 4005 non
1478 3951 1709 4022 sitquod
1729 3945 1909 4005 videri

246 4039 615 4111 queatznullo
632 4040 802 4094 modo
816 4044 1011 4094 tamen
1030 4040 1292 4110 ejusdem
1309 4039 1682 4095 subs-tentias
1694 4044 1780 4095 est
1793 4056 1909 4095 cor-

245 4145 361 4201 pus
378 4145 492 4199 quo
511 4128 800 4184 formatur
819 4143 1029 4184 sensus
1044 4129 1506 4196 oculorum,cnm
1520 4129 1674 4184 idem
1698 4145 1911 4200 corpus

244 4216 563 4284 videtur,et
580 4217 709 4288 ipsa
731 4220 917 4273 forma
935 4234 1060 4289 quae
1078 4218 1149 4272 ab
1167 4218 1370 4273 eodem
1392 4218 1755 4290 imprimitur
1776 4234 1910 4274 sen-

243 4306 362 4377 sui,
386 4323 513 4377 quae
544 4306 690 4361 visio
720 4312 978 4362 vocatur.
1001 4311 1222 4379 Corpus
1244 4307 1410 4362 enim
1446 4307 1634 4362 visum
1668 4308 1689 4341 ³
1720 4310 1777 4361 In
1803 4324 1912 4363 sua

242 4399 456 4450 natura
488 4395 815 4466 separabile
845 4401 937 4451 est
967 4413 980 4451 :
1016 4413 1228 4451 sensus
1262 4400 1452 4451 autem
1488 4396 1586 4468 qui
1627 4396 1755 4467 jam
1787 4401 1911 4452 erat

240 4482 303 4539 in
336 4482 661 4551 animante,
694 4484 868 4538 etiam
906 4484 1251 4555 priusquam
1282 4485 1474 4540 videre
1523 4489 1742 4556 posset,
1777 4502 1907 4540 cum

239 4572 303 4629 in
337 4573 562 4646 aliquid
596 4573 826 4629 visibile
866 4573 1211 4639 incurreret,
1242 4574 1327 4629 vel
1371 4574 1517 4631 visio
1558 4592 1685 4646 quae
1734 4576 1797 4630 fit
1850 4576 1907 4630 in

243 4661 468 4735 aliquid
499 4662 729 4719 visibile
763 4664 1106 4730 incurreret,
1141 4663 1229 4720 vel
1260 4663 1404 4719 visio
1436 4680 1563 4735 qum
1596 4680 1721 4735 quae
1756 4665 1819 4719 fit
1848 4665 1903 4719 in

245 4768 424 4809 sensu
475 4766 542 4807 ex
586 4750 799 4807 visibili
855 4769 1117 4824 corpore,
1171 4768 1304 4807 cum
1352 4753 1478 4823 jam
1529 4753 1906 4822 conjunctum

246 4845 338 4897 est
367 4845 424 4895 et
452 4841 683 4897 videtur
702 4840 729 4895 ?
757 4857 970 4896 sensus
1000 4857 1137 4912 ergo
1166 4839 1254 4895 vel
1285 4840 1459 4910 visio,
1488 4841 1546 4896 id
1578 4846 1667 4897 est
1699 4858 1907 4898 sensus

246 4930 536 4986 formatus
569 4930 930 4986 extrinsecus
962 4931 1033 4985 ad
1066 4930 1384 4985 animantis
1424 4935 1693 4987 naturam
1728 4931 1909 5005 perti-

242 5023 366 5089 net,
402 5018 643 5075 omnino
678 5018 853 5074 aliam
886 5036 1063 5091 quam
1096 5022 1183 5075 est
1218 5018 1359 5074 illud
1395 5036 1608 5092 corpus
1636 5022 1792 5091 quod
1819 5020 1905 5076 vi-

244 5108 437 5163 dendo
480 5106 791 5172 sentimus,
824 5125 938 5179 quo
979 5124 1187 5163 sensus
1238 5125 1351 5163 non
1400 5108 1481 5164 ita
1530 5110 1815 5165 formatur
1844 5114 1909 5165 ut

241 5196 392 5253 visio
422 5196 520 5251 sit.
547 5196 692 5251 Nam
728 5214 935 5252 sensus
966 5201 1025 5252 et
1054 5201 1187 5252 ante
1219 5197 1511 5267 objeotum
1543 5199 1622 5253 rei
1656 5198 1907 5255 sensibi-

239 5284 315 5340 lis
368 5285 481 5340 nisi
531 5290 687 5341 esset
734 5286 793 5341 in
839 5286 1029 5353 nobis,
1083 5304 1197 5342 non
1245 5286 1598 5343 distaremus
1648 5305 1679 5343 a
1718 5288 1904 5357 caecis,

238 5375 379 5430 dum
432 5374 577 5430 nihil
629 5374 919 5444 videmus,
951 5375 1071 5431 sive
1118 5375 1175 5430 in
1223 5375 1502 5442 tenebris,
1536 5376 1654 5432 sive
1686 5375 1906 5434 clausis

236 5463 587 5519 luminibus.
626 5464 740 5519 Hoc
774 5468 968 5519 autem
1005 5464 1320 5533 distamus,
1356 5466 1503 5535 quod
1533 5466 1702 5521 nobis
1751 5458 1907 5521 inest
1942 5484 1949 5507 ι

241 5558 298 5609 et
330 5569 442 5607 non
477 5553 959 5624 videntibus,quo
992 5552 1183 5609 videre
1215 5555 1535 5625 possimus,
1559 5555 1658 5626 qui
1691 5572 1902 5611 sensus
1936 5614 1937 5617 η

240 5646 483 5699 vocatur
536 5658 549 5697 :
601 5640 720 5697 illis
768 5658 900 5696 vero
944 5658 1059 5696 non
1110 5641 1301 5711 inest;
1352 5660 1456 5701 nec
1497 5642 1754 5713 aliunde,
1790 5644 1907 5701 nisi

310 5752 326 5785 ¹
361 5747 606 5813 Plerique
634 5747 757 5813 Mss,
788 5747 922 5797 utin
950 5747 1153 5813 spiritu.

307 5813 331 5848 ⁸
354 5810 579 5863 Coelio?»
608 5810 829 5875 aliquot,
858 5826 890 5861 a
918 5810 1045 5861 visu.

1603 332 1833 392 LIBER
1880 331 2365 393 UNDECIMUS.

3542 332 3661 392 986

2004 467 2155 537 quod
2188 482 2254 521 eo
2286 470 2508 533 carent,
2542 468 2672 522 caeci
2702 467 3089 540 appellantur.
3114 467 3377 539 Itemque
3409 464 3510 522 illa
3532 466 3657 521 ani-

2006 557 2083 611 mi
2114 555 2379 622 intentio,
2426 573 2555 627 quae
2587 557 2644 611 in
2679 573 2708 611 e
2797 575 2855 612 re
2903 574 3074 630 quam
3123 557 3389 612 videmus
3420 573 3658 611 sensum

2005 648 2187 713 tenet,
2205 650 2379 715 atque
2413 651 2727 718 utrumque
2758 648 3201 719 conjungit,non
3228 651 3454 701 tantum
3489 646 3560 699 ab
3592 661 3658 700 ea

2006 750 2067 789 re
2094 733 2308 789 visibili
2341 739 2547 789 natura
2579 735 2801 802 dill'ert;
2845 735 3318 807 quandoquidem
3368 734 3476 789 iste
3525 734 3657 789 ani-

2007 839 2160 891 mus,
2196 822 2338 877 illud
2374 840 2586 895 corpus
2617 828 2706 878 est
2756 840 2767 879 :
2822 825 2919 880 sed
2954 825 3026 879 ab
3056 824 3183 896 ipso
3215 840 3446 895 quoque
3479 840 3655 877 sensu

2007 916 2181 982 atque
2211 912 2436 967 visione
2470 930 2483 968 :
2530 913 2808 984 quoniam
2856 914 3039 969 solius
3071 913 3252 968 animi
3286 918 3373 967 est
3421 912 3540 967 haec
3570 912 3659 967 in-

2007 1001 2186 1055 tentio
2220 1016 2233 1056 :
2269 1018 2480 1056 sensus
2509 1008 2703 1057 autem
2738 1003 3036 1058 oculorum
3083 1020 3194 1058 non
3229 1004 3299 1057 ob
3332 1002 3488 1056 aliud
3523 1018 3661 1056 scn-

2008 1106 2111 1145 sus
2141 1090 2398 1162 corporis
2429 1091 2660 1155 dicitur,
2698 1092 2809 1147 nisi
2842 1093 2979 1163 quia
3027 1097 3083 1146 et
3126 1092 3235 1163 ipsi
3280 1091 3428 1145 oculi
3478 1108 3659 1145 mem~

2008 1179 2112 1233 bra
2144 1183 2283 1233 sunt
2315 1180 2572 1250 corporis
2604 1198 2617 1235 :
2652 1186 2707 1234 et
2756 1182 3024 1253 quamvis
3055 1198 3173 1236 non
3207 1180 3423 1236 sentiat
3452 1195 3663 1251 corpus
3710 1216 3713 1247 ε

2007 1267 2290 1337 exanime,
2324 1268 2520 1323 anima
2549 1274 2743 1325 tamen
2778 1270 3090 1325 commixta
3143 1269 3369 1341 corpori
3404 1285 3506 1340 per
3537 1269 3659 1323 ins-
3712 1310 3713 1333 ξ

2006 1360 2371 1413 trumentum
2406 1358 2583 1413 sentit
2619 1375 2982 1430 corporeum,
3017 1364 3073 1414 et
3102 1359 3257 1414 idem
3298 1360 3661 1414 instrumen-

2008 1450 2136 1501 tum
2156 1462 2365 1502 sensus
2381 1452 2581 1501 vocatu
2593 1446 2750 1513 r.Qui
2766 1448 2940 1502 etiam
2962 1446 3233 1518 passione
3248 1448 3508 1519 corporis
3522 1463 3654 1501 cum
3700 1458 3701 1463 ‘

2009 1534 2260 1606 quisque
2302 1540 2639 1600 excaecatur,
2671 1535 3027 1607 interceptus
3062 1536 3473 1607 exstinguitur,
3524 1552 3657 1591 cum

2010 1622 2165 1678 idem
2198 1628 2428 1679 maneat
2470 1625 2723 1689 animus,
2760 1629 2815 1680 et
2848 1626 2975 1696 ejus
3023 1625 3290 1691 intentio,
3334 1624 3662 1680 luminibus

2010 1711 2386 1783 amissis,non
2420 1713 2627 1769 habeat
2660 1714 2896 1785 quidem
2930 1730 3168 1769 sensum
3199 1714 3456 1785 corporis
3487 1731 3659 1785 quem

2009 1800 2251 1857 vivendo
2283 1802 2642 1857 extrinsecus
2674 1803 2899 1874 corpori
2922 1804 3205 1874 adjungat
3226 1807 3400 1874 atque
3422 1804 3480 1858 in
3504 1820 3568 1859 eo
3586 1804 3666 1859 vi-

2011 1906 2074 1946 so
2107 1888 2246 1962 figat
2267 1891 2730 1962 aspectum,nisu
2754 1896 2950 1948 tamen
2975 1893 3100 1964 ipso
3131 1893 3347 1947 indicet
3380 1908 3440 1947 se
3471 1893 3665 1948 adem-

2012 1984 2109 2050 pto
2142 1981 2401 2050 corporis
2429 1996 2627 2045 sensu,
2663 1996 2768 2035 nec
2795 1980 2982 2052 perire
3013 1980 3292 2051 potuisse,
3318 1998 3420 2036 nec
3452 1980 3659 2037 minui.

2011 2068 2204 2123 Manet
2234 2069 2388 2123 enim
2423 2070 2661 2141 quidam
2695 2069 2931 2124 videndi
2976 2070 3266 2141 appetitus
3298 2070 3541 2142 integer,
3576 2071 3659 2126 si-

2010 2174 2076 2213 ve
2108 2158 2163 2212 id
2201 2158 2381 2229 possit
2411 2158 2555 2225 fieri,
2606 2158 2725 2214 sive
2756 2175 2871 2214 non
2905 2159 3102 2229 possit.
3140 2159 3267 2213 Hzec
3316 2158 3495 2229 igitur
3524 2158 3664 2227 tria,

2011 2262 2223 2318 corpus
2255 2247 2404 2317 quod
2435 2247 2684 2312 videtur,
2716 2251 2772 2303 et
2815 2246 2943 2320 ipsa
2971 2246 3137 2316 visio,
3173 2251 3228 2302 et
3273 2264 3400 2319 quae
3433 2252 3663 2302 utrum-

2011 2350 2122 2407 que
2151 2335 2454 2408 conjungit
2482 2335 2747 2404 intentio,
2800 2336 3107 2391 manifesta
3138 2340 3277 2391 sunt
3308 2336 3377 2390 ad
3424 2336 3663 2408 dignos-

2011 2424 2283 2491 cendum,
2318 2441 2433 2480 non
2475 2424 2665 2481 solum
2708 2429 2944 2496 propter
2989 2424 3217 2497 propria
3274 2425 3667 2496 singulorum-

2012 2529 2213 2569 verum
2245 2513 2419 2569 etiam
2454 2520 2689 2586 propter
2727 2513 3111 2568 differentiam
3153 2518 3517 2569 naturarum.

2081 2603 2133 2657 3.
2160 2604 2340 2674 Atque
2372 2602 2430 2658 in
2464 2603 2556 2658 his
2587 2620 2722 2658 cum
2752 2619 2960 2658 sensus
2990 2620 3103 2658 non
3135 2603 3409 2675 procedat
3436 2620 3504 2659 ex
3534 2619 3661 2659 cor-

2011 2707 2149 2763 pore
2179 2689 2278 2745 illo
2310 2692 2463 2762 quod
2504 2691 2750 2762 videtur,
2801 2691 2901 2746 sed
2951 2707 3019 2747 ex
3061 2707 3299 2763 corpore
3352 2691 3660 2748 sentientis

2012 2779 2353 2845 animantis,
2377 2781 2469 2836 cui
2492 2781 2689 2836 anima
2718 2796 2823 2836 suo
2856 2781 3109 2852 quodam
3145 2780 3291 2835 miro
3323 2782 3493 2837 modo
3525 2797 3661 2836 con-

2012 2872 2372 2940 temperatur
2394 2887 2407 2924 :
2433 2876 2628 2924 tamen
2661 2885 2731 2924 ex
2760 2885 2996 2940 corpore
3027 2869 3176 2939 quod
3208 2870 3438 2925 videtur
3466 2870 3663 2941 gigni-

2011 2960 2110 3011 tur
2137 2957 2304 3028 visio,
2338 2958 2393 3012 id
2424 2963 2530 3025 est,
2566 2974 2776 3013 sensus
2804 2958 2928 3029 ipse
2958 2959 3267 3027 formatur;
3302 2963 3362 3012 ut
3388 2959 3513 3027 jam
3548 2976 3662 3013 non

2012 3050 2242 3102 tantum
2274 3064 2483 3103 sensus
2517 3048 2616 3118 qui
2648 3047 2825 3103 etiam
2857 3048 2916 3102 in
2967 3047 3226 3103 tenebris
3273 3064 3400 3103 esse
3443 3047 3667 3119 integer

2015 3139 2222 3207 potest,
2259 3136 2397 3191 dum
2443 3141 2531 3192 est
2578 3135 2954 3192 incolumitas
2994 3136 3318 3201 oculorum,
3353 3138 3449 3192 sed
3483 3137 3663 3192 etiam

2015 3241 2224 3281 sensus
2254 3224 2607 3281 informatus
2640 3226 2738 3292 sit,
2772 3242 2900 3297 quae
2930 3225 3078 3282 visio
3109 3231 3363 3281 vocatur.
3398 3226 3669 3298 Gignitur

2013 3329 2149 3385 ergo
2181 3331 2249 3369 ex
2280 3332 2340 3370 re
2369 3315 2581 3370 visibili
2610 3314 2775 3381 visio,
2810 3316 2909 3371 sed
2945 3332 3056 3371 non
3097 3333 3164 3371 ex
3194 3314 3336 3383 sola,
3368 3316 3477 3371 nisi
3510 3316 3667 3371 adsit

2013 3406 2071 3457 et
2100 3402 2323 3459 videns.
2356 3404 2637 3468 Qudcirca
2669 3421 2737 3459 ex
2766 3403 2980 3459 visibili
3022 3408 3078 3459 et
3126 3404 3354 3459 vidente
3401 3404 3668 3477 gignitur

2011 3490 2181 3559 visio,
2207 3492 2286 3547 ita
2316 3493 2442 3548 sine
2464 3498 2528 3547 ut
2559 3510 2626 3548 ex
2656 3494 2883 3549 vidente
2913 3492 2989 3547 sit
3018 3510 3225 3548 sensus
3255 3492 3581 3559 oculorum,
3608 3498 3667 3548 et

2014 3580 2354 3652 aspicientis
2385 3585 2558 3652 atque
2591 3582 2873 3637 intuentis
2903 3582 3147 3637 intentio
3182 3599 3193 3638 :
3230 3582 3330 3637 illa
3352 3586 3545 3638 tamen
3574 3585 3660 3638 in-

2016 3668 2286 3723 formatio
2319 3684 2549 3738 sensus,
2584 3685 2711 3741 quas
2740 3668 2884 3724 visio
2934 3668 3169 3738 dicitur,
3222 3686 3255 3724 a
3299 3668 3420 3723 solo
3464 3669 3669 3742 impri-

2016 3762 2209 3812 matur
2237 3773 2472 3829 corpore
2504 3760 2657 3829 quod
2688 3758 2935 3825 videtur,
2966 3757 3024 3813 id
3057 3763 3162 3825 est,
3198 3774 3231 3813 a
3264 3774 3322 3813 re
3356 3757 3553 3829 aliqua
3582 3761 3663 3813 vi-

2016 3846 2171 3902 sibili
2208 3863 2220 3903 :
2254 3863 2371 3919 qua
2402 3848 2678 3916 detracta,
2712 3846 2875 3903 nulla
2904 3852 3166 3903 remanet
3200 3848 3389 3903 forma
3420 3865 3548 3920 quae
3580 3848 3668 3903 in-

2015 3940 2139 3991 erat
2168 3936 2537 4005 sensui,dum
2561 3938 2790 3992 adesset
2822 3936 2964 3991 illud
2998 3937 3147 4008 quod
3174 3937 3516 3992 videbatur:
3544 3954 3643 3991 son
3663 3972 3676 3987 .

2015 4042 2119 4080 sus
2144 4013 2495 4097 tamen'ipse
2528 4030 2789 4081 remanet
2822 4026 2921 4097 qui
2952 4029 3074 4080 erat
3107 4031 3161 4080 et
3194 4026 3537 4098 priusquam
3573 4028 3673 4081 ali-

2016 4114 2153 4185 quid
2186 4115 2536 4183 sentiretur;
2572 4115 2728 4171 velut
2774 4115 2831 4169 in
2885 4131 3037 4186 aqua
3080 4116 3389 4186 vestigium
3441 4117 3667 4172 tamdiu

2017 4209 2126 4269 est,
2155 4205 2337 4260 donec
2385 4205 2579 4276 ipsum
2614 4222 2825 4276 corpus
2875 4204 3029 4275 quod
3080 4204 3443 4276 imprimitur
3472 4205 3625 4260 inest
3654 4231 3669 4273 ;

2016 4309 2131 4365 quo
2162 4293 2353 4349 ablato
2386 4293 2613 4348 nullum
2664 4293 2773 4348 erit
2820 4310 2953 4348 cum
2997 4298 3296 4348 remaneat
3335 4309 3505 4364 aqua,
3542 4311 3667 4365 quis

2015 4386 2141 4461 erat
2171 4387 2226 4437 et
2257 4387 2572 4454 antequam
2605 4381 2767 4437 illam
2818 4383 3062 4437 formam
3112 4382 3370 4453 corporis
3421 4387 3670 4454 caperet,

2015 4470 2266 4542 Ideoque
2298 4488 2409 4526 non
2445 4488 2760 4543 possumus
2805 4470 3042 4543 quidem
3083 4470 3273 4526 dicere
3306 4488 3545 4527 sensum
3581 4472 3674 4545 εἰσ

2015 4565 2154 4632 gnat
2184 4577 2274 4615 res
2318 4560 2567 4616 visibilis
2603 4577 2615 4615 :
2650 4559 2834 4631 gignit
2886 4564 3081 4614 tamen
3116 4560 3359 4615 formam
3401 4560 3558 4615 velut
3589 4562 3670 4615 si-

2016 4647 2343 4703 militudem
2379 4665 2569 4718 suam,
2595 4666 2718 4719 qua:
2753 4650 2817 4703 fit
2850 4649 2905 4703 in
2941 4666 3139 4713 sensu,
3168 4665 3301 4703 cum
3338 4648 3556 4719 aliquid
3588 4650 3667 4705 vi-

2013 4738 2202 4793 dendo
2235 4738 2540 4792 sentimus.
2576 4738 2682 4792 Sed
2720 4738 2965 4792 formam
3015 4737 3273 4808 corporis
3308 4738 3459 4808 quod
3504 4738 3666 4793 vide-

2014 4842 2169 4897 mus,
2202 4833 2259 4881 et
2292 4828 2535 4881 formam
2571 4844 2696 4897 quae
2730 4828 2801 4881 ab
2836 4826 2933 4881 illa
2974 4826 3032 4880 in
3074 4843 3251 4881 sensu
3298 4826 3547 4881 videntis
3580 4827 3665 4894 iit,

2012 4931 2115 4988 per
2144 4915 2413 4970 eumdem
2466 4932 2704 4970 sensum
2764 4932 2875 4970 non
2927 4916 3349 4976 discernimus:
3385 4916 3665 4985 quoniam

2016 5007 2175 5059 tanta
2205 5004 2538 5075 conjunctio
2569 5010 2676 5070 est,
2715 5010 2778 5059 ut
2809 5020 2922 5058 non
2960 5007 3153 5075 pateat
3185 5004 3551 5059 discernendi
3586 5003 3669 5059 lo-

2011 5107 2135 5147 cus.
2184 5092 2291 5147 Sed
2340 5092 2563 5147 ratione
2611 5092 2943 5164 colligimus
2994 5108 3361 5162 nequaquam
3410 5108 3514 5147 nos
3567 5109 3666 5164 po-

2011 5180 2193 5236 tuisse
2223 5181 2459 5248 sentire,
2494 5182 2605 5236 nisi
2642 5183 2802 5236 tieret
2833 5181 2887 5234 in
2922 5196 3094 5235 sensu
3132 5186 3328 5234 nostro
3360 5180 3557 5251 aliqua
3589 5182 3669 5237 si-

2013 5268 2279 5325 militudo
2312 5270 2603 5341 conspecti
2653 5268 2932 5339 corporis.
2969 5267 3165 5339 Neque
3205 5268 3357 5322 enim
3393 5285 3524 5323 cum
3558 5286 3668 5325 an-

2011 5358 2187 5414 nulus
2218 5375 2357 5413 ceree
2388 5358 2767 5430 imprimitur,
2792 5356 2920 5412 ideo
2954 5355 3112 5411 nulla
3145 5357 3335 5428 imago
3368 5358 3517 5412 facta
3549 5364 3659 5427 est,

2011 5448 2148 5520 quia
2179 5465 2291 5503 non
2326 5447 2695 5511 discernitur,
2727 5445 2838 5500 nisi
2873 5461 3003 5499 cum
3041 5446 3212 5500 fuerit
3241 5451 3529 5518 separata.
3553 5448 3665 5505 Sed

1952 5542 1953 5555 ‘
2009 5535 2282 5608 quoniam
2319 5541 2447 5607 post
2476 5552 2668 5591 ceram
2722 5539 3051 5605 separatam
3108 5540 3305 5591 manet
3356 5537 3508 5606 quod
3548 5538 3664 5593 fac-

2009 5631 2134 5682 tum
2168 5632 2254 5681 est
2286 5631 2347 5680 ut
2372 5625 2552 5679 videri
2585 5624 2789 5697 possit,
2826 5628 3128 5695 propterea
3160 5624 3325 5680 facile
3356 5628 3671 5696 persuade-

2009 5715 2287 5789 tur,quod
2320 5714 2507 5770 inerat
2528 5713 2655 5780 jam
2690 5729 2831 5769 cerae
2857 5713 3047 5769 forma
3077 5713 3370 5785 impressa
3389 5731 3457 5772 ex
3477 5731 3668 5774 annu-

2010 5805 2066 5862 lo
2097 5808 2154 5861 et
2182 5807 2495 5877 antequam
2529 5803 2601 5863 ab
2641 5802 2743 5860 illa
2771 5805 3095 5875 separatur.
3128 5802 3185 5857 Si
3218 5807 3413 5861 autem
3443 5802 3679 5896 liquido.
