4160 6476
171 439 285 501 997

174 572 245 628 ad
279 587 493 644 corpus
525 570 677 627 acies
709 570 1031 627 oculorum.
1089 571 1395 643 Propterea
1439 573 1586 629 duas
1616 574 1672 627 in
1718 573 1824 627 hoc

174 677 381 733 genere
412 661 703 716 trinitates
723 661 879 716 volui
903 662 1339 717 commendare:
1368 678 1565 729 unam,
1591 678 1723 716 cum
1747 661 1827 715 vi-

178 751 266 806 sio
284 748 589 805 sentientis
612 749 899 803 formatur
919 765 987 803 ex
1008 766 1246 820 corpore
1270 767 1283 816 ;
1307 750 1505 821 aliam,
1532 766 1664 804 eum
1688 749 1831 804 visio

182 838 498 911 cogitantis
533 839 816 893 formatur
844 854 912 891 ex
943 838 1244 892 memoria.
1285 838 1532 893 Mediam
1565 854 1698 893 vero
1732 854 1831 892 no-

181 927 293 996 lui,
324 927 462 999 quia
510 926 591 981 ibi
643 943 758 981 non
792 926 939 982 solet
983 926 1127 982 visio
1178 927 1311 993 dici,
1363 944 1496 982 cum
1543 926 1835 982 memoriae

185 1016 633 1073 commendatur
664 1016 869 1083 forma,
903 1031 1030 1087 quae
1080 1016 1145 1069 tit
1194 1017 1252 1070 in
1301 1033 1476 1071 sensu
1525 1017 1835 1071 cernentis.

184 1104 411 1176 Ubique
443 1108 641 1159 tamen
677 1103 948 1159 voluntas
980 1120 1092 1159 non
1142 1109 1402 1176 apparet,
1456 1104 1569 1159 nisi
1601 1103 1839 1174 copula-

185 1194 300 1248 trix
324 1192 496 1265 quasi
529 1193 792 1263 parentis
823 1196 877 1247 et
909 1191 1107 1262 prolis.
1155 1193 1224 1247 Et
1268 1193 1397 1247 ideo
1428 1194 1840 1263 undecumque

186 1284 488 1355 procedat,
521 1296 627 1336 nec
658 1297 873 1351 parens
905 1297 1010 1336 nec
1049 1280 1242 1351 proles
1271 1281 1385 1337 dici
1417 1285 1626 1352 potest.

258 1370 490 1427 CAPUT
517 1373 586 1425 X.
607 1400 677 1411 -—
700 1371 786 1425 17.
812 1372 994 1424 Etiam
1012 1386 1120 1425 non
1149 1372 1283 1425 visis
1318 1369 1473 1425 addit
1514 1371 1842 1440 imaginatio

188 1476 316 1533 qua
340 1463 402 1516 in
419 1460 547 1515 aliis
562 1460 819 1515 vidimus.
843 1462 913 1514 At
934 1459 1090 1514 enim
1114 1458 1163 1514 si
1189 1475 1303 1513 non
1325 1460 1706 1514 meminimus
1730 1458 1843 1514 nisi

189 1550 351 1621 quod
381 1549 699 1615 sensimus,
724 1564 911 1619 neque
934 1548 1258 1620 cogitamus
1274 1548 1385 1603 nisi
1405 1549 1559 1619 quod
1582 1548 1845 1602 memini-

195 1656 331 1694 mus
358 1656 371 1693 :
405 1655 509 1693 cur
538 1638 882 1709 plerumque
914 1637 1060 1693 falsa
1084 1637 1430 1709 cogitamus,
1464 1654 1596 1692 cum
1628 1654 1695 1692 ea
1716 1653 1844 1708 quis

194 1728 493 1784 sensimus
526 1743 638 1782 non
672 1727 876 1798 utique
900 1726 1045 1781 falso
1068 1725 1546 1781 meminerimus:
1573 1726 1684 1780 nisi
1708 1726 1848 1796 quia

193 1816 470 1873 voluntas
501 1815 602 1871 illa
635 1832 809 1886 quam
843 1814 1298 1886 conjunctricem
1338 1831 1405 1870 ac
1434 1815 1845 1886 separatricem

193 1906 600 1978 hujuscemodi
614 1922 806 1961 rerum
813 1906 940 1977 jam
959 1911 1245 1977 quantum
1267 1906 1429 1976 potui
1447 1907 1847 1961 demonstrare

193 1999 420 2061 curavi,
442 1998 811 2053 formandam
829 1997 1140 2069 cogitantis
1158 1997 1341 2052 aciem
1374 2012 1477 2068 per
1504 1996 1849 2051 abscondita

195 2087 491 2145 memoriae
506 2088 669 2142 ducit
683 2092 745 2142 ut
767 2087 997 2141 libitum
1015 2092 1120 2153 est,
1139 2087 1277 2141 atad
1302 2086 1611 2159 cogitanda
1631 2103 1698 2142 ea
1720 2103 1847 2157 qua:

196 2197 316 2236 non
342 2178 740 2244 meminimus,
761 2194 827 2232 ex
846 2179 928 2233 eis
945 2194 1068 2248 quzs
1089 2177 1489 2243 meminimus,
1510 2176 1668 2232 aliud
1688 2177 1845 2244 hinc,

196 2271 358 2326 aliud
379 2270 533 2336 inde,
554 2274 620 2324 ut
636 2273 835 2325 sumat
849 2267 1126 2339 impellit;
1148 2284 1272 2339 qua:
1289 2268 1346 2322 in
1364 2284 1547 2323 unum
1562 2268 1847 2323 visionem

197 2358 470 2414 coeuntia
491 2359 712 2413 faciunt
735 2356 953 2428 aliquid
991 2357 1144 2428 quod
1182 2357 1310 2413 ideo
1355 2357 1567 2412 falsum
1599 2358 1846 2427 dicatur,

199 2448 339 2519 quia
363 2447 451 2502 vel
479 2463 591 2502 non
618 2451 706 2501 est
727 2446 866 2501 foris
889 2446 948 2500 in
977 2462 1171 2501 rerum
1188 2462 1595 2518 corporearum
1616 2450 1847 2513 natura,

198 2537 287 2592 vel
322 2554 436 2593 non
471 2538 541 2592 de
572 2536 851 2592 memoria
889 2536 1116 2591 videtur
1161 2552 1520 2608 expressum,
1573 2552 1704 2591 cum
1736 2535 1851 2591 tale

204 2624 356 2680 nihil
388 2642 493 2681 nos
526 2624 779 2681 sensisse
810 2624 1183 2680 meminimus
1204 2625 1231 2679 ?
1257 2624 1396 2688 Quis
1417 2625 1571 2680 enim
1590 2624 1735 2679 vidit
1756 2640 1851 2696 cy-

203 2731 379 2770 cnum
397 2715 631 2786 nigrum
650 2714 677 2769 ?
694 2718 752 2768 et
772 2718 1073 2785 propterea
1092 2730 1261 2769 nemo
1285 2714 1578 2769 meminit:
1600 2713 1853 2785 cogitare

204 2812 403 2860 tamen
430 2803 561 2876 quis
590 2820 701 2859 non
729 2807 920 2875 potest
940 2803 967 2857 ?
992 2790 1173 2857 Facile
1195 2808 1283 2858 est
1320 2803 1475 2857 enim
1515 2802 1672 2858 illam
1706 2803 1852 2875 figu-

202 2910 354 2963 ram,
391 2908 567 2965 quam
598 2892 843 2947 videndo
876 2892 1273 2963 cognovimus,
1308 2892 1473 2963 nigro
1504 2891 1693 2948 colore
1726 2908 1852 2962 per-

204 2983 465 3050 fundere,
499 2998 673 3053 quem
708 2981 1091 3036 nihilominus
1115 2981 1171 3035 in
1194 2980 1322 3036 aliis
1345 2982 1687 3052 corporibus
1708 2980 1852 3035 vidi-

206 3075 426 3128 muszet
444 3071 582 3141 quia
602 3074 917 3140 utrumque
934 3070 1247 3135 sensimus,
1266 3075 1578 3141 utrumque
1593 3069 1855 3125 memini-

208 3178 364 3217 mus.
384 3160 498 3216 Nec
518 3176 679 3215 avem
704 3159 1141 3231 quadrupedem
1157 3159 1418 3227 memini,
1434 3157 1570 3230 quia
1583 3175 1695 3213 non
1709 3158 1850 3214 vidi:

208 3252 311 3306 sed
338 3248 707 3321 phantasiam
730 3247 906 3303 talem
938 3246 1212 3303 facillime
1231 3247 1480 3315 intueor,
1514 3248 1655 3303 dum
1681 3246 1852 3303 alicui

208 3342 412 3397 formae
433 3336 649 3393 volatili
673 3336 903 3409 qualem
922 3336 1060 3399 vidi,
1081 3336 1336 3409 adjungo
1353 3336 1497 3392 alios
1514 3338 1662 3393 duos
1681 3337 1855 3410 pedes

214 3428 417 3501 quales
450 3427 648 3483 itidem
682 3426 797 3480 vidi
837 3426 1093 3496 (Retract.
1146 3426 1243 3481 lib.
1291 3428 1347 3490 2,
1397 3442 1516 3497 cap.
1570 3426 1656 3492 15,
1687 3443 1745 3479 η.
1777 3424 1856 3496 2).

217 3520 603 3588 Quapropter,
624 3515 762 3570 dum
784 3515 1591 3586 conjunctacogitamus,quae
1606 3513 1863 3586 singilla-

216 3607 323 3662 tim
354 3621 525 3661 sensa
551 3603 953 3671 meminimus,
976 3602 1243 3659 videmur
1263 3620 1377 3658 non
1403 3603 1459 3658 id
1484 3603 1637 3675 quod
1663 3601 1865 3657 memi-

220 3694 419 3750 nimus
434 3694 711 3763 cogitare;
732 3709 865 3748 cum
879 3691 935 3747 id
952 3708 1195 3764 agamus
1212 3692 1547 3747 moderante
1560 3691 1863 3755 memoria,

219 3785 375 3841 unde
398 3782 692 3838 sumimus
715 3781 911 3837 omnia
937 3798 1063 3853 quae
1088 3780 1490 3852 multipliciter
1504 3797 1570 3836 ac
1585 3781 1741 3836 varie
1762 3795 1865 3852 pro

218 3879 421 3929 nostra
440 3871 739 3927 voluntate
760 3870 1189 3943 componimus.
1209 3870 1350 3928 Nam
1369 3870 1731 3941 nequeipsas
1748 3886 1871 3924 ma-

219 3962 560 4036 gnitudines
584 3977 916 4032 corporum,
944 3976 1091 4031 quas
1114 3976 1418 4030 nunquam
1443 3958 1718 4025 vidimus,
1744 3958 1871 4014 sine

219 4068 330 4124 ope
354 4048 642 4106 memoriae
665 4048 1012 4119 cogitamus.
1034 4048 1323 4112 Quantum
1349 4047 1502 4103 enim
1528 4047 1697 4120 spatii
1724 4046 1873 4103 solet

219 4157 360 4198 occu
372 4156 505 4211 pare
520 4156 622 4211 per
637 4137 1096 4208 magnitudinem
1114 4138 1316 4192 mundi
1333 4143 1527 4193 noster
1538 4138 1796 4205 obtutus,
1809 4136 1869 4190 in

219 4234 452 4285 tantum
480 4225 851 4283 extendimus
878 4226 1166 4298 quaslibet
1187 4243 1495 4299 corporum
1519 4227 1870 4292 moles,cum

221 4334 325 4375 eas
357 4317 646 4373 maximas
677 4316 1020 4385 cogitamus.
1053 4315 1123 4370 Et
1154 4314 1301 4370 ratio
1335 4315 1570 4386 quidem
1602 4314 1791 4386 pergit
1813 4314 1872 4368 in

222 4406 532 4479 ampliora,
568 4405 669 4462 sed
702 4404 1013 4477 phantasia
1044 4420 1157 4459 non
1183 4404 1465 4474 sequitur.
1495 4403 1715 4475 Quippe
1740 4419 1873 4458 cum

1470 438 1701 503 LIBElt
1748 436 2287 504 DUODECIMUS.

3468 450 3586 511 998

1935 572 2280 630 inﬁnitatem
2315 590 2547 649 quoque
2587 577 2814 631 numeri
2865 578 3009 633 ratio
3059 581 3370 645 renuntiet,
3404 598 3581 653 quam

1937 660 2098 716 nulla
2119 661 2261 717 visio
2283 665 2604 735 corporalia
2620 666 2928 735 cogitantis
2946 669 3345 737 apprehendit.
3368 672 3581 727 Eadem

1945 750 2090 806 ratio
2108 752 2275 807 docet
2296 752 2687 808 minutissima
2706 756 2881 810 etiam
2902 758 3247 828 corpuscula
3268 760 3588 816 inﬁnitodi-

1944 839 2091 908 vidi;
2119 856 2251 894 cum
2276 846 2470 896 tamen
2496 843 2563 896 ad
2589 859 2685 897 eas
2710 844 3020 900 tenuitates
3038 846 3122 901 vel
3160 848 3439 904 minutias
3462 867 3589 920 per-

1947 932 2183 983 ventum
2212 929 2402 999 fuerit,
2427 947 2573 1001 quas
2594 930 2750 986 visas
2773 933 3171 1003 meminimus,
3196 936 3461 993 exiliores
3481 940 3589 994 mi-

1949 1016 2325 1088 nutioresque
2349 1018 2687 1089 phantasias
2714 1021 2831 1090 jam
2867 1039 2979 1076 non
3014 1040 3327 1093 possumus
3350 1028 3589 1096 intueri,

1950 1105 2216 1176 quamvis
2246 1106 2390 1161 ratio
2422 1124 2534 1162 non
2568 1108 2792 1164 desinat
2823 1113 3083 1182 persequi
3114 1130 3178 1168 ac
3207 1114 3479 1171 dividere.
3506 1116 3592 1173 Ita

1950 1193 2113 1249 nulla
2145 1194 2483 1266 corporalia,
2516 1197 2620 1251 etsi
2655 1203 2755 1252 aut
2784 1216 2849 1253 ea
2881 1217 3009 1272 quae
3058 1203 3458 1275 meminimus,
3491 1210 3593 1262 aut

1952 1298 2020 1337 ex
2050 1282 2122 1337 iis
2154 1299 2283 1353 quae
2316 1283 2714 1351 meminimus,
2749 1287 3094 1359 cogitamus.

2025 1370 2258 1427 CAPUT
2290 1371 2381 1427 XI.
2416 1404 2483 1414 —
2513 1375 2565 1429 8.
2602 1376 2889 1445 Numerus,
2918 1380 3153 1449 pondus,
3178 1398 3454 1440 mensura.
3480 1386 3592 1442 Sed

1954 1459 2093 1523 quia
2111 1476 2419 1516 numerose
2437 1463 2672 1535 cogitari
2690 1470 3079 1537 possuntque:
3099 1468 3441 1542 singillatim
3458 1479 3599 1530 sunt

1955 1549 2242 1620 impressa
2266 1551 2576 1617 memoriae,
2597 1552 2830 1608 videtur
2847 1555 2914 1609 ad
2937 1558 3275 1613 memoriam
3297 1577 3597 1633 mensura,

1956 1638 2026 1692 ad
2050 1637 2331 1692 visionem
2354 1655 2485 1693 vero
2504 1657 2785 1696 numerus
2802 1644 3107 1714 pertinere.
3124 1648 3406 1713 Quialicel
3425 1650 3522 1706 inn
3534 1670 3598 1706 u-

1956 1726 2254 1782 merabilis
2277 1727 2351 1782 sit
2373 1727 2775 1799 multiplicitas
2792 1731 2997 1789 talium
3021 1734 3328 1807 visionum,
3349 1740 3598 1812 singulis

1957 1818 2151 1869 tamen
2170 1815 2227 1869 in
2251 1816 2530 1872 memoria
2549 1820 2920 1892 praescriptus
2938 1828 3025 1878 est
3042 1824 3598 1899 intransgressibilis

1959 1904 2190 1959 modus.
2213 1905 2483 1960 Mensura
2500 1906 2678 1977 igitur
2693 1908 2749 1963 in
2772 1912 3071 1975 memoria,
3087 1914 3143 1968 in
3158 1914 3484 1971 visionibus
3500 1935 3602 1973 nu-

1960 2008 2155 2047 merus
2178 1999 2422 2065 apparet
2448 2012 2460 2048 :
2487 1996 2640 2049 sicut
2662 1996 2719 2051 in
2744 1997 2888 2069 ipsis
2911 2002 3251 2072 corporibus
3271 2005 3601 2063 visibilibus

1960 2097 2237 2136 mensura
2254 2084 2519 2153 quaedam
2544 2089 2655 2152 est,
2678 2086 2769 2140 cui
2794 2089 3275 2147 numerosissime
3298 2100 3606 2167 coaptatur

1960 2186 2170 2225 sensus
2190 2169 2511 2226 videntium
2529 2176 2568 2238 ¹,
2595 2178 2650 2227 et
2667 2190 2734 2229 ex
2760 2191 2875 2231 uno
2893 2178 3110 2234 visibili
3138 2181 3605 2257 multorumicer-

1961 2260 2223 2313 nentium
2249 2259 2535 2315 formatur
2566 2267 2838 2333 aspectus
2865 2282 2877 2321 :
2910 2265 2992 2321 ita
3014 2273 3078 2323 ut
3098 2270 3270 2325 etiam
3298 2290 3451 2328 unus
3476 2292 3606 2345 pro-

1962 2353 2089 2420 pter
2116 2348 2365 2403 duorum
2393 2350 2691 2406 oculorum
2718 2370 3027 2410 numerum
3052 2356 3398 2432 plerumque
3427 2380 3605 2420 unam

1961 2453 2080 2492 rem
2107 2436 2401 2508 geminata
2423 2439 2611 2510 specie
2634 2440 2843 2507 videat,
2876 2443 3029 2499 sicut
3058 2463 3237 2519 supra
3267 2450 3598 2510 docuimus.

1961 2526 2024 2580 In
2041 2526 2130 2580 his
2142 2540 2277 2597 ergo
2290 2526 2630 2585 rebusunde
2641 2528 2893 2587 visiones
2906 2536 3606 2611 exprimuntur,quazdam

1962 2629 2241 2669 mensura
2270 2618 2358 2669 est
2387 2615 2483 2670 :in
2516 2616 2661 2689 ipsis
2692 2624 2888 2675 autem
2918 2622 3265 2693 visionibus,
3298 2645 3600 2689 numerus.

1961 2702 2243 2793 Voluntas
2263 2720 2396 2760 vero
2420 2721 2547 2777 quae.
2568 2706 2678 2762 ista
2702 2709 3007 2782 conjungit
3028 2717 3082 2767 et
3102 2714 3354 2785 ordinat,
3380 2724 3438 2775 et
3468 2737 3607 2793 qua-

1963 2791 2097 2883 dam
2114 2793 2338 2883 unitate
2351 2793 2602 2883 copulat,
2622 2813 2726 2851 nec
2745 2798 3030 2855 sentiendi
3064 2806 3166 2858 aut
3189 2791 3609 2883 cogitandiap-

1962 2879 2206 2953 petitum
2232 2881 2345 2938 nisi
2366 2882 2425 2937 in
2460 2882 2551 2939 his
2582 2886 2755 2940 rebus
2788 2889 2941 2943 unde
2973 2889 3222 2947 visiones
3256 2879 3605 2967 formantur,

1964 2969 2341 3041 acquiescens
2357 2971 2620 3037 collocat,
2641 2975 2881 3044 ponderi
2903 2977 3229 3036 similisest.
3247 2982 3607 3059 Quapropter

1964 3059 2087 3115 hmo
2109 3059 2241 3124 tria,
2266 3076 2624 3128 mensuram,
2651 3080 2981 3134 numerum,
3000 3070 3227 3138 pondus
3241 3072 3488 3130 etiamin
3505 3092 3606 3132 crs-

1964 3152 2104 3204 teris
2128 3150 2402 3204 omnibus
2424 3150 2599 3205 rebus
2619 3152 3133 3213 animadvertenda
3155 3160 3599 3231 praelibaverim.

1966 3238 2133 3295 Nunc
2161 3237 2392 3294 interim
2423 3238 2779 3296 voluntatem
2812 3244 3221 3315 copulatricem
3248 3250 3328 3305 rei
3357 3251 3607 3308 visibilis

1969 3333 2144 3400 atque
2173 3328 2414 3383 visionis
2448 3329 2614 3399 quasi
2637 3331 2894 3401 parentis
2916 3337 2973 3388 et
3011 3336 3211 3407 prolis,
3236 3338 3355 3395 sive
3381 3340 3438 3395 in
3470 3358 3604 3395 sen-

1970 3418 2188 3484 tiendo,
2213 3415 2332 3471 sive
2353 3417 2411 3471 in
2433 3418 2759 3489 cogitando,
2784 3435 2889 3476 nec
2918 3429 3213 3493 parentem
3249 3444 3354 3485 nec
3382 3429 3607 3501 prolem

1972 3507 2083 3563 dici
2112 3522 2300 3579 posse,
2326 3507 2613 3577 quomodo
2646 3507 2795 3562 valui
2818 3514 2873 3564 et
2893 3511 3107 3582 quibus
3149 3514 3301 3570 valui
3333 3517 3609 3575 demons—

1972 3595 2138 3652 travi.
2163 3594 2323 3650 Unde
2343 3599 2575 3665 tempus
2597 3595 2892 3663 admonet,
2916 3598 3063 3653 hanc
3086 3603 3350 3661 eamdem
3381 3607 3611 3663 trinita-

1979 3691 2091 3742 tem
2117 3686 2173 3739 in
2198 3683 2469 3739 interiore
2488 3683 2725 3739 homine
2748 3686 3061 3757 requirere,
3105 3700 3275 3762 atque
3297 3695 3368 3748 ab
3404 3695 3515 3751 isto
3547 3697 3617 3751 de

1978 3793 2092 3848 quo
2132 3773 2356 3829 tamdiu
2408 3772 2638 3828 locutus
2686 3790 2819 3829 sum
2869 3777 3104 3833 animali
3157 3786 3329 3852 atque
3376 3783 3618 3853 carnali,

1981 3864 2081 3937 qui
2110 3863 2360 3919 exterior
2382 3861 2615 3931 dicitur,
2648 3862 2936 3920 introrsus
2983 3868 3237 3925 tendere.
3281 3870 3389 3927 Ubi
3420 3890 3619 3945 spera-

1982 3971 2115 4010 mus
2146 3952 2405 4007 invenire
2436 3967 2542 4007 nos
2573 3967 2742 4023 posse
2768 3955 3089 4010 secundum
3123 3958 3443 4017 trinitatem
3475 3962 3622 4019 ima-

1982 4044 2176 4116 ginem
2219 4040 2340 4109 Dei,
2395 4044 2640 4095 conatus
2688 4046 2919 4098 nostros
2967 4042 3066 4099 illo
3115 4046 3240 4118 ipso
3292 4050 3620 4119 adiuvante,

1985 4149 2157 4202 quem
2189 4128 2405 4196 omnia,
2439 4128 2592 4183 sicut
2638 4144 2728 4183 res
2778 4130 2915 4200 ipsae
2975 4131 3257 4203 indicant,
3309 4137 3391 4191 ita
3446 4138 3622 4194 etiam

1986 4223 2187 4277 sancta
2221 4218 2517 4288 Scriptura
2548 4219 2605 4271 in
2644 4234 2917 4274 mensura
2947 4225 3003 4276 et
3032 4239 3275 4280 numero
3297 4230 3353 4280 et
3374 4228 3628 4297 pondere

1985 4307 2347 4381 disposuisse
2378 4310 2623 4359 testatur
2652 4306 2799 4377 (Sep.
2834 4325 2910 4373 XI,
2942 4310 3054 4378 2i).

2052 4410 2068 4443 ί
2104 4406 2343 4468 Plerique
2371 4405 2514 4462 Mss.,
2548 4417 2721 4452 sensus
2750 4405 2973 4455 videndi.

227 4528 3631 4555 MM

1296 4645 1669 4737 LIBER
1729 4637 2578 4736 DUODECIMUS.

300 4811 356 4859 lu
391 4823 497 4873 quo
529 4806 806 4873 praemissa
835 4803 1528 4873 distinctionesapientiag_a
1556 4803 1885 4873 scientia,__in
1910 4814 1977 4873 ea
2004 4813 2124 4873 qua;
2157 4798 2372 4871 proprie
2395 4797 2623 4873 scientia
2651 4803 3011 4873 nuncupatur,
3062 4816 3252 4873 quaeve
3284 4805 3507 4873 inferior
3535 4810 3639 4865 est,

456 4871 665 4921 usedam
695 4870 775 4918 sui

230 4873 387 4937 prius

492 4934 539 4983 ei
564 4933 647 4983 vel
676 4928 994 4996 appellanda
1022 4931 1105 4979 vel
1135 4928 1392 4992 putanda.

232 4939 416 4998 imago

312 5108 544 5165 CAPUT
567 5108 737 5164 PRIM
748 5108 787 5163 U
799 5108 871 5163 M.
888 5139 955 5148 —
976 5114 989 5162 I
1006 5150 1018 5161 .
1038 5107 1200 5161 Homo
1212 5107 1451 5161 exterior
1461 5114 1510 5161 et
1520 5107 1750 5161 interior
1761 5123 1889 5177 qua-

241 5199 333 5253 lis.
354 5201 472 5270 Age
492 5214 667 5268 nunc,
687 5198 987 5252 videamus
1006 5194 1105 5250 ubi
1121 5193 1375 5265 sitquasi
1392 5194 1685 5265 quoddam
1701 5193 1887 5250 homi-

242 5287 338 5342 nis
378 5286 678 5342 exterioris
715 5286 1129 5356 interiorisque
1191 5283 1532 5337 confinium.
1593 5284 1888 5355 Quidquid

241 5376 401 5432 enim
437 5375 720 5431 habemus
766 5377 825 5430 in
879 5374 1074 5430 animo
1125 5387 1434 5428 commune
1484 5388 1616 5426 cum
1666 5388 1890 5443 pecore,

244 5469 402 5520 recte
434 5464 625 5520 adhuc
654 5464 870 5519 dicitur
912 5462 981 5518 ad
1015 5460 1356 5517 exteriorem
1390 5460 1685 5515 hominem
1720 5461 1893 5532 perti-

248 5569 407 5609 nere.
440 5553 566 5608 Non
593 5552 747 5608 enim
780 5551 969 5609 solum
1002 5566 1213 5622 corpus
1245 5549 1417 5604 homo
1448 5549 1694 5604 exterior
1722 5551 1896 5622 depu-

248 5642 493 5712 tabitur,
526 5642 628 5697 sed
658 5643 936 5713 adjuncta
965 5639 1219 5712 quadam
1266 5638 1386 5693 vita
1434 5655 1559 5705 sua,
1594 5654 1709 5710 qua
1738 5656 1896 5695 com-

256 5747 436 5805 pages
468 5730 725 5804 corporis
754 5735 811 5788 et
841 5745 1046 5785 omnes
1075 5744 1283 5784 sensus
1302 5727 1519 5801 vigent,
1543 5727 1758 5799 quibus
1778 5727 1898 5786 ins-

256 5826 491 5883 tructus
520 5825 609 5879 est
640 5821 711 5879 ad
743 5819 1029 5880 exteriora
1058 5816 1400 5876 sentienda:
1434 5833 1680 5892 quorum
1708 5834 1901 5878 senso-

843 4868 1021 4917 eneris
1049 4860 1616 4931 trinitas'ostenditur:
1651 4860 1928 4931 quaa'licet
1955 4860 2355 4913 aid—interiorem
2395 4860 2663 4909 hominem
2704 4860 2815 4924 jam
2840 4860 3148 4927 'pcrtineat,
3184 4867 3421 4917 nondum
3456 4860 3642 4919 tamen

1998 5120 2126 5159 rum
2159 5101 2449 5173 imagines
2478 5101 2669 5157 inﬁxas
2698 5100 2758 5156 in
2792 5103 3090 5170 memoria,
3125 5121 3256 5160 cum
3283 5108 3637 5163 recordando

1999 5192 2351 5257 revisuntur,
2385 5206 2477 5245 res
2507 5190 2698 5246 adhuc
2732 5192 2925 5263 agitur
2953 5193 3024 5247 ad
3075 5195 3417 5250 exteriorem
3449 5194 3639 5251 homi-

2000 5297 2132 5337 nem
2167 5278 2484 5351 pertinens.
2519 5279 2704 5350 Atque
2724 5278 2783 5333 in
2808 5279 2895 5334 bis
2916 5281 3190 5337 omnibus
3212 5298 3323 5337 non
3349 5283 3642 5340 distamus

2002 5388 2036 5426 a
2066 5384 2291 5442 pecore,
2325 5366 2439 5422 nisi
2470 5367 2625 5437 quod
2658 5367 2845 5439 figura
2871 5370 3130 5440 corporis
3174 5388 3287 5426 non
3321 5372 3508 5443 proni,
3542 5375 3642 5429 sed

2003 5457 2178 5515 erecti
2210 5472 2436 5513 sumus.
2470 5457 2594 5520 Qua
2625 5456 2682 5510 in
2716 5473 2777 5513 re
2807 5458 3196 5515 admonemur
3225 5460 3297 5515 ab
3328 5477 3394 5517 eo
3415 5463 3515 5533 qui
3539 5480 3646 5519 nos

2003 5547 2157 5616 fecit,
2189 5562 2261 5602 ne
2286 5542 2522 5600 meliore
2550 5545 2731 5601 nostri
2766 5550 2951 5618 parte,
2982 5546 3040 5602 id
3070 5552 3159 5604 est
3179 5548 3396 5615 animo,
3423 5550 3645 5607 similes

2005 5636 2311 5710 pecoribus
2341 5635 2549 5701 simus,
2583 5652 2616 5689 a
2641 5635 2857 5706 quibus
2878 5638 3138 5708 corporis
3158 5638 3443 5694 ercet-Ione
3466 5641 3646 5696 dista-

2006 5743 2162 5785 mus.
2194 5724 2319 5780 Non
2352 5726 2415 5778 ut
2442 5722 2500 5777 in
2532 5738 2598 5778 ea
2621 5739 2745 5795 quae
2768 5725 3041 5783 sublimia
3061 5728 3276 5784 suntin
3306 5730 3649 5801 corporibus

2010 5815 2273 5876 animum
2306 5810 2684 5884 projiciamus
2712 5838 2725 5883 ς
2756 5830 2891 5872 nam
2924 5814 3008 5871 vel
3041 5816 3098 5873 in
3150 5817 3363 5875 talibus
3393 5818 3645 5893 quietem
