4160 6442
544 391 662 452 999

539 520 855 579 voluntatis
884 524 1202 593 appertere,
1237 524 1603 593 prosternere
1633 524 1725 575 est
1753 519 2040 576 animum.
2072 517 2184 573 Sed

541 611 693 666 sicut
721 626 930 680 corpus
962 610 1034 664 ad
1065 626 1132 665 ea
1164 626 1290 681 quae
1322 614 1461 665 sunt
1510 608 1736 665 excelsa
1765 624 2092 680 corporum,
2126 606 2184 661 id

540 705 647 768 est,
673 700 741 754 ad
767 698 1019 753 cmlestia
1042 698 1387 753 naturaliter
1407 703 1660 754 erectum
1685 702 1774 753 est
1796 723 1809 765 ;
1829 698 1912 752 sic
1930 696 2181 762 animus,

540 788 636 860 qui
680 786 1011 842 substantia
1044 787 1365 859 spiritualis
1397 793 1504 853 est,
1550 788 1620 842 ad
1668 803 1736 842 ea
1780 803 1906 857 quae
1956 789 2095 839 sunt
2124 784 2181 839 in

538 875 945 948 spiritualibus
998 875 1223 932 excelsa
1273 877 1585 948 erigendus
1635 879 1742 942 est,
1791 892 1906 930 non
1938 872 2184 929 elatione

538 964 845 1037 superbiae,
880 965 978 1020 sed
1022 966 1232 1037 pietate
1256 966 1525 1036 justitiae.

607 1053 837 1109 CAPUT
862 1055 931 1109 ΙΙ.
957 1055 1370 1110 -2.Αῖιενηα.ς
1421 1055 1663 1109 ratione:
1709 1054 1769 1108 in
1811 1050 2183 1124 corporalibus

535 1146 691 1201 homo
706 1145 855 1201 solus
872 1146 1247 1200 animantium
1262 1147 1514 1216 percipit.
1535 1147 1790 1199 Possunt
1803 1148 1998 1198 autem
2015 1146 2073 1196 et
2086 1157 2182 1213 pe-

536 1251 671 1290 cora
689 1238 746 1288 et
771 1234 986 1289 sentire
1010 1250 1111 1305 per
1132 1233 1389 1304 corporis
1420 1250 1632 1288 sensus
1662 1232 2021 1287 extrinsecus
2053 1246 2178 1284 cor—

536 1321 777 1393 poralia,
808 1326 864 1375 et
886 1338 952 1375 ea
984 1321 1274 1376 memoriae
1307 1320 1421 1375 fixa
1450 1320 1763 1389 reminisci,
1798 1324 1971 1391 atque
2004 1319 2063 1373 in
2093 1318 2179 1374 eis

535 1418 806 1482 appetere
829 1409 1239 1475 conducibilia,
1264 1413 1460 1481 fugere
1484 1410 1878 1464 incommoda:
1901 1423 2096 1463 verum
2112 1424 2181 1463 ea

535 1503 754 1563 notare,
783 1514 848 1552 ac
867 1515 980 1553 non
1005 1497 1195 1553 solum
1220 1497 1564 1553 naturaliter
1586 1505 1770 1570 rapta,
1796 1497 1893 1552 sed
1914 1497 2087 1552 etiam
2106 1497 2178 1552 de

534 1586 821 1641 industria
844 1586 1136 1641 memorias
1158 1587 1565 1641 commendata
1585 1587 1853 1651 retinere,
1875 1591 1932 1640 et
1954 1586 2009 1639 in
2028 1584 2175 1639 obli-

530 1674 1141 1745 vionemjamjamque
1164 1674 1421 1729 labentia
1442 1675 1799 1730 recordando
1821 1678 1996 1744 atque
2018 1672 2175 1744 cogi-

529 1764 707 1819 tando
740 1780 946 1818 rursus
976 1763 1351 1834 imprimere;
1386 1769 1450 1818 ut
1481 1763 1975 1835 quemadmodum
2009 1779 2077 1816 ex
2106 1776 2172 1816 eo

531 1853 684 1923 quod
718 1852 865 1924 gerit
900 1852 1180 1907 memoria
1224 1852 1494 1924 cogitatio
1526 1853 1830 1919 formatur,
1865 1852 1947 1905 sic
1978 1854 2035 1905 et
2065 1849 2173 1905 hoc

531 1942 725 2012 ipsum
750 1943 904 2012 quod
928 1941 985 1995 in
1013 1941 1293 1996 memoria
1312 1946 1399 1996 est
1420 1941 1770 2013 cogitatione
1794 1941 2081 1994 firmetur:
2108 1938 2173 1992 fi-

530 2034 653 2085 ctas
675 2030 848 2085 etiam
871 2028 1142 2096 visiones,
1168 2029 1303 2084 hinc
1325 2034 1498 2100 atque
1519 2029 1653 2084 inde
1679 2029 1977 2083 recordata
2008 2042 2169 2097 quis-

525 2117 664 2173 libet
690 2118 973 2172 sumendo
1002 2120 1057 2171 et
1078 2116 1247 2188 quasi
1265 2118 1575 2184 assuendo,
1598 2132 1963 2188 componere,
1984 2115 2168 2187 inspi-

522 2220 670 2273 cere,
697 2205 1194 2277 quemadmodum
1223 2203 1279 2257 in
1307 2203 1415 2258 hoc
1440 2220 1632 2258 rerum
1659 2220 1865 2274 genere
1883 2220 2009 2274 quae
2026 2202 2167 2259 veri-

522 2293 738 2347 similia
761 2298 898 2348 sunt
916 2294 1321 2347 discernantur
1341 2310 1373 2345 a
1396 2293 1566 2359 veris,
1590 2309 1700 2347 non
1736 2291 2161 2363 spiritualibus,

521 2382 620 2436 sed
637 2381 779 2452 ipsis
792 2380 1338 2452 corporalibuszhaec
1353 2385 1528 2451 atque
1542 2381 1876 2451 hujusmodi
1894 2381 2164 2452 quamvis

520 2470 579 2524 in
613 2468 1011 2539 sensibilibus,
1047 2474 1222 2540 atque
1254 2469 1311 2522 in
1345 2470 1427 2522 eis
1469 2485 1597 2539 qua;
1630 2468 1762 2523 inde
1793 2468 2027 2523 animus
2059 2483 2162 2539 per

520 2574 758 2614 sensum
778 2557 1033 2629 corporis
1057 2558 1230 2612 traxit
1251 2562 1498 2629 agantur
1516 2568 1687 2628 atque
1704 2563 2024 2626 versentur,
2044 2573 2158 2612 non

520 2654 659 2703 sunt
683 2652 877 2701 tamen
902 2646 1140 2701 rationis
1162 2646 1435 2717 expertia,
1462 2663 1564 2701 nec
1585 2645 1923 2701 hominibus
1946 2645 2162 2717 pecori-

517 2738 748 2808 busque
771 2736 1125 2791 communia.
1152 2736 1262 2790 Sed
1300 2735 1661 2791 sublimioris
1684 2734 1924 2791 rationis
1945 2739 2034 2791 est
2058 2736 2157 2806 ju-

518 2826 711 2880 dicare
738 2826 806 2880 de
838 2825 967 2879 istis
996 2822 1398 2896 corporalibus
1429 2824 1750 2879 secundum
1786 2824 2036 2879 rationes
2066 2823 2156 2880 in-

518 2913 845 2985 corporales
877 2917 932 2969 et
956 2912 1340 2984 sempiternas
1366 2929 1377 2967 :
1413 2929 1538 2981 quae
1560 2911 1669 2968 nisi
1696 2929 1873 2984 supra
1899 2917 2155 2968 mentem

510 3000 772 3057 humana
801 3008 1018 3067 essent,
1052 3001 1564 3057 incommutabiles
1615 3002 1867 3073 profecto
1917 3019 2029 3056 non
2063 3018 2153 3059 es-

507 3094 677 3159 sent;
712 3097 887 3161 atque
928 3090 1047 3144 his‘
1103 3090 1217 3145 nisi
1264 3090 1717 3159 subjungeretur
1763 3090 1983 3161 aliquid
2017 3107 2150 3146 nos-

506 3183 686 3249 trum,
744 3196 855 3234 non
908 3180 1233 3234 secundum
1287 3195 1386 3234 eas
1434 3195 1741 3249 possemus
1783 3179 2049 3249 judicare
2081 3180 2152 3235 de

500 3266 928 3339 corporalibus.
961 3267 1306 3323 Judicamus
1339 3272 1533 3322 autem
1567 3269 1637 3322 de
1659 3266 2061 3339 corporalibus
2084 3284 2153 3323 ex

496 3357 726 3412 ratione
756 3357 1191 3413 dimensionum
1233 3362 1411 3428 atque
1461 3358 1801 3428 ﬁgurarum,
1855 3373 2032 3429 quam
2059 3356 2149 3411 in-

497 3446 1001 3502 commutabiliter
1041 3462 1276 3502 manere
1308 3463 1473 3501 mens
1510 3447 1685 3502 novit.

569 3534 801 3591 CAPUT
833 3536 929 3589 lll.
964 3565 1030 3576 -—
1061 3536 1110 3589 3.
1142 3535 1567 3606 Ratiosuperit'r
1585 3549 1708 3605 quae
1725 3534 1795 3590 ad
1814 3537 2146 3606 contempla-

495 3625 701 3679 tionem
730 3632 781 3680 et
814 3626 1047 3679 interior
1078 3639 1201 3694 qua:
1228 3623 1299 3678 ad
1327 3625 1595 3679 actionem
1611 3626 1869 3694 pertinet,
1893 3625 1951 3678 in
1969 3628 2149 3680 mente

493 3730 624 3768 una.
652 3712 799 3767 Illud
827 3729 958 3767 vero
982 3717 1246 3767 nostrum
1268 3712 1420 3782 quod
1447 3712 1503 3766 in
1520 3712 1743 3767 actione
1756 3711 2143 3783 corporalium

492 3806 790 3871 atquetem
803 3801 1088 3872 poralium
1106 3801 1537 3854 tractandorum
1557 3800 1636 3853 ita
1648 3805 1930 3869 versatur,
1950 3806 2141 3856 utnon

488 3890 564 3944 sit
581 3890 749 3944 nobis
765 3904 1074 3944 commune
1089 3905 1219 3943 cum
1244 3904 1467 3958 pecore,
1486 3888 1765 3943 rationale
1780 3889 2015 3959 quidem
2032 3894 2139 3958 est,

487 3978 588 4033 sed
619 3995 687 4032 ex
714 3977 812 4033 illa
834 3976 1102 4033 rationali
1144 3981 1355 4031 nostra;
1398 3975 1613 4031 mentis
1652 3977 1999 4042 substantia,
2025 3994 2142 4048 qua

488 4066 898 4122 subhseremus
931 4065 1282 4136 intelligibili
1317 4070 1491 4136 atque
1514 4065 1979 4120 incommutabili
2000 4066 2141 4121 veri-

487 4156 613 4223 tati,
640 4160 923 4227 tanquam
948 4156 1189 4210 ductum
1214 4160 1270 4209 et
1289 4153 1662 4209 inferioribus
1684 4154 2006 4209 tractandis
2030 4171 2135 4227 gu-

486 4246 924 4316 bernandisque
942 4247 1283 4316 deputatum
1304 4248 1409 4300 est.
1430 4243 1592 4298 Sicut
1609 4244 1763 4299 enim
1783 4245 1840 4299 in
1861 4244 2137 4302 omnibus

486 4334 798 4405 pecoribus
825 4350 939 4389 non
964 4335 1264 4388 inventum
1292 4336 1380 4388 est
1409 4332 1529 4388 viro
1557 4333 1914 4404 adjutorium
1945 4334 2135 4390 simile

476 4423 588 4491 illi,
616 4424 729 4479 nisi
752 4425 1079 4479 detractum
1094 4423 1164 4478 de
1178 4422 1278 4478 illo
1292 4423 1349 4477 in
1365 4424 1745 4497 conjungium
1761 4424 2133 4493 formaretur;

473 4513 557 4569 ita
585 4513 766 4569 menti
793 4518 1001 4567 nostrae
1015 4529 1131 4584 qua
1153 4528 1468 4584 supernam
1494 4516 1551 4567 et
1566 4512 1855 4568 internam
1877 4512 2133 4569 consuli-

483 4619 616 4658 mus
638 4601 959 4672 veritatem,
984 4601 1211 4656 nullum
1233 4606 1323 4657 est
1344 4602 1415 4657 ad
1439 4618 1614 4657 usum
1647 4619 1841 4658 rerum
1865 4619 2131 4673 corpora-

483 4688 652 4761 lium,
678 4694 963 4762 quantum
988 4695 1205 4745 natura:
1232 4689 1487 4746 hominis
1508 4690 1653 4746 satis
1674 4696 1783 4759 est,
1816 4690 2007 4745 simile
2029 4692 2129 4747 ad-

478 4778 764 4849 jutorium
783 4778 1070 4835 exanima:
1089 4780 1352 4851 partibus
1368 4796 1516 4851 quas
1533 4796 1872 4835 communes
1886 4797 2015 4836 cum
2033 4796 2130 4852 pe-

483 4867 719 4924 coribus
733 4868 1113 4923 habemus.Et
1124 4868 1252 4923 ideo
1268 4867 1545 4938 quiddam
1559 4867 1839 4924 rationale
1862 4872 2129 4925 nostrum

483 4973 597 5012 non
620 4958 690 5012 ad
716 4958 958 5013 unitatis
991 4958 1305 5013 divortium
1347 4962 1702 5028 separatum,
1744 4959 1844 5013 sed
1887 4957 1947 5013 in
1969 4958 2129 5015 auxi-

479 5045 627 5101 lium
645 5048 943 5103 societatis
961 5047 1130 5120 quasi
1143 5046 1487 5112 derivatum,
1508 5046 1566 5101 in
1585 5047 1674 5102 sui
1694 5047 1886 5119 operis
1902 5049 2128 5121 disper-

478 5137 621 5192 titur
650 5138 963 5195 oflicium’.
1007 5139 1075 5193 Et
1104 5137 1256 5193 sicut
1305 5152 1423 5191 una
1469 5152 1600 5192 caro
1647 5140 1736 5193 est
1783 5138 2033 5195 duorum
2065 5140 2126 5196 in

477 5226 740 5284 masculo
766 5235 821 5283 et
841 5226 1075 5298 femina,
1101 5227 1186 5283 sic
1207 5224 1564 5281 intellectum
1587 5232 1852 5283 nostrum
1872 5235 1929 5284 et
1944 5230 2126 5285 actio-

476 5332 633 5386 nem,
665 5316 755 5370 vel
787 5316 1098 5371 consilium
1128 5320 1185 5370 et
1230 5316 1689 5382 exsecutionem,
1721 5316 1807 5372 vel
1840 5319 2124 5375 rationem

476 5409 534 5459 et
553 5405 874 5475 appetitum
902 5404 1263 5469 rationalem,
1284 5403 1369 5457 vel
1395 5403 1443 5458 si
1469 5420 1582 5474 quo
1606 5404 1723 5460 alia
1745 5405 1917 5461 modo
1940 5406 2122 5479 signi-

476 5492 750 5547 ﬁcantius
775 5492 889 5549 dici
911 5497 1177 5564 possunt,
1205 5508 1319 5547 una
1337 5491 1547 5547 mentis
1572 5497 1781 5548 natura
1796 5496 2125 5568 complecti-

471 5586 597 5637 tur:
620 5588 683 5637 ut
699 5583 1199 5653 quemadmodum
1218 5582 1288 5638 de
1303 5581 1421 5637 illis
1437 5582 1658 5637 dictum
1677 5587 1786 5654 est,
1824 5584 1997 5641 Erunt
2017 5585 2123 5645 duo

533 5707 551 5776 ξ
583 5705 740 5776 ῌιιὶιὶ,
772 5707 825 5755 in
854 5706 950 5756 his.
980 5708 1157 5776 Abest,
1190 5706 1267 5776 in,
1298 5721 1329 5776 ᾳ
1359 5705 1628 5776 plerisque
1659 5711 2054 5776 manuscript“.

531 5772 553 5809 ³
577 5771 771 5825 Omnes
802 5784 971 5841 prope
1000 5772 1144 5833 Msa,
1174 5768 1375 5837 ofﬁcio;
1398 5768 1647 5833 Quidam,
1664 5769 1862 5837 o/ﬁcia.

1661 386 1763 449 DE
1805 385 2252 459 'l‘HINITATE,
2302 386 2368 447 S.
2398 382 2822 449 AUGUSTINI

3794 383 3961 445 1009

2294 519 2356 573 in
2386 534 2553 573 carne
2582 534 2695 576 una
2726 516 2882 589 (Gen.
2917 533 2978 584 n,
3020 516 3152 587 24);
3201 514 3291 572 sid
3342 515 3413 571 de
3444 514 3537 571 his
3588 514 3704 571 dici
3739 514 3955 587 possit,

2297 606 2421 661 Duo
2452 606 2510 661 in
2544 610 2737 662 mente
2779 623 2914 661 una.

2367 697 2598 753 CAPUT
2632 699 2724 751 IV.
2758 728 2827 736 —
2858 696 2908 750 4.
2946 697 3183 751 Trinitas
3214 699 3267 750 et
3298 696 3476 765 imago
3512 696 3617 750 Dei
3646 696 3705 749 in
3735 710 3802 750 ea
3834 694 3954 749 sola

2293 795 2448 855 parte
2467 787 2661 841 mentis
2682 802 2797 856 quae
2816 787 3051 856 pertinet
3074 784 3140 839 ad
3160 786 3688 855 contemplationem
3711 787 3951 839 κίρνησ-

2294 890 2439 929 rum.
2464 877 2605 931 Cum
2627 873 2806 946 igitur
2821 874 3166 929 disserimus
3183 874 3253 928 de
3273 878 3483 928 natura
3502 872 3717 929 mentis
3732 872 3949 928 huma-

2292 979 2400 1033 nis,
2426 964 2496 1018 de
2526 980 2643 1018 una
2671 963 2924 1034 quadam
2953 978 3015 1017 re
3046 962 3414 1031 disserimus,
3448 978 3552 1017 nec
3581 978 3708 1017 eam
3737 960 3798 1016 in
3827 962 3948 1016 haec

2291 1052 2407 1107 duo
2429 1068 2554 1123 quae
2576 1051 3048 1116 commemoravi,
3072 1051 3185 1107 nisi
3209 1068 3311 1123 per
3331 1051 3524 1107 officia
3543 1050 3943 1122 geminamus.

2292 1140 2493 1212 Itaque
2513 1157 2647 1196 cum
2669 1141 2728 1195 in
2750 1157 2817 1196 ea
2837 1139 3153 1211 quaerimus
3174 1139 3521 1205 trinitatem,
3551 1140 3611 1195 in
3634 1144 3756 1195 tota
3788 1155 3945 1211 quee-

2290 1230 2499 1299 rimus,
2531 1246 2647 1286 non
2677 1234 3014 1301 separantes
3033 1228 3323 1285 actionem
3346 1228 3688 1285 rationalem
3713 1229 3773 1283 in
3796 1234 3944 1284 tem-

2288 1319 2587 1390 poralibus
2617 1336 2651 1374 a
2679 1318 3168 1391 contemplatione
3197 1322 3573 1385 aeternorum,
3604 1322 3668 1374 ut
3691 1318 3939 1374 tertium

2288 1407 2644 1479 aliquidjam
2659 1424 2991 1479 quaeramus
3007 1424 3122 1479 quo
3138 1406 3370 1463 trinitas
3389 1406 3724 1478 impleatur.
3747 1407 3857 1463 Sed
3878 1407 3939 1461 in

2287 1502 2406 1554 tota
2427 1503 2635 1553 natura
2656 1497 2868 1553 mentis
2888 1496 2947 1552 in
2969 1496 3291 1552 trinitatem
3315 1495 3553 1568 reperiri
3572 1512 3721 1566 opus
3741 1499 3851 1563 est,
3874 1500 3942 1551 ut

2287 1587 2335 1641 si
2369 1586 2518 1643 desit
2547 1586 2696 1641 actio
2739 1584 3174 1657 temporalium,
3216 1585 3311 1640 cui
3341 1583 3501 1655 operi
3533 1584 3934 1640 necessarium

2284 1676 2361 1732 sit
2391 1675 2769 1745 adjutorium,
2802 1678 3037 1746 propter
3066 1675 3220 1745 quod
3254 1674 3325 1729 ad
3359 1677 3482 1729 haec
3532 1673 3811 1729 inferiora
3836 1674 3938 1728 ad-

2284 1763 2677 1819 ministranda
2707 1762 3001 1819 derivetur
3028 1762 3249 1834 aliquid
3282 1762 3518 1827 mentis,
3551 1762 3611 1816 in
3643 1778 3764 1817 una
3794 1778 3939 1817 nus-

2282 1869 2455 1924 quam
2489 1851 2794 1923 dispertita
2824 1856 3017 1907 mente
3044 1850 3277 1907 trinitas
3308 1850 3639 1906 inveniatur
3661 1866 3674 1905 :
3698 1855 3757 1906 et
3776 1852 3930 1907 facta

2271 1942 2397 2012 jam
2422 1941 2533 1996 ista
2552 1940 2982 2011 distributione,
3004 1940 3063 1994 in
3083 1957 3148 1996 eo
3165 1938 3288 1996 solo
3306 1941 3461 2012 quod
3477 1941 3547 1995 ad
3566 1938 3928 2011 contempla-

2278 2030 2497 2086 tionem
2523 2031 2771 2101 pertinet
2790 2034 3163 2097 seternorum,
3188 2046 3303 2084 non
3325 2028 3515 2084 solum
3540 2028 3796 2098 trinitas,
3821 2029 3925 2085 sed

2276 2120 2451 2174 etiam
2477 2119 2668 2191 imago
2695 2118 2787 2173 Dei
2814 2136 2827 2186 ;
2852 2117 2908 2172 in
2934 2117 3042 2174 hoc
3069 2122 3263 2174 autem
3289 2119 3443 2190 quod
3479 2118 3801 2172 derivatum
3836 2123 3930 2174 est

2274 2208 2333 2263 in
2356 2208 2581 2264 actione
2603 2207 3036 2277 temporalium,
3061 2206 3288 2262 etiamsi
3311 2206 3544 2262 trinitas
3564 2206 3768 2277 possit,
3805 2222 3925 2262 non

2273 2302 2470 2351 tamen
2501 2296 2692 2367 imago
2720 2295 2819 2351 Dei
2853 2295 3038 2367 possit
3077 2295 3349 2351 inveniri.

2342 2384 2575 2440 CAPUT
2601 2384 2669 2438 V.
2703 2415 2770 2425 —-
2799 2386 2853 2439 5.
2888 2383 3083 2455 Opinio
3112 2385 3326 2455 ﬁngens
3345 2385 3647 2453 imaginem
3679 2383 3918 2438 Trinita-

2267 2475 2339 2529 tis
2362 2477 2423 2528 in
2450 2474 2709 2544 conjugio
2750 2474 2987 2528 masculi
3025 2476 3077 2528 et
3127 2475 3356 2545 femina
3410 2489 3475 2527 ac
3525 2489 3712 2528 eorum
3738 2473 3914 2543 prole.

2268 2562 2512 2617 Proinde
2542 2579 2655 2617 non
2690 2561 2829 2617 mihi
2861 2561 3133 2618 videntur
3164 2560 3524 2633 probabilem
3555 2562 3759 2617 afferre
3780 2578 3915 2616 sen-

2264 2652 2530 2721 tentiam,
2555 2651 2654 2722 qui
2679 2652 2763 2706 sic
2785 2651 3142 2706 arbitrantur
3161 2652 3481 2706 trinitatem
3504 2650 3782 2721 imaginis
3808 2649 3910 2705 Dei

2262 2740 2321 2796 in
2344 2742 2535 2796 tribus
2566 2741 2852 2811 personis.
2884 2740 3039 2812 quod
3071 2739 3275 2796 attinet
3296 2741 3367 2795 ad
3390 2740 3712 2795 humanam
3732 2746 3908 2795 natu-

2262 2846 2410 2896 ram,
2438 2846 2609 2901 posse
2631 2829 2889 2900 reperiri,
2909 2832 2973 2883 ut
2994 2829 3050 2883 in
3084 2828 3353 2900 conjugio
3387 2828 3631 2885 masculi
3655 2833 3712 2883 et
3732 2828 3903 2884 femi-

2262 2936 2346 2974 na
2379 2925 2554 2990 atque
2584 2918 2643 2973 in
2674 2934 2874 2973 eorum
2923 2916 3081 2989 prole
3109 2915 3507 2989 compleatur:
3543 2917 3698 2989 quod
3729 2917 3905 2989 quasi

2260 3008 2348 3062 vir
2366 3007 2492 3079 ipse
2514 3006 2698 3062 Patris
2722 3022 3029 3077 personam
3053 3006 3318 3073 intimet;
3342 3005 3465 3060 Filii
3486 3023 3635 3077 vero,
3657 3006 3814 3079 quod
3833 3006 3908 3062 de

2260 3095 2357 3150 illo
2387 3096 2468 3151 ita
2499 3094 2781 3166 processit
2812 3100 2876 3149 ut
2906 3100 3278 3167 nasceretur;
3313 3099 3490 3167 atque
3520 3095 3600 3149 ita
3621 3095 3863 3151 tertiam
3888 3097 3905 3130 ¹

2259 3200 2567 3255 personam
2588 3181 2745 3237 velut
2765 3181 3019 3253 Spiritus
3042 3182 3244 3237 dicunt
3264 3198 3393 3237 esse
3416 3180 3748 3249 mulierem,
3775 3197 3906 3252 quas

2257 3271 2340 3327 ita
2376 3272 2445 3326 de
2475 3271 2594 3325 viro
2627 3270 2930 3342 processit,
2962 3275 3026 3324 ut
3070 3287 3183 3325 non
3237 3270 3365 3341 ipsa
3414 3274 3569 3325 esset
3616 3269 3775 3324 ﬁlius
3805 3275 3910 3325 aut

2256 3361 2375 3416 lilia
2397 3362 2551 3432 (Gen.
2581 3378 2641 3425 II,
2665 3360 2777 3431 22),
2803 3358 3069 3431 quamvis
3094 3374 3163 3413 ea
3183 3358 3548 3430 concipiente
3570 3357 3761 3431 proles
3793 3375 3906 3413 na-

2254 3456 2530 3506 sceretur.
2566 3448 2720 3505 Dixit
2749 3448 2904 3504 enim
2950 3447 3234 3503 Dominus
3278 3448 3349 3502 de
3394 3445 3611 3519 Spiritu
3663 3447 3901 3519 Sancto,

2253 3539 2407 3610 quod
2430 3556 2463 3593 a
2486 3538 2652 3593 Patre
2674 3537 2947 3608 procedat
2967 3536 3146 3608 (Joan.
3177 3552 3266 3605 xv,
3308 3536 3421 3606 26),
3475 3539 3533 3590 et
3577 3539 3776 3591 tamen
3806 3534 3902 3589 Fi-

2250 3627 2366 3682 lius
2398 3644 2510 3682 non
2547 3630 2652 3681 est.
2687 3629 2748 3679 In
2782 3625 2961 3696 hujus
2992 3625 3173 3695 igitur
3211 3623 3505 3695 opinionis
3537 3639 3755 3689 errore,
3786 3622 3899 3679 hoc

2250 3715 2439 3770 solum
2472 3713 2850 3787 probabiliter
2877 3713 3136 3779 affertur,
3189 3712 3344 3783 quod
3385 3712 3443 3767 in
3475 3711 3699 3784 origine
3732 3712 3895 3767 factae

2250 3803 2496 3869 feminae,
2539 3803 2859 3858 secundum
2912 3805 3126 3857 sonctae
3167 3800 3475 3872 Scripturze
3523 3800 3698 3855 ﬁdem
3746 3799 3895 3855 satis

2247 3892 2596 3958 ostenditur,
2630 3908 2743 3945 non
2773 3906 2945 3946 omne
2973 3890 3125 3961 quod
3165 3890 3237 3945 de
3290 3888 3490 3960 aliqua
3533 3905 3784 3960 persona
3813 3888 3897 3944 ita

2245 3981 2459 4050 existit,
2475 3985 2539 4035 ut
2562 3995 2867 4051 personam
2888 3978 3130 4034 alteram
3152 3978 3342 4047 faciat,
3360 3976 3543 4032 ﬁlium
3564 3992 3733 4048 posse
3753 3976 3891 4048 dici;

2245 4069 2720 4141 quandoquidem
2745 4069 2813 4123 de
2836 4066 2942 4122 viri
2966 4082 3213 4138 persona
3235 4067 3453 4122 exstitit
3480 4083 3731 4138 persona
3760 4082 3893 4121 mu-

2241 4157 2422 4227 lieris,
2447 4174 2551 4213 nec
2573 4163 2766 4212 tamen
2789 4157 2916 4228 ejus
2939 4155 3060 4210 ﬁlia
3080 4156 3234 4211 dicta
3253 4159 3358 4213 est.
3387 4156 3606 4212 Catera
3639 4171 3780 4211 sane
3813 4153 3894 4211 ila

2242 4250 2380 4301 sunt
2402 4246 2677 4310 absurda,
2703 4243 2821 4299 imo
2845 4259 2975 4299 vero
3000 4244 3080 4298 ita
3100 4242 3266 4311 falsa,
3293 4248 3357 4297 ut
3387 4241 3662 4297 facillime
3690 4242 3889 4297 redar-

2239 4340 2511 4407 guantur.
2539 4333 2757 4389 Omitto
2788 4331 2943 4388 enim
2975 4332 3146 4403 quale
3176 4332 3272 4401 sit,
3303 4330 3588 4403 Spiritum
3611 4335 3888 4387 sanctum

2240 4429 2484 4479 matrem
2501 4423 2624 4478 Filii
2640 4423 2739 4478 Dei
2754 4427 2959 4494 putare
2977 4426 3033 4476 et
3046 4423 3355 4493 conjugem
3370 4420 3558 4475 Patris
3580 4438 3593 4476 :
3619 4420 3889 4476 fortassis

2237 4512 2454 4584 quippe
2474 4511 2896 4583 respondeatur
2916 4509 3037 4564 haec
3060 4508 3465 4565 incarnalibus
3483 4509 3693 4564 habere
3705 4509 3888 4565 offen-

2236 4601 2482 4667 sionem,
2510 4601 2649 4654 dum
2674 4598 2933 4671 corporei
2957 4602 3271 4670 conceptus
3289 4603 3608 4669 partusque
3624 4598 3888 4669 cogitan-

2234 4695 2349 4746 tur.
2376 4692 2719 4760 Quanquam
2743 4693 2799 4742 et
2819 4687 2940 4742 haec
2963 4686 3090 4757 ipsa
3111 4687 3441 4743 castissime
3460 4686 3735 4758 cogitent,
3755 4685 3889 4759 qui-

2235 4778 2347 4833 bus
2371 4776 2608 4832 mundis
2627 4777 2824 4831 omnia
2840 4777 3062 4830 munda
3078 4780 3247 4831 sunt:
3268 4775 3593 4831 immundis
3613 4779 3811 4830 autem
3831 4779 3891 4831 et

2234 4866 2589 4934 inﬁdelibus,
2607 4882 2853 4936 quorum
2873 4863 3098 4935 polluta
3114 4870 3255 4920 sunt
3273 4869 3329 4920 et
3342 4864 3889 4920 mensetconscien-

2233 4956 2334 5027 tia,
2364 4955 2442 5010 ita
2478 4954 2621 5009 nihil
2649 4958 2739 5009 est
2770 4954 3057 5008 mundum
3091 4954 3214 5026 (Tit.
3271 4970 3308 5019 ι,
3352 4953 3461 5024 15),
3500 4956 3565 5006 ut
3595 4953 3887 5022 quosdam

2231 5060 2432 5102 eorum
2464 5044 2640 5099 etiam
2674 5044 2744 5098 de
2789 5043 3016 5115 virgine
3062 5043 3387 5097 secundum
3441 5058 3676 5096 carnem
3709 5045 3887 5098 natus

2230 5133 2497 5191 Christus
2528 5132 2803 5188 oﬂ'endat.
2838 5131 2952 5187 Sed
2980 5137 3176 5187 tamen
3208 5131 3267 5186 in
3322 5128 3733 5202 spiritualibus
3765 5129 3889 5186 illis

2231 5223 2506 5291 summis,
2531 5221 2631 5276 ubi
2657 5238 2773 5276 non
2798 5226 2886 5275 est
2906 5220 3127 5292 aliquid
3158 5218 3426 5275 violabile
3456 5224 3556 5274 aut
3588 5217 3888 5290 corrupti-

2229 5312 2364 5382 bile,
2390 5327 2495 5367 nec
2518 5315 2720 5365 natum
2744 5327 2811 5365 ex
2841 5316 3121 5381 tempore,
3155 5325 3260 5365 nec
3290 5326 3360 5364 ex
3388 5308 3626 5363 informi
3658 5307 3884 5363 forma-

2227 5406 2377 5468 tum,
2400 5401 2450 5455 si
2471 5417 2584 5472 qua
2606 5399 3059 5463 dicunturtalia,
3077 5399 3149 5454 ad
3166 5414 3416 5471 quorum
3432 5395 3887 5453 similitudinem

2227 5491 2403 5546 etiam
2426 5490 2540 5544 ista
2562 5488 2853 5545 inferioris
2873 5494 3151 5544 creaturae
3168 5504 3401 5560 genera,
3421 5485 3692 5557 quamvis
3709 5484 3887 5557 longe

2226 5578 2619 5636 remotissime
2640 5576 2788 5633 facta
2810 5580 2972 5645 sunt,
3006 5593 3124 5633 non
3155 5577 3367 5633 debent
3396 5577 3755 5647 cujusquam
3788 5590 3884 5631 so-

2288 5780 2308 5817 ί
2337 5775 2496 5840 Editi,
2525 5774 2598 5828 ad
2626 5773 2851 5827 tertiam.
2883 5775 2951 5829 At
2977 5774 3103 5827 Mss.
3134 5776 3321 5827 carent
3348 5771 3613 5842 particula
3638 5771 3731 5826 ad.
