4160 6456
196 400 347 462 1001

188 532 378 589 briam
392 534 734 604 perturbare
753 534 1225 606 prudentiam,ne
1238 552 1371 594 cum
1387 556 1598 594 vanum
1621 541 1837 596 devitat

186 621 509 687 horrorem,
548 622 603 676 in
630 624 1023 694 perniciosum
1050 625 1310 681 incurrat
1328 644 1605 683 errorem.
1632 631 1841 684 Assue-

185 711 388 765 scatin
418 711 818 781 corporalibus
856 712 937 767 ita
976 713 1372 784 spiritualium
1396 717 1645 788 reperire
1665 718 1839 772 vesti-

182 799 373 869 gia,ut
399 815 531 853 cum
556 799 690 854 inde
722 817 957 855 sursum
983 819 1186 857 versus
1208 803 1355 859 duce
1391 806 1612 861 ratione
1636 822 1836 861 ascen-

187 888 323 941 dere
346 888 677 959 cceperit,ut
707 889 777 943 ad
803 889 987 960 ipsam
1012 890 1511 947 icommutabilem
1539 894 1836 950 veritatem

184 992 484 1047 perquam
507 983 646 1031 sunt
692 977 841 1033 facta
882 978 993 1032 ista
1025 980 1342 1050 perveniat,
1366 998 1480 1035 non
1523 998 1717 1037 secum
1763 984 1834 1038 ad

185 1081 409 1120 summa
423 1065 727 1136 pertrahat
743 1068 894 1137 quod
912 1068 1229 1123 contemnit
1243 1068 1297 1123 in
1314 1068 1673 1126 inﬁmis.Nec
1686 1072 1837 1127 enim

186 1152 428 1208 erubuit
446 1153 683 1225 quidam
712 1170 945 1209 uxorem
966 1154 1077 1211 sibi
1098 1155 1308 1227 eligere
1325 1157 1837 1229 sapientiam,quia

185 1257 403 1296 nomen
430 1243 629 1297 uxoris
652 1242 708 1296 in
735 1243 893 1313 prole
913 1242 1207 1315 gignenda
1240 1245 1673 1317 corruptibilem
1697 1264 1833 1303 con-

181 1331 447 1385 cubitum
488 1330 701 1403 ingerit
745 1332 1024 1402 cogitanti
1052 1348 1064 1387 :
1091 1338 1192 1388 aut
1212 1350 1343 1390 vero
1391 1333 1519 1406 ipsa
1550 1336 1836 1407 sapientia

177 1435 323 1474 sexu
348 1419 565 1475 femina
592 1426 682 1476 est
703 1423 745 1487 1,
777 1421 918 1492 quia
947 1421 1210 1476 feminini
1233 1424 1459 1494 generis
1480 1424 1757 1480 vocabulo
1779 1430 1837 1481 et

180 1506 244 1561 in
275 1523 462 1579 graeca
482 1511 541 1562 et
575 1508 631 1562 in
665 1507 844 1563 latina
875 1508 1079 1580 lingua
1101 1511 1456 1565 enuntiatur.

248 1595 485 1651 CAPUT
513 1596 599 1652 Vl.
624 1628 692 1637 —
735 1598 789 1651 6.
842 1597 952 1652 Cur
989 1597 1098 1652 illa
1133 1600 1319 1669 Opinio
1349 1601 1673 1671 respuenda.
1711 1607 1831 1657 Non

174 1700 314 1756 ergo
346 1689 650 1756 propterea
682 1686 1203 1756 respuimusistam
1224 1689 1734 1760 sententiam,quia
1753 1690 1832 1745 ti-

175 1789 409 1828 memus
440 1777 705 1828 sanctam
738 1780 793 1829 et
827 1773 1219 1831 inviolabilem
1243 1782 1417 1847 atque
1439 1776 1828 1833 incommuta-

175 1860 356 1916 bilem
375 1860 738 1927 charitatem,
760 1866 1039 1933 tanquam
1073 1865 1383 1935 conjugem
1409 1866 1504 1920 Dei
1530 1866 1738 1937 Patris,
1759 1868 1830 1921 de

173 1949 277 2005 illo
300 1951 665 2017 existentem,
703 1951 801 2006 sed
824 1968 936 2006 non
962 1952 1115 2006 sicut
1137 1953 1350 2023 prolem
1375 1954 1443 2008 ad
1470 1954 1827 2026 gignendum

174 2039 431 2095 Verbum
464 2056 565 2112 per
586 2041 740 2111 quod
782 2040 935 2095 facta
983 2047 1123 2097 sunt
1172 2042 1369 2097 omnia
1396 2044 1647 2115 cogitare
1677 2061 1689 2098 :
1727 2044 1826 2099 sed

170 2127 312 2198 quia
332 2144 460 2182 eam
483 2128 688 2183 falsam
703 2127 898 2183 divina
912 2130 1212 2199 Scriptura
1234 2131 1528 2186 evidenter
1548 2133 1823 2187 ostendit.

170 2215 326 2271 Dixit
345 2217 500 2271 enim
524 2217 698 2284 Deus,
731 2218 1017 2273 Faciamus
1051 2219 1325 2273 hominem
1344 2221 1417 2274 ad
1448 2199 1746 2291 imaginem
1775 2233 1827 2277 et

165 2305 853 2361 similitudinemnostram
875 2324 887 2361 :
908 2306 1081 2378 paulo
1102 2314 1232 2379 post
1252 2314 1446 2363 autem
1470 2310 1691 2365 dictum
1715 2314 1824 2382 est,

167 2399 235 2451 Et
264 2397 396 2466 fecit
432 2396 575 2451 Deus
608 2395 884 2451 hominem
916 2394 986 2450 ad
1013 2397 1320 2465 imaginem
1349 2399 1457 2451 Dei
1476 2396 1628 2465 (Gen.
1666 2416 1703 2464 1,
1732 2398 1825 2465 26,

168 2485 286 2556 27).
318 2485 570 2540 Nostram
610 2489 780 2554 certe,
806 2483 942 2556 quia
963 2483 1209 2556 pluralis
1246 2491 1334 2540 est
1372 2502 1674 2557 numerus,
1708 2504 1822 2543 non

171 2578 328 2629 recte
346 2572 713 2640 diceretur,si
738 2573 910 2628 homo
934 2573 1004 2627 ad
1024 2573 1199 2628 unius
1222 2590 1481 2644 personae
1506 2575 1822 2647 imaginem

164 2664 351 2729 ﬁeret,
385 2662 504 2717 sive
544 2661 753 2727 Patris,
788 2662 909 2717 sive
953 2661 1105 2727 Filii,
1160 2661 1280 2717 sive
1303 2662 1558 2733 Spiritus
1594 2664 1779 2718 sancti
1808 2680 1822 2720 :

169 2752 274 2808 sed
304 2751 444 2823 quia
474 2751 649 2806 fiebat
681 2752 753 2805 ad
786 2751 1105 2822 imaginem
1154 2751 1483 2817 Trinitatis,
1520 2758 1824 2824 propterea

167 2840 391 2894 dictum
407 2840 512 2907 esi,
527 2841 606 2894 ad
624 2841 924 2908 imaginem
942 2849 1203 2895 nostram.
1215 2840 1438 2897 Rursus
1452 2847 1645 2897 autem
1673 2859 1741 2898 ne
1763 2844 1821 2898 in

164 2929 449 2984 Trinitate
472 2929 793 2983 credendos
818 2928 1238 2984 arbitraremur
1266 2936 1385 2985 tres
1403 2931 1564 2999 deos,
1590 2948 1722 2985 cum
1748 2932 1825 2986 sit

163 3017 369 3072 eadem
399 3016 656 3071 Trinitas
681 3034 833 3071 unus
857 3017 1031 3087 Deus,
1055 3019 1119 3072 Et
1146 3020 1299 3089 fecit,
1324 3018 1533 3089 inquit,
1561 3022 1706 3074 Deus
1726 3020 1820 3074 ho-

159 3107 375 3160 minem
415 3105 484 3160 ad
531 3107 835 3174 imaginem
866 3106 1000 3161 Dei:
1034 3122 1137 3177 pro
1168 3123 1234 3162 eo
1274 3124 1340 3162 ac
1383 3108 1432 3162 si
1464 3109 1700 3178 diceret,
1731 3108 1819 3161 Ad

160 3195 482 3266 imaginem
516 3211 706 3249 suam.

234 3286 291 3339 7.
324 3283 476 3338 Sunt
506 3283 663 3338 enim
696 3283 842 3339 tales
874 3284 1099 3339 usitatae
1140 3284 1199 3339 in
1248 3284 1480 3339 Litteris
1510 3284 1627 3340 illis
1658 3284 1818 3341 locu-

164 3374 536 3443 tiones,quas
561 3371 826 3428 nonnulli
848 3372 1075 3428 etiamsi
1101 3372 1447 3429 catholicam
1462 3374 1634 3429 fidem
1658 3390 1818 3430 asse-

160 3467 328 3528 runt,
352 3478 471 3517 non
490 3465 707 3516 tamem
732 3460 1039 3533 diligenter
1059 3462 1391 3526 advertunt,
1417 3467 1483 3517 ut
1513 3467 1719 3534 putent
1740 3464 1819 3517 ita

164 3551 417 3617 dictum,
448 3552 589 3605 l'ecit
611 3550 782 3604 Deus'
814 3551 891 3604 ad
911 3551 1212 3619 imaginem
1244 3551 1380 3612 Dei;
1403 3552 1568 3621 quasi
1598 3552 1817 3606 dicere-

166 3639 452 3708 tur,Fecit
477 3642 648 3694 Pater
668 3640 739 3693 ad
758 3637 1072 3710 imaginem
1091 3638 1217 3693 Filli
1245 3654 1258 3693 :
1283 3639 1368 3694 sic
1390 3638 1645 3695 volentes
1667 3657 1819 3697 asse-

163 3744 296 3785 rere
350 3728 406 3782 in
439 3726 755 3799 Scripturis
786 3726 1005 3782 sanctis
1038 3726 1223 3783 Deum
1256 3727 1476 3783 dictum
1525 3728 1697 3784 etiam
1728 3728 1817 3783 Fi-

164 3816 339 3885 lium,
371 3816 536 3887 quasi
559 3816 755 3871 desint
783 3814 896 3871 alia
925 3814 1230 3872 verissima
1250 3821 1307 3871 et
1337 3817 1820 3873 manifestissima

166 3906 540 3972 documenta,
574 3904 672 3959 ubi
726 3920 840 3959 non
871 3904 1062 3959 solum
1106 3904 1280 3974 Deus,
1314 3905 1415 3960 sed
1442 3905 1617 3960 etiam
1646 3923 1817 3962 verus

164 4000 322 4049 Deus
354 3994 545 4049 dictus
575 3998 663 4049 est
693 3991 889 4048 Filius.
928 3999 987 4048 ln
1011 3993 1119 4049 hoc
1140 3993 1296 4049 enim
1321 3992 1653 4050 testimonio
1676 3996 1816 4051 dum

164 4084 327 4138 aliud
358 4082 577 4138 solvere
599 4082 1018 4149 intendunt,sic
1040 4099 1101 4137 se
1124 4081 1519 4154 implicant,ut
1548 4084 1818 4156 expedire

165 4188 286 4227 non
328 4171 570 4243 possint.
609 4171 667 4225 Si
705 4171 859 4225 enim
882 4175 1051 4226 Pater
1070 4170 1202 4225 fecit
1222 4172 1291 4225 ad
1318 4171 1631 4243 imaginem
1664 4172 1813 4238 Filii,

160 4262 250 4316 ita
280 4264 345 4315 ut
371 4277 485 4315 non
508 4260 584 4314 sit
603 4259 776 4314 homo
798 4259 990 4332 imago
1016 4258 1327 4328 Patris,sed
1355 4259 1815 4328 Filii,dissimilis

161 4357 259 4406 est
298 4344 453 4405 Patri
483 4348 681 4404 Filius.
707 4348 764 4404 Si
808 4352 1001 4403 autem
1025 4348 1121 4419 pia
1144 4348 1289 4402 ﬁdes
1311 4348 1496 4417 docet,
1519 4347 1691 4403 sicuti
1721 4350 1817 4405 do-

169 4443 287 4507 cet,
319 4437 526 4493 Filium
557 4452 685 4493 esse
707 4438 778 4491 ad
821 4436 1210 4507 aequalitatem
1253 4436 1517 4491 essentia
1562 4437 1814 4492 similem

159 4527 346 4599 Patri,
392 4526 546 4599 quod
585 4526 655 4581 ad
682 4524 1133 4580 similitudinem
1174 4524 1301 4579 Filii
1327 4528 1542 4582 factum
1572 4530 1683 4594 est,
1718 4542 1815 4581 ne-

159 4632 326 4671 cesse
354 4619 442 4670 est
469 4615 644 4669 etiam
667 4614 736 4669 ad
762 4612 1209 4670 similitudinem
1235 4615 1422 4669 Patris
1457 4614 1673 4668 factum
1713 4614 1811 4669 sit.

158 4703 771 4769 Deinde,sihominem
799 4703 964 4757 Pater
986 4719 1101 4757 non
1132 4703 1205 4756 ad
1236 4720 1427 4769 suam,
1457 4703 1556 4758 sed
1592 4703 1661 4757 ad
1691 4701 1813 4757 Filii

158 4794 297 4850 fecit
340 4793 676 4864 imaginem,
710 4807 814 4846 cur
845 4808 959 4845 non
993 4791 1092 4858 ait,
1124 4792 1408 4846 Faciamus
1444 4791 1717 4847 hominem
1743 4790 1817 4846 ad

158 4884 469 4951 imaginem
513 4890 565 4936 et
584 4880 1030 4936 'similitudinem
1067 4884 1251 4946 tuam,
1273 4880 1371 4934 sed
1398 4880 1496 4946 ait,
1530 4883 1812 4948 nostram;

160 4971 283 5027 nisi
317 4969 452 5041 quia
479 4967 778 5024 Trinitatis
810 4968 1002 5039 imago
1035 4968 1207 5023 ﬁebat
1238 4967 1295 5021 in
1332 4967 1586 5033 homine,
1612 4974 1675 5022 ut
1706 4968 1815 5023 hoc

163 5060 341 5115 modo
359 5064 515 5115 esset
546 5059 721 5113 homo
768 5057 961 5128 imago
994 5057 1171 5111 unius
1216 5058 1333 5111 veri
1366 5057 1487 5127 Dei,
1523 5059 1659 5128 quia
1690 5057 1817 5128 ipsa

157 5149 419 5204 Trinitas
451 5164 604 5202 unus
633 5162 803 5201 verus
858 5146 1010 5200 Deus
1042 5148 1175 5200 est?
1224 5146 1570 5200 Locutiones
1620 5150 1814 5201 autem

159 5243 309 5293 sunt
357 5234 812 5292 innumerabiles
860 5234 1007 5290 tales
1053 5233 1111 5288 in
1161 5233 1499 5305 Scripturis,
1547 5234 1649 5289 sed
1708 5233 1815 5289 has

160 5325 480 5398 protulisse
510 5324 824 5379 suffecerit.
859 5324 960 5379 Est
988 5324 1048 5378 in
1082 5322 1326 5378 Psalmis
1353 5322 1434 5377 ita
1465 5322 1815 5387 dictum,Do-

158 5417 310 5471 mini
363 5423 416 5469 et
477 5414 651 5479 salus,
683 5416 736 5467 et
789 5427 957 5483 super
996 5412 1261 5484 populum
1301 5414 1457 5467 tuum
1515 5410 1815 5467 benedictio

158 5515 261 5561 tua
291 5504 460 5573 (Psal.
494 5521 579 5569 ιιι,
610 5503 666 5573 9)
702 5518 714 5555 :
750 5500 918 5573 quasi
952 5500 1117 5557 alteri
1177 5500 1398 5556 dictum
1451 5500 1546 5570 sit,
1598 5516 1713 5554 non
1761 5499 1812 5555 ei

160 5596 237 5650 de
270 5609 383 5665 quo
426 5592 649 5647 dixerat
693 5590 914 5645 Domini
969 5597 1048 5644 est
1089 5589 1259 5645 salus.
1304 5590 1369 5644 Et
1400 5589 1633 5657 iterum,
1665 5588 1704 5643 A
1737 5591 1811 5659 te,

234 5756 252 5789 ί
287 5752 445 5812 Editi,
461 5815 465 5816 ν
474 5751 665 5816 femine
683 5751 775 5798 est.

230 5818 255 5859 3
283 5816 379 5870 Hic
408 5810 536 5868 editi
563 5813 786 5874 addunt,
816 5810 1090 5865 hominem.

449 5934 713 5999 Paeon.
759 5931 938 5999 XLII.

1493 404 1723 469 LIBER
1766 406 2302 473 DUODECIMUS.

3446 420 3602 480 1002

1944 540 2153 611 inquit,
2199 558 2365 597 eruur
2404 559 2439 598 a
2486 545 2809 615 tentalione,
2843 554 2897 601 et
2940 546 3001 600 in
3032 550 3145 603 Deo
3176 562 3295 604 meo
3335 551 3603 620 spcrans‘

1954 632 2334 699 transgredior
2370 649 2595 686 murum
2638 634 2811 703 (Psal.
2862 651 2995 699 xm,
3044 637 3133 707 33)
3170 654 3182 691 :
3220 638 3387 707 quasi
3437 638 3605 694 alteri

1955 717 2183 783 dixerit,
2203 724 2243 774 Α
2277 729 2326 775 te
2341 736 2507 775 cruor
2533 738 2567 775 a
2588 723 2909 777 tentatione.
2931 724 2997 777 Et
3026 724 3260 789 iterum,
3279 727 3482 796 Populi
3507 728 3605 781 sub

1952 808 2003 860 te
2031 807 2227 862 cadent
2257 810 2317 862 in
2343 808 2504 864 corde
2524 812 2544 843 ³
2576 811 2930 866 inimicorum
2958 814 3105 879 regis
3133 814 3305 883 (Psal.
3338 831 3489 882 XLIV,
3507 816 3564 887 6)
3587 833 3601 871 :

1953 910 2017 948 ac
2071 895 2117 950 si
2172 895 2409 961 diceret,
2469 902 2534 952 In
2595 899 2765 954 corde
2822 899 3192 955 inimicorum
3229 907 3487 957 tuorum.
3542 904 3605 958 Ei

1949 983 2166 1054 quippe
2225 985 2346 1057 regi
2404 985 2646 1055 dixerat,
2681 988 2735 1041 id
2785 993 2895 1053 est,
2929 989 3170 1044 Domino
3218 995 3418 1046 nostro
3462 992 3602 1047 Jesu

1948 1071 2198 1140 Christo,
2228 1074 2430 1143 Populi
2455 1075 2555 1129 sub
2578 1084 2628 1130 te
2654 1075 2890 1143 cadent;
2925 1093 3098 1148 quem
3132 1094 3328 1150 regem
3352 1078 3597 1152 intelligi

1944 1158 2146 1227 voluit,
2191 1177 2322 1215 cum
2358 1162 2597 1229 diceret,
2629 1164 2690 1218 in
2718 1165 2877 1219 corde
2906 1167 3263 1221 inimicorum
3290 1169 3458 1238 regis.
3485 1168 3597 1223 Ra-

1946 1247 2071 1303 rius
2098 1247 2214 1304 ista
2238 1248 2296 1303 in
2329 1250 2466 1305 Novi
2519 1253 2881 1308 Testamenti
2934 1253 3143 1311 litteris
3193 1256 3594 1313 inveniuntur.

1946 1335 2055 1391 Sed
2105 1339 2298 1393 tamen
2349 1340 2418 1393 ad
2471 1344 2761 1396 Romanos
2812 1342 3147 1413 Apostolus.
3195 1344 3271 1400 De
3312 1346 3451 1401 Pilio
3476 1362 3594 1414 suo,

1945 1422 2156 1494 inquit,
2190 1426 2287 1495 qui
2312 1427 2493 1493 factus
2531 1432 2610 1482 est
2638 1431 2693 1483 ei
2731 1445 2800 1484 ex
2840 1431 3052 1484 semine
3088 1433 3269 1486 David
3298 1433 3602 1489 secundum

1943 1526 2184 1583 carnem,
2213 1516 2310 1584 qui
2336 1515 2751 1584 prcedestinatus
2769 1522 2847 1572 est
2876 1519 3053 1573 Filius
3073 1520 3173 1574 Dei
3199 1522 3261 1574 in
3290 1522 3497 1576 virtute
3512 1538 3598 1578 se-

1940 1600 2179 1656 cundum
2227 1603 2503 1673 Spiritum
2560 1607 3027 1675 sanctiﬁcationis
3080 1624 3151 1663 ex
3204 1610 3600 1667 resurrectione

1940 1698 2283 1745 mortuorum
2310 1693 2436 1747 Jesu
2493 1692 2701 1749 Christi
2734 1697 2959 1751 Domini
3002 1698 3177 1751 nostri
3231 1697 3410 1767 (Rom.
3469 1715 3508 1765 1,
3537 1698 3595 1771 3,

1941 1778 1994 1848 4)
2029 1795 2041 1833 :
2076 1784 2356 1851 tanquam
2388 1781 2457 1835 de
2506 1781 2617 1836 alio
2663 1799 2841 1853 supra
2871 1783 3105 1839 diceret.
3138 1785 3287 1850 Quid
3318 1790 3406 1841 est
3435 1787 3592 1842 enim

1940 1866 2118 1922 Filius
2149 1868 2247 1923 Dei
2284 1869 2724 1938 praedestinatus
2755 1889 2824 1926 ex
2872 1873 3293 1928 resurrectione
3327 1878 3587 1930 mortuo-

1942 1972 2072 2009 rum
2121 1956 2259 2011 Jesu
2311 1956 2514 2027 Chisti,
2564 1958 2678 2013 nisi
2728 1960 2992 2029 ejusdem
3043 1961 3181 2016 Jesu
3241 1962 3455 2018 Christi
3488 1962 3591 2035 qui

1940 2044 2388 2113 praedestinatus
2421 2051 2509 2100 est
2539 2046 2722 2103 Filius
2751 2046 2848 2102 Dei
2878 2048 2935 2102 in
2968 2048 3180 2104 virtute
3200 2049 3227 2104 ‘l
3256 2050 3404 2121 Ergo
3453 2068 3591 2122 quo-

1940 2134 2112 2187 modo
2143 2131 2236 2187 hic
2257 2149 2391 2188 cum
2424 2135 2775 2202 audivimus,
2799 2137 2978 2192 Filius
3017 2140 3119 2193 Dei
3146 2140 3204 2192 in
3234 2141 3442 2194 virtute
3459 2144 3591 2196 Jesu

1939 2219 2161 2289 Christi,
2194 2226 2313 2287 aut,
2346 2223 2527 2277 Filius
2565 2224 2664 2279 Dei
2689 2225 2986 2279 secundum
3016 2226 3292 2297 Spiritum
3333 2229 3589 2297 sanctiﬁ-

1943 2311 2168 2364 cationis
2191 2311 2316 2365 Jesu
2349 2310 2576 2375 Christi,
2609 2316 2733 2381 aut,
2763 2314 2937 2368 Filius
2968 2317 3069 2369 Dei
3104 2330 3177 2370 ea:
3223 2319 3587 2372 resurrectio~

1935 2412 2005 2451 ne
2032 2407 2373 2453 mortuorum
2402 2404 2531 2454 Jesu
2559 2399 2789 2467 Christi;
2824 2419 2955 2457 cum
2989 2403 3099 2457 dici
3133 2406 3421 2475 potuisset
3462 2406 3589 2461 usi-

1936 2490 2073 2552 tate,
2106 2487 2169 2540 ln
2194 2488 2407 2542 virtute
2438 2504 2563 2558 sua,
2600 2493 2722 2555 aut,
2754 2490 3085 2545 Secundum
3117 2490 3397 2563 Spiritum
3450 2510 3585 2547 san-

1933 2574 2305 2630 ctificationis
2337 2592 2475 2646 suae,
2509 2582 2631 2645 aut,
2665 2578 2743 2632 Ex
2773 2578 3195 2635 resurrectione
3218 2586 3585 2638 mortuorum

1932 2662 2080 2731 ejus,
2110 2662 2197 2718 vel
2230 2668 2589 2720 mortuorum
2625 2683 2897 2736 suorum;
2926 2684 3040 2722 non
3080 2668 3346 2740 cogimur
3375 2668 3586 2725 intelli-

1930 2766 2063 2821 gere
2094 2751 2265 2807 aliam
2288 2755 2723 2824 personam,sed
2746 2771 2922 2810 unam
2946 2757 3586 2827 eamdemque,scilicet

1929 2839 2056 2893 Filii
2088 2841 2186 2895 Dei
2219 2841 2447 2895 Domini
2480 2843 2660 2898 nostri
2691 2844 2830 2898 Jesu
2861 2843 3094 2899 Christi.
3131 2845 3216 2900 Ita
3245 2861 3380 2899 cum
3412 2845 3585 2900 audi-

1929 2944 2083 2998 mus,
2114 2930 2258 2984 Fecit
2292 2932 2431 2985 Deus
2460 2930 2739 2986 hominem
2766 2932 2835 2987 ad
2862 2934 3162 3003 imaginem
3198 2935 3301 2988 Dei
3323 2951 3341 2987 :
3365 2950 3575 3004 quam-

1926 3016 2013 3072 vis
2067 3022 2264 3088 posset
2320 3019 2589 3074 usitatius
2648 3019 2783 3085 dici,
2854 3021 2938 3075 Ad
2990 3021 3310 3093 imaginem
3364 3038 3580 3091 suam;

1928 3122 2043 3160 non
2092 3111 2286 3162 tamen
2338 3108 2603 3179 cogimur
2650 3106 2823 3163 aliam
2874 3125 3186 3180 personam
3249 3109 3583 3181 intelligere

1926 3195 1985 3248 in
2016 3194 2319 3262 Trinitate,
2353 3195 2453 3249 sed
2488 3195 2675 3266 ipsam
2712 3212 2887 3251 unam
2939 3198 3330 3269 eamdemque
3382 3199 3581 3253 Trini-

1926 3286 2127 3349 tatem,
2163 3282 2378 3353 quiest
2409 3300 2562 3339 unus
2593 3284 2767 3349 Deus,
2818 3289 2875 3340 et
2922 3285 2993 3339 ad
3044 3286 3217 3356 cujus
3262 3286 3581 3357 imaginem

1926 3371 2113 3427 factus
2144 3376 2233 3426 est
2264 3370 2461 3426 homo.

1994 3461 2047 3515 8.
2065 3462 2199 3524 Quae
2217 3476 2349 3515 cum
2366 3460 2448 3515 ita
2469 3460 2605 3527 sint,
2637 3461 2688 3517 si
2701 3462 2904 3517 eadem
2919 3462 3221 3517 Trinitatis
3236 3461 3577 3536 imaginem,

1925 3548 2121 3604 nonin
2146 3565 2284 3616 uno,
2325 3549 2427 3604 sed
2470 3549 2529 3604 in
2550 3549 2740 3604 tribus
2780 3549 3117 3605 hominibus
3156 3551 3575 3622 acceperimus,

1923 3642 2086 3709 patre
2097 3642 2154 3693 et
2174 3642 2361 3693 matre
2380 3641 2436 3692 et
2464 3635 2727 3705 ﬁlio,non
2751 3644 2876 3694 erat
2894 3654 3031 3709 ergo
3048 3639 3119 3693 ad
3139 3638 3455 3710 imaginem
3478 3640 3575 3696 Dei

1925 3727 2112 3781 iactus
2154 3726 2328 3781 homo
2368 3730 2682 3796 antequam
2706 3743 2849 3782 uxor
2891 3727 2943 3782 ei
2974 3727 3155 3797 ﬁeret,
3178 3731 3235 3782 et
3256 3732 3573 3799 antequam

1924 3814 2111 3869 filium
2144 3819 2549 3886 propagarent;
2575 3814 2714 3886 quia
2744 3816 3006 3870 nondum
3046 3820 3169 3870 erat
3191 3816 3448 3872 trinitas.
3482 3820 3571 3873 An

1924 3903 2066 3960 dicit
2085 3902 2492 3974 aliquis:Jam
2539 3903 2771 3959 trinitas
2821 3909 2964 3971 erat,
2989 3905 3127 3975 quia
3165 3905 3273 3960 etsi
3306 3906 3569 3963 nondum

1921 3990 2109 4046 forma
2132 3989 2517 4062 propria,jam
2550 3994 2743 4046 tamen
2765 3990 3030 4062 originali
3057 3996 3265 4047 natura
3285 3997 3342 4048 et
3363 3993 3575 4049 mulier

1922 4080 2119 4136 eratin
2146 4080 2323 4135 latere
2343 4079 2449 4134 viri
2470 4083 2527 4133 et
2554 4078 2712 4134 ﬁlius
2732 4079 2794 4134 in
2817 4079 3035 4135 lumbis
3059 4080 3396 4151 patris?Cur
3411 4099 3569 4155 ergo,

1922 4185 2056 4224 cum
2091 4168 2388 4239 Scriptura
2419 4167 2682 4236 dixisset,
2703 4169 2851 4223 Fecit
2882 4168 3021 4223 Deus
3041 4168 3316 4223 hominem
3337 4169 3408 4223 ad
3428 4172 3573 4225 ima-

1920 4260 2100 4329 ginem
2122 4257 2247 4324 Dei;
2271 4256 2567 4312 contexuit
2588 4256 2808 4323 dicens,
2829 4258 2978 4312 Fecit
3004 4261 3148 4311 Deus
3168 4273 3292 4311 eum
3310 4274 3333 4319 ;
3354 4274 3577 4312 mascu-

1922 4346 2037 4400 lum
2058 4354 2110 4400 et
2128 4346 2399 4415 feminam
2432 4345 2569 4417 fecit
2590 4360 2699 4411 eos,
2738 4348 2789 4400 et
2811 4343 3088 4401 benedixit
3117 4361 3210 4400 eos
3239 4343 3391 4414 (Gen.
3419 4363 3458 4412 1,
3480 4347 3572 4417 27,

1918 4433 2157 4503 28)?Vel
2180 4434 2229 4488 si
2268 4433 2351 4488 ita
2388 4433 2869 4504 distinguendum
2901 4438 3009 4504 est,
3040 4435 3107 4488 Et
3135 4434 3268 4504 fecit
3300 4440 3446 4490 Deus
3478 4436 3575 4491 ho-

1918 4524 2159 4585 minem;
2194 4525 2255 4576 ut
2292 4520 2499 4577 deinde
2529 4520 2830 4589 inferatur,
2858 4521 2929 4576 ad
2976 4523 3279 4591 imaginem
3310 4524 3404 4578 Dei
3445 4525 3576 4593 fecit

1920 4612 2082 4666 illum
2102 4627 2123 4672 ;
2152 4614 2210 4665 et
2239 4610 2409 4666 tertia
2437 4610 2569 4681 subj
2580 4609 2774 4665 unctio
2798 4610 2894 4681 sit,
2918 4614 3229 4666 masculum
3241 4616 3290 4666 et
3304 4613 3575 4682 feminam

1918 4702 2046 4771 fecit
2072 4714 2181 4755 eos.
2213 4699 2459 4765 Quidam
2491 4697 2647 4754 enim
2679 4698 3232 4769 timueruntdicere,
3259 4700 3418 4756 Fecit
3436 4717 3571 4756 eum

1922 4789 2247 4843 masculum
2283 4792 2339 4842 et
2368 4787 2669 4853 feminam,
2703 4804 2775 4843 ne
2804 4788 2972 4859 quasi
2996 4795 3439 4845 monstruosum
3464 4790 3571 4844 ali-

1920 4877 2056 4947 quid
2106 4876 2545 4949 intelligeretur,
2581 4876 2752 4930 sicuti
2790 4882 2930 4932 sunt
2958 4894 3105 4948 quos
3136 4877 3574 4948 hermaphrodi-

1918 4972 2008 5022 tos
2035 4970 2245 5021 vocant
2276 4983 2289 5021 :
2319 4982 2450 5020 cum
2483 4966 2657 5020 etiam
2690 4965 2775 5020 sic
2818 4983 2930 5021 non
2984 4966 3342 5021 mendaciter
3388 4960 3575 5036 possit

1918 5054 2163 5125 intelligi
2198 5059 2516 5124 utrumque
2545 5053 2603 5107 in
2638 5070 2881 5108 numero
2915 5052 3222 5124 singulari,
3254 5059 3491 5126 propter
3510 5054 3571 5109 id

1920 5143 2073 5214 quod
2106 5143 2329 5198 dictum
2383 5148 2491 5209 est,
2528 5142 2638 5198 Duo
2684 5143 2741 5196 in
2775 5158 2939 5196 carne
2980 5158 3114 5196 una.
3161 5146 3274 5196 Cur
3316 5159 3474 5214 ergo,
3508 5147 3574 5198 ut

1920 5232 2109 5286 dicere
2140 5246 2451 5301 coeperam,
2484 5230 2540 5284 in
2596 5236 2802 5285 natura
2834 5229 3089 5285 hominis
3137 5231 3205 5285 ad
3254 5230 3571 5302 imaginem

1920 5319 2019 5375 Dei
2054 5319 2225 5388 facta,
2258 5324 2464 5390 praeter
2494 5318 2823 5374 masculum
2852 5322 2909 5373 et
2941 5318 3217 5374 feminam
3269 5337 3383 5375 non
3417 5335 3574 5375 com-

1921 5412 2207 5463 memorat
2237 5407 2584 5479 Scriptura?
2616 5407 2696 5461 Ad
2750 5406 3109 5478 implendam
3159 5408 3375 5480 quippe
3425 5408 3574 5465 ima-

1918 5498 2113 5569 ginem
2146 5496 2450 5552 Trinitatis
2472 5496 2673 5550 debuit
2716 5495 2927 5550 addere
2956 5500 3012 5551 et
3041 5496 3271 5566 Filium,
3304 5498 3575 5569 quamvis

1922 5586 2114 5643 adhuc
2146 5585 2205 5640 in
2228 5584 2444 5640 lumbis
2495 5585 2678 5655 patris
2709 5584 3117 5657 constitutum,
3167 5586 3319 5641 sicut
3369 5586 3579 5644 mulier

1984 5688 2000 5721 ί
2033 5685 2215 5733 Plures
2244 5684 2372 5733 Mss.
2404 5684 2677 5741 omittunt,
2703 5694 2934 5745 sperans.

1980 5747 2001 5781 ³
2030 5747 2181 5805 Editi,
2212 5746 2265 5794 in
2281 5745 2471 5813 corda.
2499 5746 2589 5813 _At
2637 5744 2783 5813 Mss.,
2813 5744 2869 5795 in
2910 5744 3059 5813 corde
3078 5762 3098 5800 ε
3120 5750 3171 5798 et
3218 5747 3292 5798 sic
3332 5748 3577 5813 Angusti-

1917 5822 2040 5874 nus,
2069 5822 2247 5863 enarr.
2278 5809 2336 5860 in
2358 5807 2605 5863 eumdem
2634 5807 2903 5874 psalmum
2933 5810 3009 5862 Η.

3211 5929 3291 5998 32
