4160 6460
545 393 701 454 1003

541 532 667 582 erat
688 527 749 581 in
777 525 973 583 latere.
1006 528 1095 580 An
1119 525 1400 596 fortejam
1425 523 1574 581 tacta
1601 527 1725 580 erat
1748 527 1804 579 et
1843 522 2089 591 mulier;
2122 526 2180 578 et

541 614 837 687 Scriptura
850 615 1007 670 brevi
1020 614 1418 687 complexione
1430 612 2033 685 constrinxerat,quod
2051 628 2177 684 pos-

538 707 633 758 tea
645 704 890 774 quemad
902 704 1141 759 modum
1156 704 1233 758 sit
1249 701 1831 775 lactum,diligentius
1846 701 2176 773 explicaret;

540 794 597 846 et
624 797 932 864 propterea
958 791 1118 849 ﬁlius
1157 791 1600 847 commemorari
1633 808 1748 846 non
1797 790 2008 862 potuit,
2042 789 2180 860 quia

537 881 799 936 nondum
830 885 955 936 erat
983 880 1201 936 natus?
1231 879 1399 952 quasi
1440 884 1498 936 et
1538 880 1647 935 hoc
1695 895 1809 934 non
1863 883 2082 949 poterat
2111 894 2180 933 ea

534 968 814 1025 brevitate
843 968 1147 1041 complecti
1180 969 1431 1041 Spiritus
1462 972 1722 1033 sanctus,
1755 983 1861 1023 suo
1893 966 2017 1022 loco
2047 983 2178 1039 pos-

532 1059 628 1112 tea
655 1062 857 1113 natum
904 1057 1092 1113 filium
1141 1062 1504 1128 narraturus,
1555 1056 1707 1113 sicut
1755 1055 2057 1111 mulierem
2107 1055 2177 1110 de

530 1145 637 1200 viri
670 1145 852 1202 latere
883 1150 1251 1219 assumptam
1278 1163 1384 1203 suo
1414 1145 1787 1218 postmodum
1822 1144 1945 1201 loco
1978 1160 2176 1200 narra-

532 1234 613 1289 vit
631 1235 785 1304 (Gen.
815 1253 878 1307 ιι,
907 1237 1001 1303 24,
1020 1236 1135 1308 22),
1166 1240 1221 1292 et
1253 1239 1449 1291 tamen
1470 1234 1565 1290 hic
1588 1250 1715 1291 eam
1735 1233 2038 1291 nominare
2060 1249 2176 1289 non

531 1324 928 1395 praetermisit.

601 1429 836 1485 CAPUT
860 1429 981 1485 VII.
1005 1429 1144 1483 —9.
1170 1430 1338 1484 Homo
1374 1430 1558 1499 imago
1593 1430 1719 1496 Dei,
1752 1427 2036 1499 quomodo.
2060 1428 2176 1484 An-

529 1533 641 1573 non
668 1521 718 1572 et
748 1518 948 1571 mulier
984 1519 1162 1588 imago
1203 1518 1317 1571 Dei.
1349 1517 1569 1572 Dictum
1626 1517 1883 1589 Apostoli,
1916 1518 2063 1587 quod
2090 1518 2178 1573 vir

528 1620 711 1675 imago
741 1606 837 1660 Dei
864 1606 957 1676 sit,
988 1606 1189 1661 mulier
1215 1613 1398 1661 autem
1427 1607 1605 1677 gloria
1623 1607 1732 1661 viri
1750 1605 2011 1677 quomodo
2031 1606 2177 1675 ﬁgu-

528 1698 647 1749 rate
665 1710 729 1748 ac
747 1694 970 1765 mystice
989 1693 1423 1764 intelligendum.
1442 1694 1567 1749 Non
1588 1694 1784 1766 itaque
1801 1695 1879 1749 ita
1896 1694 2174 1750 debemus

528 1780 854 1854 intelligere
890 1781 1185 1838 hominem
1221 1783 1439 1838 factum
1467 1784 1538 1838 ad
1574 1782 1888 1855 imaginem
1928 1800 2174 1839 summae

529 1871 855 1940 Trinitatis,
891 1871 997 1927 hoc
1049 1875 1138 1927 est
1192 1872 1263 1926 ad
1318 1871 1633 1943 imaginem
1684 1872 1809 1942 Dei,
1860 1877 1925 1927 ut
1970 1873 2172 1927 eadem

526 1959 721 2032 imago
752 1960 810 2015 in
839 1961 1029 2015 tribus
1062 1958 1425 2032 intelligatur
1453 1960 1824 2017 hominibus:
1850 1961 2173 2032 praesertim

527 2065 661 2104 cum
690 2048 1003 2120 Apostolus
1042 2049 1233 2103 virum
1265 2048 1420 2105 dicat
1448 2066 1575 2105 esse
1604 2049 1920 2121 imaginem
1962 2050 2080 2116 Dei,
2119 2053 2177 2105 et

524 2142 831 2209 propterea
849 2137 1243 2193 velamentum
1268 2137 1318 2192 ei
1365 2138 1572 2209 capitis
1596 2140 1811 2207 demat,
1848 2140 1999 2210 quod
2051 2155 2176 2195 mu—

524 2224 651 2280 lieri
678 2225 1076 2281 adhibendum
1100 2226 1406 2292 monet,ita
1428 2225 1702 2297 loquens:
1724 2227 1817 2282 Vir
1836 2228 2176 2298 quidemnon

521 2312 672 2368 debet
696 2312 1083 2385 velarecaput,
1115 2331 1241 2369 cum
1274 2316 1346 2369 sit
1364 2316 1543 2385 imago
1562 2323 1612 2370 et
1632 2315 1811 2384 gloria
1830 2316 1946 2371 Dei.
1979 2316 2177 2372 Mulier

523 2406 710 2455 autem
737 2402 918 2471 gloria
962 2402 1074 2457 viri
1106 2401 1355 2465 est.Quid
1388 2418 1523 2474 ergo
1547 2402 1808 2459 dicemus
1831 2405 1898 2459 ad
1917 2404 2037 2459 haec
2057 2406 2085 2460 ?
2114 2404 2176 2462 Si

524 2505 627 2560 pro
658 2505 766 2544 sua
795 2505 1042 2561 persona
1065 2490 1276 2545 mulier
1296 2490 1580 2563 adimplet
1600 2491 1912 2563 imaginem
1931 2494 2180 2550 Trinita-

523 2578 621 2644 tis,
658 2594 762 2632 cur
781 2595 849 2633 ea
885 2579 1143 2634 detracta
1164 2579 1235 2634 de
1257 2578 1434 2635 latere
1473 2578 1579 2635 viri
1615 2580 1805 2635 adhuc
1842 2580 1939 2637 ille
1981 2582 2174 2655 imago

525 2665 783 2721 dicitur?
807 2672 921 2721 Aut
941 2671 989 2723 si
1013 2673 1068 2723 et
1090 2684 1207 2723 una
1228 2684 1475 2739 persona
1501 2668 1754 2724 hominis
1776 2686 1842 2724 ex
1865 2670 2051 2727 tribus
2075 2689 2173 2743 po-

527 2760 640 2810 test
660 2755 773 2810 dici
796 2755 989 2828 imago
1004 2755 1122 2825 Dei,
1153 2757 1304 2811 sicut
1320 2756 1376 2810 in
1393 2756 1521 2828 ipsa
1544 2774 1778 2813 summa
1795 2759 2095 2828 Trinitate,
2118 2765 2177 2817 et

536 2860 900 2916 unaquaeque
923 2862 1169 2916 persona
1188 2846 1336 2901 Deus
1357 2850 1467 2915 est,
1491 2862 1592 2901 cur
1613 2851 1669 2901 et
1690 2846 1901 2902 mulier
1937 2865 2048 2903 non
2087 2854 2176 2905 est

534 2932 728 3005 imago
748 2934 892 2988 Dei?
930 2938 1075 2989 Nam
1099 2938 1155 2989 et
1175 2937 1478 3006 propterea
1498 2940 1674 3006 caput
1703 2934 1889 2991 velare
1912 2938 2175 3008 precipi-

532 3024 648 3088 tur,
682 3023 834 3092 quod
875 3021 972 3077 ille
989 3023 1129 3094 quia
1157 3024 1349 3095 imago
1372 3023 1473 3078 Dei
1495 3028 1584 3079 est
1612 3023 1954 3094 prohibetur
1972 3026 2016 3094 (Ι
2051 3026 2170 3083 Cor.

528 3125 605 3179 XI,
628 3110 682 3178 7,
713 3110 790 3181 5).

601 3217 687 3282 10,
706 3216 815 3271 Sed
838 3217 1153 3273 videndum
1168 3221 1255 3273 est
1276 3219 1567 3289 quomodo
1585 3236 1698 3275 non
1719 3220 1790 3274 sit
1816 3223 2171 3278 contrarium

525 3305 679 3375 quod
704 3305 844 3360 dicit
862 3306 1193 3377 Apostolus,
1215 3323 1329 3362 non
1352 3306 1681 3377 mulierem,
1704 3309 1803 3364 sed
1826 3310 2012 3366 virum
2044 3328 2173 3368 esse

523 3392 842 3464 imaginem
883 3395 1001 3462 Dei,
1037 3393 1173 3449 huic
1203 3395 1356 3465 quod
1399 3395 1681 3467 scriptum
1727 3406 1812 3452 est
1849 3397 1908 3453 in
1940 3400 2170 3467 Genesi,

522 3481 667 3537 Fecit
698 3483 836 3537 Deus
856 3481 1147 3547 hominem,
1180 3482 1250 3537 ad
1280 3484 1581 3553 imaginem
1610 3486 1709 3541 Dei
1733 3488 1862 3557 fecit
1890 3504 2036 3549 eum;
2054 3506 2170 3545 ma-

523 3568 744 3625 sculum
765 3573 815 3625 et
841 3570 1114 3643 feminam
1132 3571 1265 3645 fecit
1285 3588 1394 3640 eos,
1415 3576 1467 3627 et
1489 3573 1771 3630 benedixit
1791 3590 1899 3630 eos.
1925 3577 2001 3630 Ad
2023 3577 2169 3633 ima-

526 3659 720 3730 ginem
751 3658 847 3714 Dei
869 3660 1084 3732 quippe
1106 3661 1585 3732 naturamipsam
1609 3663 1927 3720 humanam
1960 3666 2169 3722 factam

526 3747 686 3813 dicit,
718 3764 844 3818 quas
867 3764 1004 3803 sexu
1027 3752 1274 3820 utroque
1305 3749 1656 3820 completur,
1696 3768 1801 3806 nec
1843 3754 1915 3808 ab
1953 3754 2167 3809 intelli-

527 3835 718 3906 genda
759 3835 1015 3907 imagine
1064 3836 1165 3891 Dei
1213 3841 1447 3906 separat
1492 3838 1979 3896 feminam.Dicto
2010 3843 2167 3899 enim

530 3922 687 3992 quod
737 3922 873 3976 fecit
902 3926 1052 3977 Deus
1091 3921 1389 3977 hominem
1425 3923 1493 3978 ad
1528 3923 1843 3996 imaginem
1874 3928 1994 3995 Dei,
2028 3932 2173 3987 Fecit

526 4025 670 4075 eum,
703 4009 911 4081 inquit,
947 4011 1253 4066 masculum
1281 4015 1333 4065 et
1379 4013 1655 4081 feminam
1695 4030 1708 4068 :
1741 4014 1827 4069 vel
1860 4022 2011 4072 certe
2055 4020 2168 4076 alia

526 4098 923 4170 distinctione,
955 4102 1258 4154 masculum
1304 4103 1355 4154 et
1402 4101 1651 4168 feminan
1702 4104 1830 4171 fecit
1873 4121 1981 4160 eos.
2016 4108 2166 4172 Quo-

526 4189 694 4243 modo
725 4204 861 4259 ergo
910 4205 1012 4259 per
1055 4187 1393 4258 Apostolum
1442 4190 1775 4245 audivimus
1817 4193 2005 4249 virum
2039 4212 2168 4253 esse

521 4277 837 4349 imaginem
863 4277 978 4343 Dei,
1013 4277 1167 4331 unde
1198 4282 1373 4348 caput
1404 4277 1589 4333 velare
1620 4280 1978 4351 prohibetur,
2032 4302 2165 4340 mu-

518 4365 717 4421 lierem
752 4371 945 4420 autem
979 4382 1115 4430 non,
1150 4371 1205 4420 et
1234 4365 1361 4421 ideo
1394 4366 1521 4437 ipsa
1548 4368 1655 4422 hoc
1679 4370 2167 4440 facerejubetur?

520 4454 655 4522 nisi,
690 4454 882 4523 credo,
912 4453 1054 4508 illud
1090 4454 1246 4524 quod
1281 4454 1408 4525 jam
1462 4455 1637 4524 dixi‘,
1672 4473 1804 4512 cum
1855 4460 1926 4513 de
1957 4466 2167 4517 natura

516 4540 787 4596 humanae
815 4541 1027 4596 mentis
1075 4557 1328 4613 agerem,
1372 4543 1674 4599 mulierem
1724 4562 1855 4600 cum
1907 4548 2027 4603 viro
2058 4566 2164 4606 suo

516 4645 644 4684 esse
673 4629 987 4701 imaginem
1019 4628 1139 4694 Dei,
1172 4633 1237 4683 ut
1274 4647 1390 4684 una
1422 4630 1611 4703 imago
1644 4632 1719 4686 sit
1748 4638 1871 4689 tota
1902 4635 2002 4691 illa
2032 4639 2165 4694 sub-

516 4716 931 4773 stantiazcum
980 4722 1173 4773 autem
1224 4719 1295 4772 ad
1347 4720 1707 4788 adjutorium
1768 4722 2160 4797 distribuitur,

516 4806 671 4877 quod
702 4806 773 4861 ad
799 4822 925 4861 eam
958 4805 1147 4878 ipsam
1180 4805 1363 4861 solam
1398 4808 1623 4874 attinet,
1674 4826 1787 4864 non
1836 4816 1924 4866 est
1968 4813 2161 4887 imago

514 4894 655 4962 Dei;
690 4896 844 4966 quod
891 4899 1087 4950 autem
1129 4895 1199 4949 ad
1230 4895 1417 4949 virum
1471 4895 1664 4950 solum
1710 4898 1933 4971 attinet,
1968 4901 2160 4975 imago

512 4984 609 5039 Dei
643 4988 749 5051 est,
784 4988 899 5038 tam
932 4982 1103 5055 plena
1149 4986 1326 5053 atque
1371 4982 1616 5054 integra,
1659 5002 1833 5056 quam
1867 4989 1921 5042 in
1975 5007 2157 5047 unum

509 5073 820 5143 conjuncta
851 5070 1112 5126 muliere.
1148 5071 1307 5126 Sicut
1336 5071 1406 5125 de
1437 5079 1648 5128 natura
1692 5074 1960 5133 humanae
1993 5097 2155 5136 men-

505 5160 582 5217 tis
634 5160 911 5228 diximus,
962 5160 1101 5229 quia
1148 5164 1204 5213 et
1256 5159 1302 5212 si
1336 5162 1456 5214 tota
1486 5163 1915 5235 contempletur
1944 5170 2155 5224 verita-

500 5252 641 5316 tem,
698 5247 891 5320 imago
952 5249 1049 5302 Dei
1080 5253 1200 5313 est;
1258 5254 1314 5303 et
1362 5264 1493 5303 cum
1548 5266 1615 5305 ex
1662 5268 1729 5307 ea
1778 5254 2156 5313 distribuitur

498 5336 747 5409 aliquid,
780 5342 837 5391 et
888 5336 1138 5407 quadam
1188 5337 1512 5393 intentione
1545 5340 1841 5397 derivatur
1872 5344 1941 5398 ad
1973 5345 2151 5402 actio-

501 5440 636 5481 nem
694 5441 889 5480 rerum
950 5424 1401 5496 temporalium,
1465 5428 1847 5486 nihilominus
1910 5447 1977 5486 ex
2038 5450 2153 5505 qua

499 5518 661 5587 parte
699 5518 1071 5586 conspectam
1116 5514 1367 5571 consulit
1414 5515 1741 5588 veritatem,
1802 5519 1995 5591 imago
2047 5522 2149 5578 Dei

500 5728 766 5847 ia;
791 5728 1072 5847 Erhbugd.
1090 5729 1223 5786 Ven.
1248 5730 1395 5797 Lov.,
1426 5730 1529 5785 nisi
1555 5730 1706 5785 credo
1733 5732 1871 5785 illud
1888 5748 1993 5839 esse
2012 5735 2149 5805 quod

1646 389 1746 451 DE
1791 390 2243 465 TRINITATE,
2291 392 2357 452 S.
2401 390 2831 454 AUGUSTINI

3787 386 3951 450 1004

2289 527 2395 591 est;
2428 541 2497 579 ex
2526 541 2643 596 qua
2664 540 2794 579 vero
2816 519 3213 577 intenditurin
3238 520 3463 592 agenda
3490 518 3791 589 inferiora,
3827 538 3947 579 non

2291 616 2381 668 est
2401 612 2597 685 imago
2630 612 2749 668 Dei.
2773 613 2842 667 Et
2872 610 3147 683 quoniam
3182 613 3730 682 quantumcumque
3760 627 3821 667 se
3841 627 3948 667 ex-

2290 702 2539 757 tenderit
2568 702 2627 756 in
2660 702 2717 757 id
2749 700 2903 772 quod
2935 704 3215 755 aeternum
3242 703 3352 765 est,
3385 704 3545 755 tanto
3586 699 3777 773 magis
3809 700 3946 757 inde

2289 790 2576 846 formatur
2601 791 2672 846 ad
2705 789 3021 861 imaginem
3043 788 3225 858 Dei,et
3247 793 3553 860 propterea
3584 806 3700 845 non
3734 795 3825 846 est
3848 807 3944 847 co-

2287 878 2562 950 hibenda,
2589 883 2653 934 ut
2676 895 2736 934 se
2764 878 2899 933 inde
2920 876 3215 934 contineat
3242 894 3308 932 ac
3340 882 3654 949 temperet;
3697 878 3830 934 ideo
3856 878 3947 935 vir

2287 983 2402 1023 non
2425 967 2593 1023 debet
2611 967 2797 1023 velare
2819 970 3013 1039 caput.
3056 965 3202 1031 Quia
3238 982 3369 1021 vero
3408 965 3491 1020 illi
3534 966 3808 1022 rationali
3841 984 3945 1023 ae-

2285 1054 2428 1111 tioni
2461 1072 2589 1127 qua:
2636 1056 2693 1111 in
2746 1056 2921 1111 rebus
2952 1052 3355 1125 corporalibus
3388 1056 3944 1128 temporalibusque

2285 1148 2565 1209 versatur,
2591 1142 2915 1216 periculosa
2927 1141 3279 1199 estnimiain
3294 1142 3568 1198 inferiora
3582 1145 3939 1217 progressio;

2294 1232 2465 1288 debet
2494 1232 2707 1289 habere
2736 1236 3080 1305 potestatem
3108 1247 3286 1303 super
3318 1236 3512 1304 caput,
3537 1233 3696 1304 quod
3719 1232 3944 1290 indicat

2283 1320 2675 1377 velamentum
2700 1338 2811 1393 quo
2843 1321 3209 1394 significatur
3228 1336 3354 1376 esse
3380 1320 3728 1377 cohibenda.
3762 1322 3941 1379 Grata

2283 1414 2373 1466 est
2409 1410 2564 1466 enim
2604 1411 2820 1467 sanctis
2842 1409 3080 1483 Angelis
3115 1414 3340 1465 sacrata
3362 1414 3419 1465 et
3443 1410 3539 1482 pia
3562 1410 3940 1483 significatio.

2283 1500 2426 1555 Nam
2459 1499 2613 1555 Deus
2652 1517 2764 1555 non
2788 1499 2858 1554 ad
2880 1504 3115 1571 tempus
3142 1498 3317 1566 videt,
3344 1515 3449 1554 nec
3471 1498 3696 1570 aliquid
3719 1500 3849 1556 novi
3874 1501 3943 1557 ﬁt

2283 1588 2341 1643 in
2367 1589 2494 1659 ejus
2508 1587 2728 1644 visione
2752 1592 2926 1661 atque
2946 1588 3206 1655 scientia,
3231 1604 3365 1643 cum
3390 1587 3613 1659 aliquid
3647 1592 3943 1660 tempora-

2282 1674 2412 1731 liter
2423 1692 2489 1732 ac
2510 1677 2843 1733 transitorie
2865 1675 3269 1748 geritur,sicut
3291 1676 3424 1732 inde
3439 1676 3788 1733 afficiuntur
3810 1694 3943 1734 sen-

2281 1781 2385 1819 sus
2406 1765 2488 1819 vel
2518 1763 2781 1821 carnales
2813 1762 3160 1819 animalium
3193 1768 3250 1819 et
3272 1762 3606 1835 hominum,
3636 1763 3727 1820 vel
3758 1764 3938 1821 etiam

2281 1853 2541 1909 caelestes
2563 1852 2936 1923 Angelorum.

2355 1961 2438 2014 11.
2468 1960 2531 2014 In
2555 1959 2667 2015 isto
2690 1960 2905 2031 quippe
2932 1958 3240 2014 manifesto
3261 1974 3395 2014 sexu
3423 1958 3671 2014 masculi
3689 1963 3749 2016 et
3771 1959 3939 2017 femi-

2281 2064 2367 2102 nae
2395 2046 2694 2118 apostolus
2717 2046 2928 2102 Paulus
2968 2045 3301 2102 occultioris
3341 2048 3653 2118 cujusdam
3676 2049 3759 2104 rei
3782 2049 3935 2121 figu-

2280 2151 2440 2191 rasse
2469 2136 2831 2207 mysterium,
2850 2135 2932 2191 vel
2964 2135 3101 2191 hinc
3128 2134 3373 2207 intelligi
3394 2138 3768 2209 potest,quod
3796 2154 3936 2194 cum

2278 2223 2390 2278 alio
2421 2222 2545 2279 loco
2578 2223 2755 2291 dicat,
2789 2239 2980 2279 veram
3013 2222 3245 2309 viduam
3277 2240 3407 2279 esse
3431 2223 3780 2293 desolatam,
3804 2226 3940 2282 sine

2282 2311 2419 2366 ﬁliis
2444 2316 2500 2367 et
2528 2312 2863 2384 nepotibus,
2895 2316 2952 2367 et
2980 2315 3179 2368 tamen
3198 2328 3326 2367 eam
3350 2328 3620 2385 separare
3639 2313 3854 2370 debere
3873 2314 3939 2371 in

2282 2400 2625 2466 Dominum,
2647 2405 2703 2456 et
2731 2400 3041 2473 persistere
3072 2401 3131 2455 in
3179 2399 3539 2457 orationibus
3571 2405 3743 2458 nocte
3760 2407 3821 2459 et
3844 2403 3941 2460 die

2281 2488 2323 2559 (Ι
2349 2491 2480 2544 Tim.
2505 2506 2558 2556 ν,
2580 2490 2655 2561 5),
2676 2488 2770 2544 hic
2794 2489 3014 2544 indicat
3039 2488 3346 2545 mulierem
3370 2490 3671 2546 seductam
3699 2491 3761 2546 in
3785 2509 3937 2564 prae-

2278 2577 2635 2633 varicatione
2672 2578 2905 2644 factam,
2938 2577 3157 2633 salvam
3179 2578 3305 2633 ﬁeri
3341 2595 3441 2650 per
3470 2578 3724 2635 ﬁliorum
3749 2596 3938 2652 gene-

2280 2667 2561 2721 rationem
2591 2683 2603 2721 :
2632 2672 2688 2720 et
2717 2666 2944 2733 additit,
2966 2669 3018 2722 si
3038 2670 3443 2738 permanserint
3464 2669 3522 2722 in
3552 2668 3680 2739 ﬁde,
3704 2674 3759 2725 et
3788 2668 3933 2725 dile-

2278 2757 2475 2822 ctione,
2510 2759 2561 2811 et
2598 2756 3028 2825 sanctiﬁcatione
3074 2773 3201 2811 cum
3247 2756 3535 2813 sobrietate
3579 2758 3683 2826 (Id.
3718 2776 3783 2825 ιι,
3819 2760 3934 2830 15).

2280 2845 2453 2909 Quasi
2502 2861 2635 2899 vero
2683 2845 2868 2915 possit
2909 2846 3114 2901 obesse
3136 2846 3297 2901 honaa
3338 2846 3544 2915 viduae,
3589 2846 3639 2901 si
3664 2848 3751 2903 vel
3775 2847 3936 2905 ﬁlios

2280 2949 2396 2988 non
2430 2933 2719 3000 habuerit,
2753 2933 2841 2989 vel
2877 2934 2913 2988 ii
2948 2951 3096 3005 quos
3122 2933 3413 3004 habuerit,
3448 2936 3506 2990 in
3538 2936 3710 2992 bonis
3738 2938 3935 3009 Operi-

2278 3022 2390 3077 bus
2434 3038 2771 3093 permanere
2800 3022 3111 3079 noluerint.
3148 3023 3257 3078 Sed
3288 3024 3428 3095 quia
3475 3040 3542 3079 ea
3570 3042 3694 3095 quae
3728 3026 3939 3082 dicun-

2276 3115 2373 3165 tur
2405 3126 2580 3182 opera
2633 3112 2781 3167 bona
2827 3116 3104 3182 tanquam
3157 3110 3261 3166 lilii
3320 3117 3460 3168 sunt
3505 3113 3632 3168 vitae
3690 3120 3935 3186 nostras,

2277 3201 2600 3255 secundum
2632 3217 2805 3272 quam
2840 3200 3120 3272 quaeritur
3156 3200 3326 3271 cujus
3364 3202 3495 3257 vitae
3526 3202 3601 3257 sit
3654 3204 3935 3277 quisque,

2276 3288 2335 3344 id
2369 3293 2457 3343 est
2486 3291 2778 3359 quomodo
2826 3292 2960 3361 agat
2987 3289 3106 3344 haec
3139 3290 3499 3361 temporalia,
3533 3308 3713 3363 quam
3744 3293 3935 3350 vitam

2276 3376 2455 3432 Graeci
2488 3394 2599 3432 non
2635 3377 2801 3446 ζωήν,
2853 3378 2954 3432 sed
3008 3374 3123 3450 βίον
3173 3384 3426 3444 vocant;
3477 3383 3533 3434 et
3579 3380 3701 3436 hac
3751 3398 3937 3453 opera

2274 3464 2428 3521 bona
2456 3465 2706 3521 maxime
2734 3466 2793 3521 in
2821 3465 3029 3522 officiis
3049 3466 3455 3523 misericordiae
3489 3468 3633 3523 nihil
3652 3476 3931 3543 prosunt,

2273 3554 2389 3611 sive
2419 3554 2686 3625 Paganis,
2718 3555 2837 3611 sive
2866 3554 3086 3611 Judaeis
3117 3556 3212 3626 qui
3243 3555 3473 3613 Christo
3506 3574 3620 3613 non
3654 3559 3930 3630 credunt,

2274 3642 2392 3699 sive
2421 3644 2889 3715 quibuscumque
2918 3643 3204 3700 heareticis
3232 3644 3320 3700 vel
3355 3646 3789 3702 schismasticis
3823 3649 3927 3704 ubi

2272 3732 2437 3803 fides,
2466 3737 2523 3789 et
2554 3732 2785 3788 dilectio
2817 3736 2872 3787 et
2904 3732 3099 3789 sobria
3126 3734 3509 3789 sanctificatio
3544 3751 3658 3789 non
3691 3734 3929 3792 inveni-

2270 3824 2368 3876 tur
2416 3836 2430 3875 :
2477 3821 2852 3876 manifestum
2898 3824 2987 3876 est
3033 3821 3173 3893 quid
3222 3822 3537 3894 Apostolus
3587 3822 3929 3895 signiﬁcare

2270 3907 2549 3976 voluerit;
2583 3907 2711 3964 ideo
2742 3909 2987 3981 figurate
3018 3926 3083 3965 ac
3112 3910 3375 3982 mystice,
3408 3910 3547 3981 quia
3576 3910 3648 3966 de
3675 3911 3933 3969 velando

2270 3996 2535 4052 mulieris
2582 3997 2769 4067 capite
2817 3997 3183 4069 loquebatur,
3219 3999 3373 4069 quod
3408 3999 3521 4054 nisi
3565 4000 3636 4054 ad
3684 4000 3931 4073 aliquod

2271 4089 2562 4141 secretum
2594 4086 2944 4141 sacramenti
2976 4088 3282 4154 referatur,
3307 4086 3483 4143 inane
3506 4089 3857 4145 remanebit.

2343 4192 2426 4245 l2.
2450 4189 2609 4244 Sicut
2638 4188 2792 4244 enim
2825 4207 2939 4245 non
2972 4190 3163 4246 solum
3196 4192 3575 4247 voracissima
3611 4193 3783 4261 ratio,
3828 4194 3933 4249 sed

2268 4280 2442 4335 etiam
2474 4278 2661 4350 ipsius
2701 4278 2958 4350 Apostoli
2997 4278 3254 4335 declarat
3306 4280 3648 4349 auctoritas,
3682 4298 3801 4337 non
3845 4298 3937 4337 se-

2268 4369 2527 4422 cundum
2560 4368 2806 4422 formam
2831 4369 3090 4439 corporis
3121 4368 3296 4424 homo
3334 4369 3520 4425 factus
3542 4374 3631 4424 est
3672 4371 3747 4425 ad
3777 4371 3932 4426 ima-

2267 4455 2462 4527 ginem
2520 4456 2642 4521 Dei,
2686 4456 2784 4511 sed
2843 4457 3169 4511 secundum
3233 4458 3578 4513 rationalem
3640 4463 3927 4515 mentem.

2267 4544 2549 4616 Cogitatio
2580 4545 2795 4616 quippe
2843 4544 3097 4616 turpiter
3128 4562 3277 4601 vana
3328 4550 3435 4615 est,
3470 4562 3600 4617 qum
3649 4548 3932 4619 opinatur

2267 4638 2445 4688 Deum
2462 4632 2855 4688 membrorum
2871 4633 3261 4704 corporalium
3278 4633 3651 4691 lineamentis
3674 4636 3929 4692 circum-

2264 4722 2439 4776 scribi
2466 4726 2640 4792 atque
2690 4721 2864 4775 ﬁniri.
2900 4726 3076 4777 Porro
3116 4727 3314 4777 autem
3346 4740 3541 4779 nonne
3584 4723 3742 4779 idem
3778 4726 3926 4782 bea-

2262 4814 2359 4865 tus
2373 4810 2669 4881 apostolus
2689 4810 2849 4875 dicit,
2874 4812 3240 4867 Renovamini
3256 4813 3461 4883 spiritu
3476 4815 3678 4869 mentis
3697 4817 3924 4884 vestrae,

2263 4902 2310 4953 et
2341 4899 2549 4954 induite
2579 4915 2778 4953 novum
2805 4900 3100 4965 hominem,
3132 4916 3258 4955 eum
3286 4903 3384 4972 qui
3410 4904 3718 4957 secundum
3742 4904 3920 4959 Deum

2258 4993 2471 5043 creatus
2526 4996 2600 5043 est
2640 4988 2855 5058 (Ep/tes.
2906 5005 2986 5059 vr,
3033 4989 3122 5057 23,
3164 4990 3293 5061 24);
3344 4994 3400 5044 et
3448 4990 3588 5045 alibi
3634 4993 3917 5063 apertius,

2260 5078 2534 5131 Exuentes
2594 5092 2698 5141 vos,
2735 5078 2942 5148 inquit,
2996 5084 3228 5133 veterem
3278 5079 3556 5135 hominem
3601 5096 3729 5135 cum
3773 5086 3922 5138 acti-

2260 5168 2360 5222 bus
2387 5173 2521 5236 ejus,
2552 5168 2764 5224 induite
2794 5183 2991 5223 novum
3025 5171 3122 5240 qui
3152 5175 3445 5226 renovatur
3474 5173 3531 5225 in
3575 5174 3921 5244 agnitionem

2257 5257 2355 5311 Dei
2380 5256 2679 5311 secundum
2710 5258 3013 5328 imaginem
3048 5259 3168 5328 ejus
3217 5261 3313 5329 qui
3368 5262 3580 5316 creavit
3630 5276 3753 5316 eum
3787 5264 3918 5335 (Co-

2259 5344 2385 5400 loss.
2422 5361 2508 5411 ιιι,
2533 5346 2588 5411 9,
2623 5346 2758 5417 10)?
2791 5346 2848 5400 Si
2880 5362 3017 5418 ergo
3048 5347 3261 5418 spiritu
3314 5349 3533 5405 mentis
3585 5355 3801 5406 nostra:
3834 5369 3921 5409 re-

2254 5449 2575 5503 novamur,
2623 5438 2679 5488 et
2729 5432 2853 5504 ipse
2912 5439 3002 5489 est
3050 5452 3233 5492 novus
3280 5435 3459 5493 homo
3511 5438 3614 5509 qui
3674 5455 3920 5497 renova-

2251 5524 2348 5576 tur
2388 5522 2447 5575 in
2496 5522 2855 5593 agnitionem
2907 5522 3006 5578 Dei
3039 5526 3367 5580 secundum
3420 5526 3746 5599 imaginem
3787 5530 3917 5601 ejus

2250 5610 2350 5681 qui
2377 5611 2589 5665 creavit
2618 5627 2785 5677 eum;
2827 5609 2973 5665 nulli
3007 5612 3254 5668 dubium
3288 5620 3397 5684 est,
3432 5633 3548 5671 non
3581 5618 3911 5677 secundum

2248 5714 2683 5773 corpus,neque
2724 5699 3049 5756 secundum
3082 5702 3410 5775 quamlibet
3439 5704 3626 5761 animi
3658 5712 3904 5779 partem.

2246 5788 2349 5849 sed
2411 5788 2734 5847 secundum
2791 5788 3135 5850 rationalem
3192 5796 3489 5870 mentem,
3550 5794 3658 5857 ubi
3713 5802 3908 5874 potest
