4160 6468
196 380 345 444 1009

192 517 401 573 dentur
421 517 552 589 apte
574 516 772 573 omnia
789 516 1113 582 convenire,
1136 517 1183 572 si
1202 518 1566 573 considerata
1584 522 1830 573 tracten-

192 612 319 664 tur:
346 606 456 663 nisi
479 607 631 678 quod
656 607 712 661 in
737 606 1012 662 omnibus
1034 608 1237 663 bestiis
1255 613 1312 662 et
1331 607 1662 663 volatilibus
1685 607 1834 663 scri-

193 700 357 769 ptum
388 701 476 752 est
497 712 610 751 non
634 712 761 751 esse
791 696 1089 752 inventum
1117 696 1233 751 viro
1258 697 1617 768 adjutorium
1641 694 1832 751 simile

194 784 296 854 illi,
320 789 377 840 et
395 789 534 840 tunc
556 789 643 839 est
663 784 714 839 ei
740 784 951 839 mulier
973 786 1124 840 facta
1148 786 1216 841 de
1249 785 1425 840 latere
1456 785 1609 856 (Gen.
1644 802 1703 855 ιι,
1735 786 1831 837 ‘20-

191 874 301 943 22).
328 875 562 945 Propter
584 874 739 945 quod
762 890 867 946 ego
895 891 1009 929 non
1054 874 1248 945 putavi
1292 890 1394 945 pro
1436 873 1678 928 muliere
1700 890 1831 927 sen-

194 980 323 1019 sum
356 963 614 1034 corporis
643 978 771 1018 esse
798 965 1152 1035 ponendum,
1178 980 1351 1034 quem
1373 963 1640 1017 videmus
1665 962 1832 1016 nobis

193 1058 247 1106 et
293 1052 496 1108 bestiis
527 1068 656 1107 esse
686 1068 1058 1107 communem
1086 1071 1098 1121 ;
1124 1053 1225 1107 sed
1250 1052 1469 1123 aliquid
1494 1051 1646 1106 volui
1672 1051 1825 1121 quod

192 1141 385 1197 bestiae
401 1158 514 1196 non
533 1141 847 1196 baberent:
872 1157 1231 1213 sensumque
1254 1141 1512 1212 corporis
1530 1141 1716 1211 magis
1729 1156 1833 1211 pro

189 1236 451 1301 serpente
465 1229 909 1302 intelligendum
924 1229 1834 1301 existimavi,quilegitursapien-

189 1321 303 1375 tior
330 1320 605 1375 omnibus
635 1319 980 1391 peccoribus
1030 1323 1193 1375 terrae
1243 1319 1341 1390 (Id.
1394 1335 1476 1385 ιιι,
1530 1319 1603 1389 1).
1654 1319 1716 1372 In
1749 1318 1833 1373 eis

189 1410 402 1480 quippe
425 1408 789 1464 naturalibus
812 1408 1001 1476 bonis,
1023 1424 1147 1478 quae
1165 1408 1333 1463 nobis
1350 1412 1407 1463 et
1423 1405 1831 1462 irrationabili-

189 1498 297 1553 bus
319 1496 722 1552 animantibus
735 1497 999 1553 videmus
1014 1513 1141 1552 esse
1154 1496 1511 1562 communia,
1530 1495 1833 1549 vivacitate

190 1587 443 1658 quadam
466 1603 675 1642 sensus
695 1585 924 1642 excellit
941 1602 953 1642 :
970 1603 1085 1641 non
1110 1585 1203 1640 ille
1226 1586 1296 1640 de
1313 1602 1428 1656 quo
1445 1584 1727 1655 scriptum
1743 1588 1833 1639 est

188 1674 247 1729 in
272 1674 527 1746 Epistola
550 1692 676 1746 quas
699 1679 789 1731 est
826 1674 895 1729 ad
921 1675 1216 1740 Hebraeos,
1258 1674 1353 1728 ubi
1395 1672 1628 1745 legitur,
1647 1674 1830 1743 perfe-
1874 1734 1881 1739 Ι

185 1772 393 1820 ctorum
423 1779 550 1820 esse
581 1764 834 1820 solidum
866 1764 1082 1832 cibum,
1111 1764 1208 1835 qui
1227 1778 1324 1833 per
1343 1763 1595 1817 habitum
1620 1762 1831 1816 exerci-

186 1862 324 1911 tatos
354 1854 553 1910 habent
594 1870 785 1910 sensus
828 1854 908 1910 ad
952 1855 1323 1926 separandum
1369 1854 1569 1909 bonum
1615 1869 1657 1908 a
1683 1851 1831 1906 malo

187 1943 371 2014 (Hebr.
406 1960 460 2011 v,
494 1944 582 2015 14)
609 1961 622 2012 ;
654 1941 739 1997 illi
771 1944 986 2015 quippe
1036 1959 1245 1999 sensus
1276 1946 1497 1997 naturas
1529 1940 1829 1996 rationalis

187 2037 327 2090 sunt
348 2033 418 2089 ad
452 2032 897 2104 intelligentiam
929 2032 1321 2104 pertinentes:
1353 2031 1455 2087 sed
1489 2032 1596 2086 iste
1619 2046 1829 2085 sensus

188 2120 703 2194 quinquepartitus
735 2121 794 2175 in
825 2136 1085 2192 corpore,
1130 2136 1233 2191 per
1263 2135 1439 2191 quem
1490 2135 1601 2173 non
1638 2117 1828 2173 solum

186 2227 221 2266 a
249 2211 439 2281 nobis,
469 2226 670 2265 verum
701 2209 874 2266 etiam
907 2226 940 2265 a
987 2209 1192 2265 bestiis
1243 2207 1559 2280 corporalis
1609 2207 1830 2279 species

189 2304 502 2371 motusque
527 2298 801 2355 sentitur.

257 2390 348 2444 21.
374 2389 481 2445 Sed
507 2389 626 2444 sive
647 2388 782 2454 isto,
806 2388 927 2444 sive
964 2387 1084 2458 illo,
1130 2386 1249 2443 sive
1292 2385 1482 2457 aliquo
1513 2385 1626 2441 alio
1658 2384 1829 2440 modo

190 2478 593 2550 accipiendum
616 2478 712 2548 sit,
735 2478 885 2548 quod
910 2475 1223 2549 Apostolus
1245 2476 1435 2531 virum
1458 2474 1603 2529 dixit
1624 2474 1829 2545 imagi-

188 2585 324 2626 nem
377 2573 434 2624 et
488 2567 735 2641 gloriam
794 2567 917 2634 Dei,
974 2566 1276 2623 mulierem
1334 2571 1527 2621 autem
1584 2563 1827 2635 gloriam

186 2659 295 2713 viri
328 2659 374 2727 (Ι
407 2656 526 2713 Cor.
558 2674 637 2723 χι,
669 2658 764 2727 7);
799 2659 1039 2727 apparet
1075 2660 1273 2710 tamen
1321 2671 1455 2710 cum
1504 2654 1826 2710 secundum

185 2747 373 2803 Deum
404 2746 677 2813 vivimus,
709 2751 964 2800 mentem
997 2749 1257 2800 nostram
1283 2744 1343 2799 in
1366 2742 1680 2799 invisibilia
1702 2744 1831 2813 ejus

184 2836 495 2905 intentam,
531 2851 601 2890 ex
644 2835 771 2906 ejus
820 2833 1160 2900 azternitate,
1212 2833 1469 2900 veritate,
1525 2832 1829 2896 cbaritate,

185 2924 555 2997 proﬁcienter
586 2923 792 2978 debere
825 2922 1101 2977 formari:
1153 2920 1432 2993 quiddam
1479 2936 1610 2975 vero
1656 2919 1829 2974 ratio-

181 3012 336 3068 nalis
357 3012 700 3068 intentionis
726 3017 959 3080 nostrae,
986 3010 1094 3066 hoc
1116 3016 1205 3065 est
1228 3010 1492 3081 ejusdem
1519 3008 1829 3075 mentis,in

182 3118 357 3158 usum
389 3101 763 3157 mutabilium
796 3099 1303 3172 corporaliumque
1328 3115 1543 3165 rerum,
1571 3097 1696 3153 sine
1717 3114 1830 3167 quo

180 3191 307 3246 haec
338 3190 457 3245 vita
484 3207 598 3246 non
631 3189 844 3261 agitur,
875 3188 1243 3260 dirigendum
1270 3205 1283 3255 ;
1336 3205 1449 3242 non
1502 3191 1566 3241 ut
1604 3186 1829 3241 confor-

184 3280 450 3335 memur‘
484 3278 623 3363 buic
652 3277 862 3333 saeculo
917 3278 1091 3347 (Rom.
1146 3294 1248 3347 xu,
1295 3280 1375 3345 2),
1408 3276 1581 3330 ﬁnem
1617 3275 1831 3329 consti-

184 3369 407 3425 tuendo
437 3368 497 3423 in
528 3368 698 3423 bonis
728 3366 968 3435 talibus,
1002 3370 1059 3421 et
1086 3366 1144 3420 in
1176 3382 1244 3420 ea
1274 3364 1672 3435 detorquendo
1700 3364 1832 3418 bea-

184 3457 463 3515 titudinis
492 3456 814 3528 appetitum
845 3473 858 3523 ;
900 3455 1000 3510 sed
1052 3459 1114 3509 ut
1156 3454 1437 3526 quidquid
1473 3454 1643 3509 inusu
1679 3458 1831 3509 tem-

183 3546 477 3619 poralium
526 3543 949 3600 rationabiliter
1001 3543 1265 3610 facimus,
1318 3547 1664 3597 aeternorum
1710 3542 1829 3597 adi-

182 3636 599 3709 piscendorum
657 3632 1151 3705 contemplatione
1209 3631 1514 3699 faciamus,
1576 3649 1677 3704 per
1719 3630 1833 3687 ista

180 3728 580 3791 transeuntes,
614 3721 731 3778 illis
762 3722 1133 3778 inherentes.

258 3812 489 3868 CAPUT
514 3812 659 3867 XIV.
690 3841 762 3853 —-
796 3815 942 3865 Inter
959 3812 1291 3882 sapientiam
1312 3818 1361 3866 et
1381 3810 1679 3866 scientiam
1701 3809 1834 3881 quid

180 3903 366 3958 distet.
395 3902 580 3958 Cultus
602 3903 727 3971 Dei,
752 3917 910 3955 amor
928 3903 1069 3972 ejus.
1097 3899 1372 3967 Quomodo
1391 3914 1490 3969 per
1507 3900 1833 3970 sapientiam

180 3994 285 4063 ﬁat
313 3992 547 4062 cognitio
580 3990 974 4045 intellectualis
1021 4005 1216 4043 rerum
1258 3998 1615 4045 memorum.
1653 3988 1833 4043 Habet

184 4082 345 4137 enim
368 4085 425 4135 et
445 4079 689 4135 scientia
714 4079 952 4133 niodum
976 4094 1149 4133 suum
1172 4078 1414 4142 bonum,
1438 4077 1487 4131 si
1514 4078 1667 4147 quod
1691 4076 1748 4131 in
1769 4093 1834 4132 ea

183 4170 356 4225 inﬂat
374 4168 462 4225 vel
483 4169 687 4225 inflare
709 4166 941 4249 assqlet,
972 4170 1320 4222 mternorum
1343 4166 1625 4221 cbaritate
1644 4167 1834 4221 vinca-

183 4263 308 4327 tur,
333 4275 459 4330 quaa
484 4274 597 4313 non
620 4257 805 4327 inflat,
840 4256 961 4321 sed,
1006 4260 1069 4310 ut
1108 4254 1329 4309 scimus
1370 4254 1614 4309 aediﬁcat
1636 4255 1678 4323 (Ι
1712 4255 1831 4310 Cor.

182 4365 313 4419 VIII,
344 4348 418 4419 4).
453 4346 589 4403 Sine
614 4345 857 4402 scientia
884 4345 1096 4416 quippe
1129 4360 1233 4399 nec
1255 4343 1498 4398 virtutes
1523 4343 1680 4415 ipsae,
1705 4344 1833 4415 qui-

182 4439 302 4494 bus
325 4440 477 4492 recte
498 4436 727 4502 vivitur,
752 4439 1001 4506 possunt
1023 4432 1247 4498 haberi,
1275 4448 1377 4503 per
1407 4448 1552 4503 quas
1577 4432 1697 4487 haec
1720 4433 1836 4487 vita

186 4526 410 4582 misera
439 4526 522 4581 sic
554 4525 931 4596 gubernetur,
968 4526 1031 4577 ut
1061 4523 1130 4577 ad
1162 4520 1325 4576 illam
1359 4538 1488 4592 quae
1516 4537 1647 4576 vere
1668 4523 1837 4577 beata

187 4619 305 4681 est,
338 4613 711 4686 perveniatur
741 4617 1036 4667 aaternam.

262 4706 355 4758 22.
392 4704 576 4758 Distat
605 4707 800 4757 tamen
832 4701 902 4755 ab
952 4704 1300 4755 aeternorum
1351 4697 1838 4770 contemplatione

189 4793 346 4850 actio
380 4809 495 4863 qua
528 4792 673 4846 bene
706 4789 931 4844 utimur
958 4786 1381 4859 temporalibus
1430 4788 1623 4853 rebus,
1656 4792 1712 4843 et
1740 4786 1839 4842 illa

189 4881 518 4954 sapientiae,
551 4879 671 4935 haec
702 4878 954 4934 scientiae
1000 4878 1332 4948 deputatur.
1383 4875 1656 4939 Quamvis
1681 4876 1839 4933 enim

189 4976 251 5028 et
271 4970 374 5025 illa
390 4985 517 5041 quis
540 4968 826 5039 sapientia
848 4971 956 5034 est,
989 4966 1175 5037 possit
1209 4964 1453 5021 scientia
1491 4966 1837 5037 nuncupari,

189 5060 355 5117 sicut
380 5064 437 5114 et
460 5056 771 5129 Apostolus
802 5056 1076 5128 loquitur,
1111 5054 1210 5109 ubi
1260 5054 1418 5122 dicit,
1452 5055 1605 5110 Nune
1632 5057 1742 5110 scio
1771 5070 1842 5110 ea:

183 5153 375 5222 parte,
408 5153 542 5203 tunc
582 5149 764 5201 autem
810 5159 1125 5216 cognoscam
1153 5143 1292 5199 sicut
1343 5152 1393 5198 et
1446 5144 1694 5212 cognitus
1719 5160 1843 5197 sum

186 5238 296 5311 (Id.
331 5254 458 5305 xm,
495 5236 621 5305 12);
656 5250 831 5306 quam
861 5233 1163 5289 scientiam
1198 5232 1451 5303 profecto
1484 5232 1841 5303 contempla-

186 5326 376 5383 tionis
433 5324 532 5381 Dei
591 5323 715 5378 vult
772 5321 1043 5394 intelligi,
1117 5322 1268 5392 quod
1350 5326 1685 5375 sanctorum
1737 5320 1847 5376 erit

192 5414 505 5487 praemium
556 5427 895 5466 summum:
955 5415 1152 5465 tamen
1212 5410 1311 5464 ubi
1370 5409 1529 5477 dicit,
1575 5411 1691 5464 Alii
1719 5413 1842 5482 qui-

192 5505 322 5560 dem
348 5503 516 5558 datur
543 5517 641 5573 per
681 5500 950 5571 Spiritum
977 5514 1151 5554 sermo
1189 5502 1500 5570 sapientiae,
1534 5500 1645 5553 alii
1671 5514 1847 5554 sermo

193 5594 454 5651 scientia?
480 5589 775 5647 secundum
815 5588 1063 5643 eumdem
1114 5587 1384 5659 Spiritum
1439 5588 1561 5653 (ILL,
1618 5604 1717 5655 xu,
1750 5588 1844 5657 8);

265 5758 285 5793 ί
321 5754 507 5805 Plures
536 5752 683 5811 Msa,
708 5750 1072 5813 con/armetur.

1493 385 1722 446 LIBER
1766 384 2294 450 DUODECIMUS.

3439 386 3594 453 1010

1940 519 2060 572 haec
2084 520 2286 591 utique
2309 523 2421 576 duo
2441 521 2566 575 sine
2584 520 2952 577 dubitatione
2970 519 3297 596 distinguit,
3320 521 3454 580 licet
3476 542 3591 581 non

1938 607 2019 663 ibi
2050 608 2293 679 explicet
2324 610 2463 681 quid
2498 610 2746 679 intersit,
2778 620 2834 666 et
2868 612 3021 667 unde
3053 614 3239 684 possit
3270 618 3583 685 utrumque

1939 698 2220 769 dignosci.
2250 703 2462 754 Verum
2485 700 2917 771 Scripturarum
2942 707 3273 756 sanctarum
3300 702 3589 775 multipli-

1937 802 2062 842 cem
2096 787 2319 857 copiam
2354 793 2672 854 scrutatus,
2704 789 2935 844 invenio
2970 790 3252 862 scriptum
3277 807 3404 846 esse
3429 793 3487 847 in
3513 793 3582 846 li-

1940 873 2041 930 bro
2070 876 2200 944 Job,
2243 877 2444 931 eodem
2495 882 2694 933 sancto
2742 878 2864 932 viro
2897 877 3203 950 loquente:
3242 883 3381 935 Ecce
3407 883 3588 951 pietas

1936 972 2015 1018 est
2034 967 2340 1035 sapientia;
2358 968 2635 1021 abstinere
2658 976 2839 1021 autem
2861 984 2893 1022 a
2916 969 3077 1022 malis
3102 976 3179 1023 est
3199 970 3429 1023 scientia
3447 971 3583 1040 (Job.

1936 1069 2130 1117 xxvm,
2162 1054 2273 1120 28).
2307 1055 2370 1109 In
2403 1054 2512 1110 hac
2542 1056 2869 1110 differentia
2916 1056 3361 1129 intelligendum
3396 1063 3481 1113 est
3511 1059 3585 1113 ad

1937 1142 2485 1213 contemplationem
2520 1144 2891 1215 sapientiam,
2946 1146 3018 1200 ad
3070 1145 3355 1201 actionem
3388 1147 3582 1201 scien-

1934 1230 2079 1285 tiam
2125 1232 2428 1300 pertinere.
2484 1233 2759 1287 Pietatem
2810 1234 3027 1305 quippe
3075 1233 3183 1289 hoc
3233 1234 3355 1289 loco
3388 1236 3584 1306 posuit

1939 1320 2034 1374 Dei
2066 1319 2308 1387 cultum,
2342 1338 2468 1392 quae
2500 1338 2682 1392 graece
2714 1321 2923 1378 dicitur
2957 1317 3247 1385 θεοσέϐεια.
3297 1324 3443 1379 Nam
3475 1324 3584 1379 hoc

1934 1408 2174 1464 verbum
2208 1409 2383 1465 habet
2411 1411 2524 1465 ista
2562 1411 2851 1466 sententia
2900 1412 2959 1465 in
3011 1412 3309 1468 codicibus
3357 1413 3579 1485 graecis.

1936 1498 2007 1552 Et
2035 1498 2171 1569 quid
2204 1504 2292 1553 est
2324 1498 2381 1553 in
2412 1499 2643 1555 aeternis
2670 1499 3046 1555 excellentius
3078 1517 3256 1572 quam
3286 1503 3454 1569 Deus,
3479 1519 3581 1558 cu-

1927 1587 2029 1657 jus
2060 1587 2243 1643 solius
2270 1587 2656 1644 immutabilis
2688 1594 2777 1644 est
2826 1594 3033 1643 natura
3055 1588 3081 1642 ?
3128 1590 3193 1644 Et
3223 1590 3354 1660 quis
3386 1590 3579 1647 cultus

1933 1677 2084 1746 ejus,
2116 1675 2229 1731 nisi
2263 1694 2426 1732 amor
2458 1679 2608 1748 ejus,
2652 1695 2768 1749 quo
2800 1695 2955 1733 nunc
3007 1679 3411 1733 desideramus
3442 1695 3578 1735 eum

1930 1765 2148 1831 videre,
2177 1766 2590 1837 credimusque
2623 1772 2681 1822 et
2702 1783 3008 1838 speramus
3032 1784 3137 1823 nos
3158 1784 3286 1823 esse
3308 1766 3536 1822 visuros
3563 1784 3577 1835 ;

1932 1858 1990 1909 ct
2020 1859 2306 1925 quantum
2338 1854 2678 1926 proﬁcimus
2708 1856 2954 1911 videmus
2982 1872 3131 1911 nunc
3167 1873 3270 1928 per
3296 1856 3579 1927 speculum

1931 1944 1993 1998 in
2021 1945 2335 2014 aenigmate,
2370 1952 2498 1999 tunc
2527 1949 2711 2000 autem
2735 1945 2789 1999 in
2816 1945 3285 2001 manifestatione
3303 1946 3331 2000 ?
3355 1946 3469 2000 Hoc
3490 1950 3580 2000 est

1931 2033 2088 2087 enim
2119 2034 2273 2102 quod
2307 2032 2388 2088 ait
2426 2032 2725 2105 apostolus
2776 2034 3017 2102 Paulus,
3069 2036 3213 2105 facie
3257 2034 3327 2089 ad
3373 2036 3577 2105 faciem

1930 2125 1979 2189 (Ι
2007 2122 2125 2177 Cor.
2152 2138 2277 2187 xm,
2318 2122 2439 2189 l2):
2485 2121 2592 2177 hoc
2622 2122 2797 2178 etiam
2830 2124 2985 2194 quod
3020 2123 3293 2190 Joannes,
3325 2124 3589 2179 Dilectis-‘

1930 2210 2081 2276 simi,
2110 2226 2259 2265 nunc
2287 2210 2396 2279 ﬁlii
2424 2211 2522 2266 Dei
2550 2226 2759 2278 sumus,
2787 2216 2837 2267 et
2883 2212 3126 2267 nondum
3154 2214 3413 2283 apparuit
3441 2212 3574 2282 quid

1931 2303 2135 2369 erimus
2152 2320 2173 2365 ;
2204 2304 2406 2358 scimus
2437 2303 2566 2373 quia
2596 2318 2723 2359 cum
2751 2306 3092 2375 apparuerit,
3141 2304 3354 2359 similes
3381 2304 3434 2358 ei
3461 2304 3572 2357 eri-

1930 2408 2075 2459 mus,
2107 2394 2367 2462 quoniam
2386 2391 2687 2447 videbimus
2706 2407 2827 2446 eum
2846 2391 3013 2447 sicuti
3034 2396 3112 2446 est
3134 2391 3178 2463 (Ι
3199 2394 3358 2447 Joan.
3386 2408 3470 2458 ιιι,
3493 2391 3572 2460 2).

1933 2480 2014 2536 De
2045 2480 2137 2536 bis
2169 2486 2342 2550 atque
2372 2480 2711 2550 hujusmodi
2746 2481 2970 2536 sermo1
3003 2480 3129 2552 ipse
3173 2480 3317 2535 mihi
3347 2478 3578 2535 videtur

1933 2585 2061 2625 esse
2093 2586 2283 2625 sermo
2334 2569 2648 2640 sapientia.
2711 2569 3017 2624 Abstinere
3076 2571 3269 2624 autem
3318 2585 3352 2623 a
3383 2566 3579 2632 malis,

1931 2674 2106 2727 quam
2136 2658 2246 2714 Job
2277 2657 2582 2714 scientiam
2616 2657 2763 2712 dixit
2783 2673 2933 2725 esse,
2958 2673 3151 2713 rerum
3179 2656 3378 2727 procul
3404 2656 3580 2711 dubio

1931 2746 2345 2818 temporalium
2396 2751 2502 2802 est.
2551 2746 2836 2810 Quoniam
2882 2747 3207 2801 secundum
3260 2750 3490 2816 tempus
3522 2744 3581 2799 in

1932 2835 2106 2890 malis
2134 2851 2362 2901 sumus,
2396 2835 2614 2906 quibus
2644 2834 2939 2890 abstinere
2968 2835 3270 2900 debemus,
3296 2838 3362 2888 ut
3384 2834 3455 2887 ad
3476 2832 3580 2888 illa

1931 2924 2085 2980 bona
2114 2929 2333 2980 aeterna
2363 2924 2687 2980 veniamus.
2721 2922 3109 2987 Quamobrem
3133 2921 3420 2993 quidquid
3444 2939 3579 2993 pru-

1932 3015 2149 3081 denter,
2186 3013 2428 3079 fortiter,
2472 3017 2866 3084 temperanter
2914 3016 2971 3065 et
3009 3013 3170 3082 juste
3220 3011 3471 3083 agimus,
3506 3010 3577 3065 ad

1933 3119 2062 3159 eam
2096 3103 2346 3174 pertinet
2393 3101 2700 3157 scientiam
2756 3101 2875 3156 sive
2923 3100 3319 3172 disciplinam,
3377 3099 3580 3169 quain

1933 3192 2218 3248 evitandis
2266 3190 2436 3245 malis
2486 3189 2770 3261 bonisque
2824 3189 3167 3261 appetendis
3199 3188 3348 3243 actio
3382 3192 3581 3243 nostra

1931 3285 2232 3346 versatur;
2257 3285 2313 3334 et
2334 3279 2619 3350 quidquid
2647 3282 2881 3350 propter
2902 3278 3168 3349 exempla
3193 3276 3281 3331 vel
3306 3277 3580 3344 cavenda,

1930 3369 2021 3425 vel
2061 3368 2368 3432 imitanda,
2419 3372 2475 3423 et
2530 3371 2764 3438 propter
2813 3383 3178 3437 quarumque
3226 3381 3421 3420 rerum
3455 3381 3580 3435 qua:

1934 3457 2152 3513 nostris
2184 3456 2624 3512 accommodata
2645 3459 2785 3510 sunt
2815 3455 3022 3510 usibus
3054 3453 3382 3509 necessaria
3402 3453 3582 3508 docu-

1935 3551 2153 3615 menta,
2187 3544 2465 3600 historica
2495 3543 2823 3615 cognitione
2853 3542 3207 3615 colligimus.

2004 3634 2092 3688 23.
2118 3634 2196 3688 De
2218 3632 2310 3688 bis
2331 3649 2467 3705 ergo
2499 3648 2690 3688 sermo
2723 3648 2854 3687 cum
2890 3632 2974 3698 ﬁt,
3006 3648 3141 3686 eum
3172 3630 3429 3686 scientias
3468 3645 3586 3684 ser-

1936 3739 2167 3778 monem
2191 3727 2353 3793 puto,
2378 3721 2829 3777 discernendum
2847 3736 3158 3776 asermone
3171 3719 3577 3791 sapientiaz,ad

1936 3827 2111 3883 quam
2135 3810 2425 3882 pertinent
2447 3825 2514 3865 ea
2536 3826 2662 3881 quae
2683 3824 2789 3865 nec
2812 3810 3065 3876 fuerunt,
3087 3825 3192 3864 nec
3207 3808 3403 3863 futura
3421 3811 3581 3875 sunt,

1936 3901 2038 3956 sed
2063 3904 2218 3969 sunt,
2243 3905 2301 3954 et
2322 3903 2558 3970 prOpter
2578 3915 2705 3954 eam
2731 3898 3115 3954 aeternitatem
3138 3898 3197 3952 in
3217 3914 3333 3969 qua
3350 3900 3509 3963 sunt,
3529 3899 3586 3951 et

1936 3989 2118 4044 fuisse
2139 3995 2197 4044 et
2216 4005 2345 4044 esse
2366 3993 2423 4043 et
2447 3988 2644 4043 futura
2666 4004 2793 4043 esse
2816 3987 3113 4052 dicuntur,
3144 3986 3270 4041 sine
3300 3985 3421 4041 ulla
3451 4002 3581 4040 mu-

1937 4078 2223 4134 tabilitate
2256 4083 2609 4148 temporum.
2644 4076 2770 4133 Non
2801 4077 2958 4131 enim
2990 4076 3073 4132 sic
3104 4075 3340 4129 fuerunt
3369 4078 3434 4128 ut
3455 4088 3583 4128 esse

1938 4167 2292 4234 desinerent,
2316 4169 2417 4220 aut
2434 4163 2517 4219 sic
2540 4165 2739 4219 futura
2760 4169 2899 4219 sunt
2920 4164 3089 4233 quasi
3109 4179 3265 4217 nunc
3288 4178 3399 4217 non
3425 4162 3580 4216 sint:

1938 4254 2311 4325 sedidipsum
2326 4269 2454 4308 esse
2466 4250 3583 4323 semperhabuerunt,semperhabitura

1938 4348 2093 4400 sunt.
2116 4343 2351 4398 Manent
2366 4346 2585 4412 autem,
2603 4358 2715 4396 non
2731 4344 3010 4411 tanquam
3027 4340 3084 4394 in
3100 4340 3307 4411 spatiis
3320 4338 3581 4394 locorum

1940 4434 2053 4488 ﬁxa
2073 4431 2247 4487 veluti
2271 4447 2511 4501 corpora
2537 4446 2550 4484 ς
2581 4430 2680 4484 sed
2706 4429 2764 4483 in
2789 4426 3360 4499 naturaincorporali
3391 4426 3473 4483 sic
3495 4427 3580 4481 in-

1938 4520 2267 4593 telligibilia
2290 4525 2499 4591 praesto
2528 4522 2667 4574 sunt
2689 4518 2903 4572 mentis
2926 4518 3281 4589 aspectibus,
3307 4516 3457 4573 sicut
3474 4516 3587 4571 ista

1939 4612 2001 4666 in
2024 4610 2167 4666 locis
2187 4608 2440 4664 visibilia
2456 4608 2543 4663 vel
2562 4606 2998 4663 contrectabilia
3015 4607 3273 4679 corporis
3290 4606 3584 4661 sensibus.

1939 4700 2065 4756 Non
2085 4702 2276 4754 autem
2300 4697 2489 4752 solum
2516 4712 2710 4751 rerum
2734 4696 3107 4750 sensibilium
3130 4698 3190 4749 in
3212 4695 3355 4751 locis
3375 4694 3588 4766 posita-

1941 4806 2072 4845 rum
2086 4788 2211 4843 sine
2224 4784 2724 4858 spatiislocalibus
2740 4788 2979 4839 manent
2993 4783 3587 4856 intelligibilesincor-

1942 4876 2287 4951 poralesque
2305 4874 2589 4929 rationes:
2610 4890 2812 4929 verum
2829 4873 3004 4929 etiam
3025 4873 3348 4929 motionum
3364 4872 3423 4926 in
3436 4876 3583 4951 tem-

1943 4948 2186 5040 poribus
2208 4963 2637 5019 transeuntium
2661 4961 2786 5017 sine
2806 4960 3114 5033 temporali
3144 4960 3393 5015 transitu
3426 4948 3586 5015 stant

1944 5056 2120 5113 etiam
2145 5054 2285 5125 ipsis
2316 5052 2517 5123 utique
2550 5050 2964 5123 intelligibiles,
2996 5068 3111 5106 non
3142 5049 3466 5106 sensibiles.
3498 5047 3584 5103 Ad

1946 5134 2093 5216 quas
2117 5142 2327 5199 mentis
2352 5141 2472 5196 acie
2494 5139 2791 5212 pervenire
2840 5154 3157 5210 paucorum
3208 5142 3330 5205 est;
3365 5140 3422 5192 et
3451 5152 3585 5191 cum

1945 5232 2295 5306 pervenitur,
2322 5234 2605 5301 quantum
2642 5228 2763 5281 ﬁeri
2799 5231 3011 5299 potest,
3048 5243 3160 5281 non
3193 5226 3250 5281 in
3284 5226 3368 5281 eis
3391 5228 3589 5281 manet

1946 5324 2072 5395 ipse
2096 5325 2421 5393 perventor,
2447 5320 2545 5374 sed
2573 5316 2748 5372 veluti
2775 5314 2932 5369 acie“
2957 5315 3085 5386 ipsa
3106 5316 3472 5370 reverberate.
3504 5328 3590 5367 re-

1949 5410 2203 5482 pellitur,
2229 5414 2284 5463 et
2308 5410 2371 5463 ﬁt
2395 5406 2473 5461 rei
2502 5423 2616 5460 non
2638 5403 2988 5459 transitoria}
3015 5402 3347 5457 transitoria
3370 5400 3593 5472 cogita-

1950 5500 2052 5556 tio.
2086 5500 2220 5561 Quaa
2251 5504 2444 5552 tamen
2478 5493 2748 5565 cogitatio
2786 5491 3077 5547 transiens
3123 5508 3225 5562 per
3252 5489 3595 5561 disciplinas

2016 5625 2033 5657 ί
2065 5623 2283 5671 Codices
2312 5619 2547 5683 quidam,
2582 5617 2655 5664 De
2700 5615 2778 5664 his
2825 5616 2977 5676 atque
3024 5613 3319 5679 hujusmodi
3347 5613 3597 5664 sermoni-

1954 5685 2247 5797 ὁυίςῬιιιιυθε
2277 5746 2419 5805 Mss.,
2450 5742 2599 5793 acies.
