4160 6436
519 353 667 414 1011

521 489 736 560 quibus
756 486 1021 542 eruditur
1043 485 1294 554 animus,
1311 485 1599 541 memoriae
1616 485 2079 546 commendatur,
2102 488 2163 537 ut

522 578 598 634 sit
628 593 742 648 quo
775 577 962 632 redire
991 575 1196 646 possit,
1248 592 1374 646 quae
1423 575 1651 646 cogitur
1694 574 1830 629 inde
1874 573 2158 628 transire:

525 666 790 737 quamvis
809 665 856 718 si
876 665 946 718 ad
969 664 1309 719 memoriam
1331 664 1597 735 cogitatio
1621 680 1732 717 non
1754 661 2166 732 rediret,atque

525 756 677 825 quod
719 754 1226 808 commendaverat
1265 753 1343 806 ibi
1392 751 1878 822 inveniretﬁvelut
1899 751 2062 804 rudis
2093 749 2161 803 ad

523 843 633 898 hoc
663 843 814 897 sicut
863 843 1039 897 ducta
1082 842 1270 896 fuerat
1314 841 1641 907 duceretur,
1675 840 1850 908 idque
1883 838 2168 892 inveniret

527 932 624 987 ubi
659 931 915 1003 primum
947 932 1264 995 invenerat,
1313 930 1370 983 in
1423 928 1520 983 illa
1569 927 1791 984 scilicet
1829 927 2167 997 incorporea

523 1021 786 1086 veritate,
820 1021 973 1074 unde
997 1036 1201 1074 rursus
1226 1018 1392 1090 quasi
1420 1017 1776 1087 descriptum
1802 1016 1856 1069 in
1887 1015 2168 1070 memoria

527 1109 822 1180 ﬁgeretur.
856 1109 1054 1178 Neque
1104 1107 1258 1162 enim
1311 1107 1461 1162 sicut
1510 1109 1722 1169 manet,
1771 1105 1927 1159 verbi
1959 1104 2165 1175 gratia,

529 1195 801 1267 quadrati
834 1196 1090 1266 corporis
1143 1193 1521 1266 incorporalis
1568 1199 1624 1248 et
1673 1191 2168 1248 incommutabilis

528 1285 694 1352 ratio,
729 1284 813 1339 sic
845 1284 904 1338 in
935 1300 1002 1339 ea
1034 1289 1226 1338 manet
1259 1283 1513 1338 hominis
1545 1282 1816 1353 cogitatio
1845 1300 1858 1348 ;
1890 1282 1940 1336 si
1972 1287 2169 1336 tamen

527 1373 599 1428 ad
631 1389 758 1428 eam
792 1373 916 1427 sine
947 1371 1256 1443 phantasia
1288 1372 1462 1443 spatii
1506 1370 1708 1426 localis
1758 1371 1943 1442 potuit
1973 1386 2168 1440 perve-

529 1461 673 1517 nire.
709 1463 823 1515 Aut
871 1461 920 1515 si
953 1461 1205 1531 alicujus
1252 1460 1550 1515 artificiosi
1582 1465 1637 1515 et
1675 1459 1883 1515 musici
1914 1460 2040 1514 soni
2071 1475 2173 1529 per

531 1566 724 1605 moras
753 1549 1033 1619 temporis
1064 1548 1420 1604 transeuntis
1471 1548 1860 1604 numerositas
1907 1564 2174 1619 compre-

527 1639 839 1702 hendatur,
875 1638 1001 1692 sine
1041 1643 1301 1709 tempore
1350 1642 1513 1693 stans
1561 1638 1620 1693 in
1669 1638 1920 1709 quodam
1953 1641 2171 1692 secreto

528 1725 763 1797 altoque
818 1725 1078 1792 silentio,
1139 1726 1364 1780 tamdiu
1422 1725 1625 1780 saltem
1686 1725 1926 1797 cogitari
1984 1730 2174 1796 potest

529 1815 808 1886 quamdiu
869 1819 1060 1885 potest
1115 1814 1211 1869 ille
1269 1819 1474 1869 cantus
1529 1814 1756 1868 audiri:
1789 1819 1984 1868 tamen
2017 1815 2168 1886 quod

528 1904 663 1958 inde
721 1903 981 1974 rapuerit
1037 1903 1146 1958 etsi
1203 1902 1496 1957 transiens
1544 1902 1758 1957 mentis
1794 1907 2084 1973 aspectus,
2119 1907 2176 1957 et

529 1992 696 2062 quasi
728 1991 980 2063 glutiens
1004 1991 1062 2045 in
1095 1995 1387 2046 ventrem1
1413 1992 1493 2045 ita
1513 1990 1572 2045 in
1597 1991 1878 2046 memoria
1900 2006 2172 2062 reposue-

531 2081 626 2149 rit,
659 2080 871 2152 poterit
901 2081 1256 2135 recordando
1288 2081 1540 2151 quodam
1571 2081 1744 2135 modo
1774 2079 2092 2147 ruminare,
2120 2084 2176 2134 et

530 2169 592 2224 in
624 2168 993 2240 disciplinam
1026 2170 1180 2239 quod
1213 2169 1297 2224 sic
1328 2168 1595 2224 didicerit
1627 2169 1916 2240 trajicere.
1940 2169 2098 2232 Quod
2125 2169 2174 2224 si

533 2257 706 2312 fuerit
757 2257 1094 2313 omnimoda
1139 2256 1430 2312 oblivione
1479 2257 1755 2320 deletum,
1804 2273 2009 2311 rursus
2040 2257 2173 2329 dge-

532 2346 690 2401 trina
719 2347 863 2400 duce
897 2346 968 2400 ad
1003 2345 1056 2400 id
1088 2345 1353 2401 venietur
1396 2345 1547 2416 quod
1598 2345 1832 2416 penitus
1863 2344 2173 2410 exciderat,

532 2439 586 2491 et
621 2435 704 2489 sic
734 2434 1062 2489 invenietur
1094 2438 1160 2488 ut
1189 2439 1332 2489 erat.

603 2523 837 2578 CAPUT
859 2523 970 2577 XV.
985 2524 1350 2579 —24.Contra
1364 2524 1835 2578 reminiscentiam
1857 2523 2107 2577 Platonis
2125 2529 2177 2577 et

531 2611 1098 2683 Pythagorwﬁamius
1115 2613 1554 2683 Pythagoram:
1567 2610 2177 2684 di/ferentiasapientiw

534 2717 569 2755 a
589 2701 838 2769 scientia,
863 2708 913 2755 et
934 2702 1002 2755 de
1025 2700 1444 2771 quaerendam-21
1454 2703 1587 2755 itote
1601 2703 1659 2755 in
1669 2701 1898 2755 scientia
1911 2704 2176 2771 tempora-

537 2789 693 2844 lium.
715 2788 877 2844 Unde
889 2788 1048 2843 Plato
1063 2788 1158 2843 ille
1170 2789 1555 2860 philosophus
1572 2789 1804 2844 mobilis
1828 2789 2175 2860 persuadere

537 2881 782 2933 conatus
804 2881 892 2932 est
931 2877 1143 2933 vixisse
1187 2878 1280 2931 hic
1320 2878 1548 2932 animas
1580 2878 1908 2946 hominum,
1934 2882 1989 2932 et
2010 2882 2170 2932 ante-

536 2983 711 3038 quam
747 2966 860 3020 ista
891 2983 1128 3037 corpora
1158 2971 1469 3038 gemerent:
1504 2971 1560 3022 et
1594 2967 1727 3021 hinc
1771 2981 1898 3021 esse
1930 2968 2078 3039 quod
2109 2984 2175 3022 ea

538 3071 664 3126 quae
688 3055 1012 3121 discuntur,
1032 3054 1490 3110 reminiscuntur
1507 3055 1699 3126 potius
1717 3056 1968 3127 cognita,
1998 3073 2170 3127 quam

536 3148 972 3214 cognoscuntur
992 3160 1156 3198 nova.
1173 3143 1580 3209 Retulitenim,
1597 3161 1840 3214 puerum
1857 3146 2171 3215 quemdam

536 3233 738 3287 nescio
775 3248 900 3301 quae
941 3232 1011 3286 de
1043 3233 1425 3305 geometrica”
1457 3233 1901 3303 interrogatum,
1933 3234 2017 3288 sic
2049 3250 2171 3288 res-

545 3321 841 3391 pondisse,
880 3330 1156 3391 tanquam
1190 3325 1343 3375 esset
1386 3320 1544 3376 illius
1578 3322 1968 3391 peritissimus
2000 3321 2171 3376 disci-

533 3407 725 3480 plinas.
778 3409 1078 3464 Gradatim
1126 3408 1338 3480 quippe
1385 3415 1558 3480 atque
1588 3409 1898 3465 artiﬁciose
1930 3410 2170 3465 interro-

532 3501 728 3569 gatus,
784 3499 1016 3554 videbat
1071 3498 1224 3570 quod
1258 3498 1569 3556 vivendum
1629 3504 1769 3569 erat,
1830 3499 2174 3571 dicebatque

534 3587 688 3656 quod
721 3586 960 3641 viderat.
1023 3587 1134 3642 Sed
1192 3587 1240 3643 si
1290 3588 1607 3643 recordatio
1649 3587 1768 3642 haec
1799 3592 1951 3644 esset
1979 3606 2170 3644 rerum

534 3678 704 3729 antea
735 3675 1121 3745 eognitarum,
1157 3692 1272 3731 non
1300 3676 1505 3748 utique
1537 3693 1739 3732 omnes
1770 3676 1856 3731 vel
1881 3693 2026 3748 pene
2049 3693 2174 3732 om-

535 3779 661 3832 nes,
693 3779 824 3817 cum
860 3763 959 3819 illo
1002 3765 1170 3819 modo
1220 3764 1738 3835 interrogarentur,
1777 3765 1882 3821 hoc
1915 3770 2171 3837 possent.

534 3856 657 3906 Non
695 3852 848 3908 enim
881 3869 1084 3908 omnes
1116 3853 1174 3906 in
1203 3853 1393 3924 priore
1422 3854 1541 3909 vita
1579 3857 1884 3924 geometrae
1916 3855 2172 3919 fuerunt,

538 3957 669 3996 cum
701 3945 822 3995 tam
855 3941 969 3995 rari
1002 3944 1121 3996 sint
1151 3942 1208 3995 in
1242 3957 1451 4012 genere
1483 3942 1758 4008 humano,
1794 3946 1857 3995 ut
1876 3943 1968 3996 vix
1991 3944 2177 4014 possit

537 4028 749 4100 aliquis
780 4029 1061 4083 inveniri:
1096 4031 1193 4084 sed
1229 4030 1421 4099 potius
1461 4030 1815 4084 credendum
1846 4035 1933 4084 est
1964 4031 2176 4086 mentis

537 4117 953 4173 intellectualis
987 4119 1065 4173 ita
1097 4119 1391 4172 conditam
1419 4134 1545 4172 esse
1584 4123 1874 4183 naturam,
1911 4123 1974 4172 ut
2003 4120 2176 4175 rebus

538 4206 944 4279 intelligilihus
963 4206 1212 4262 naturali
1234 4208 1454 4274 ordine,
1479 4207 1824 4278 disponente
1846 4207 2171 4276 Conditore,

535 4298 849 4368 subjuncta
881 4295 963 4351 sic
997 4296 1109 4351 ista
1140 4296 1329 4350 videat
1365 4297 1420 4350 in
1449 4297 1697 4367 quadam
1729 4295 1856 4352 luce
1887 4297 1976 4352 sui
2001 4313 2169 4368 gene-

533 4385 614 4440 ris
647 4386 1007 4456 incorporea,
1040 4385 1536 4455 quemadmodum
1568 4385 1772 4441 oculus
1806 4387 1997 4442 carnis
2019 4387 2176 4441 videt

531 4489 660 4545 quae
711 4474 768 4527 in
821 4474 928 4527 hac
977 4490 1250 4544 corporea
1299 4473 1426 4529 luce
1460 4474 1970 4545 circumadjacent,
2007 4477 2173 4546 cujus

530 4562 679 4616 lucis
710 4579 890 4634 capax
921 4562 1087 4632 eique
1120 4579 1448 4635 congruens
1480 4569 1568 4619 est
1590 4570 1840 4619 creatus.
1867 4565 1990 4620 Non
2015 4565 2169 4620 enim

526 4655 581 4706 et
611 4652 739 4721 ipso
766 4652 893 4706 ideo
925 4651 1049 4706 sine
1078 4653 1359 4724 magistro
1393 4652 1524 4707 alba
1573 4657 1629 4706 et
1673 4654 1840 4724 nigra
1871 4653 2166 4720 discernit,

527 4739 666 4809 quia
689 4741 938 4809 istajam
959 4745 1195 4795 noverat
1217 4746 1526 4812 antequam
1551 4741 1606 4795 in
1632 4742 1738 4796 hac
1762 4758 1932 4796 carne
1951 4758 2170 4798 creare-

524 4828 907 4900 tur.Denique
923 4829 1110 4883 curde
1130 4828 1271 4884 solis
1290 4831 1465 4885 rebus
1486 4829 1946 4901 intelligibilibus
1967 4831 2023 4885 id
2044 4832 2166 4887 fieri

521 4919 732 4986 potest,
749 4922 814 4971 ut
829 4917 973 4972 bene
987 4917 1377 4988 interrogatus
1393 4919 1638 4988 quisque
1651 4920 1997 4989 respondeat
2009 4936 2042 4990 q
2054 4922 2164 4975 uod

518 5005 589 5058 ad
625 5021 924 5076 quamque
954 5004 1203 5076 pertinet
1237 5006 1632 5076 disciplinam,
1666 5007 1894 5062 etiamsi
1933 5008 2060 5078 ejus
2084 5009 2164 5080 ig-

517 5108 695 5149 narus
719 5094 849 5150 est?
871 5094 985 5150 Cur
1006 5094 1111 5150 hoc
1137 5094 1322 5150 facere
1344 5095 1412 5149 de
1434 5095 1607 5150 rebus
1629 5096 2004 5152 sensibilibus
2033 5097 2160 5152 nul-

576 5264 591 5297 1
626 5263 769 5320 Mss.,
801 5263 855 5311 in
878 5264 1069 5311 ventre.

573 5324 595 5359 ³
620 5324 705 5374 Sic
733 5326 856 5374 Mss.
890 5324 1029 5374 Editi
1059 5339 1202 5386 vero,
1238 5325 1301 5376 de
1326 5327 1626 5390 geometria.

1627 353 1728 413 DE
1771 349 2224 425 TBINITATE,
2270 347 2334 409 S.
2383 350 2811 412 AUGUSTINI‘

3763 345 3931 410 1012

2270 481 2362 536 lus
2387 487 2597 553 potest,
2619 483 2727 537 nisi
2751 499 2896 553 quas
2920 483 3028 537 islo
3051 481 3190 537 vidit
3209 481 3266 536 in
3287 497 3529 554 corpore
3548 481 3929 538 constitutus’

2276 575 2378 625 aut
2399 571 2484 626 eis
2503 587 2626 640 quae
2650 576 2930 626 noverant
2963 571 3362 627 indicantibus
3394 572 3664 641 credidit,
3698 589 3801 627 seu
3835 572 3928 627 lit-

2273 658 2414 713 teris
2433 661 2641 730 cujusq
2655 676 2740 730 ue,
2758 676 2859 714 seu
2876 660 3104 714 verbis?
3122 661 3244 717 Non
3262 659 3418 714 enim
3434 660 3926 730 acquiescendum

2275 753 2361 803 est
2382 748 2464 804 eis
2494 750 2591 819 qui
2623 750 2879 804 Samium
2915 750 3295 821 Pythagoram
3329 750 3521 804 ferunt
3553 750 3926 805 recordatum

2277 836 2457 892 fuisse
2488 837 2626 892 talia
2647 837 2927 893 nonnulla
2951 855 3079 909 quae
3103 839 3287 892 fuerat
3309 842 3584 908 expertus
3602 842 3642 907 ί,
3669 855 3805 893 cum
3830 839 3928 892 hic

2276 925 2387 980 alio
2412 928 2532 995 jam
2553 927 2827 981 fuissetin
2845 944 3098 997 corpora:
3121 932 3177 982 et
3191 926 3334 981 alios
3352 926 3668 982 nonnullos
3683 932 3928 982 narrant

2277 1013 2394 1083 alii,
2420 1015 2705 1084 ejusmodi
2730 1016 2949 1086 aliquid
2976 1017 3032 1069 in
3058 1015 3182 1070 suis
3205 1017 3504 1071 mentibus
3525 1033 3924 1087 passos:quas

2278 1102 2456 1157 falsas
2472 1105 2650 1158 fuisse
2666 1121 2814 1159 mem
2825 1105 3215 1175 orias,quales
3230 1105 3390 1176 pleru
3403 1121 3575 1176 mque
3590 1106 3927 1176 experimur

2277 1190 2333 1243 in
2368 1193 2610 1256 somnis,
2648 1195 2883 1263 quando
2915 1195 3083 1248 nobis
3113 1195 3380 1248 videmur
3425 1194 3724 1249 reminisci
3757 1195 3924 1266 quasi

2278 1280 2569 1350 egerimus
2601 1291 2702 1336 aut
2732 1282 3070 1350 viderimus,
3105 1283 3259 1353 quod
3291 1299 3394 1337 nec
3427 1283 3658 1354 egimus
3682 1285 3922 1339 omnino

2279 1385 2384 1423 nec
2407 1369 2681 1439 vidimus;
2701 1375 2758 1426 et
2774 1387 2838 1425 eo
2859 1371 3030 1425 modo
3050 1371 3286 1426 affectas
3303 1387 3430 1426 esse
3448 1371 3683 1426 illorum
3702 1378 3929 1427 mentes

2279 1456 2453 1512 etiam
2475 1458 2867 1530 vigilantium,
2895 1459 3174 1514 instinctu
3198 1459 3514 1532 spirituum
3533 1460 3930 1532 malignorum

2279 1549 2452 1615 atque
2475 1546 2791 1617 fallacium,
2817 1549 3034 1619 quibus
3066 1565 3219 1604 cura:
3250 1552 3337 1604 est
3363 1550 3434 1605 de
3466 1549 3930 1606 revolutionibus

2281 1634 2606 1690 animarum
2631 1636 2838 1691 falsam
2861 1636 3194 1707 opinionem
3219 1639 3290 1692 ad
3322 1637 3700 1707 decipiendos
3733 1637 3929 1693 homi-

2282 1738 2382 1776 nes
2417 1723 2646 1779 ﬁrmare
2675 1724 2762 1778 vel
2817 1741 3025 1795 serere,
3059 1742 3125 1780 ex
3153 1726 3261 1779 hoc
3306 1726 3517 1794 conjici
3548 1730 3762 1797 potest,
3799 1727 3940 1798 quia

2282 1811 2329 1865 si
2361 1828 2492 1867 vere
2520 1812 2619 1867 illa
2650 1814 3095 1868 recordarentur
3126 1831 3253 1885 qua;
3284 1814 3380 1869 hie
3411 1815 3466 1868 in
3491 1815 3623 1869 aliis
3643 1819 3817 1870 antea
3841 1832 3939 1886 po-

2282 1899 2377 1954 siti
2408 1902 2749 1971 corporibus
2781 1903 3061 1970 viderant,
3106 1903 3307 1958 multis
3360 1920 3425 1957 ac
3477 1920 3621 1975 pene
3652 1905 3936 1959 omnibus

2281 1989 2339 2042 id
2381 1992 2777 2062 contingeret:
2831 1993 3302 2063 quandoquidem
3353 1997 3412 2047 ut
3461 1994 3531 2047 de
3578 1993 3725 2048 vivis
3776 2009 3938 2048 mor-

2282 2083 2433 2144 tuos,
2471 2079 2549 2132 ita
2579 2080 2648 2134 de
2680 2081 2926 2134 mortuis
2972 2081 3154 2147 vivos,
3205 2085 3488 2151 tanquam
3537 2081 3607 2134 de
3635 2080 3937 2153 vigilanti-

2283 2166 2392 2222 bus
2425 2167 2801 2236 dormientes,
2835 2170 2980 2225 etde
3005 2170 3432 2225 dormientibus
3454 2169 3782 2241 vigilantes,
3809 2170 3942 2226 sine

2284 2255 2606 2310 cessatione
2638 2257 2760 2311 ﬁeri
2795 2257 3191 2329 suspicantur.

2352 2343 2440 2397 25.
2465 2345 2521 2398 Si
2549 2359 2684 2416 ergo
2707 2345 2828 2400 haec
2850 2351 2938 2400 est
2960 2346 3260 2416 sapientiae
3284 2351 3340 2400 et
3358 2347 3613 2402 scientiae
3638 2349 3796 2402 recta
3821 2348 3947 2403 dis-

2283 2431 2508 2496 tinctio,
2533 2438 2599 2486 ut
2629 2434 2698 2487 ad
2743 2434 3092 2505 sapientiam
3138 2435 3424 2506 pertineat
3462 2441 3814 2492 aeternarum
3846 2453 3944 2491 re-

2284 2537 2414 2574 rum
2438 2521 2687 2593 cognitio
2712 2522 3155 2590 intellectualis;
3178 2525 3247 2578 ad
3273 2525 3579 2579 scientiam
3605 2541 3762 2592 vero,
3789 2529 3953 2580 tem-

2284 2610 2569 2682 poralium
2596 2629 2787 2666 rerum
2813 2613 3065 2682 cognitio
3089 2613 3422 2668 rationalis:
3441 2614 3581 2685 quid
3600 2614 3692 2668 cui
3716 2631 3949 2685 praepo-

2285 2701 2542 2755 nendum
2575 2701 2694 2755 sive
2741 2703 3213 2772 postponendum
3264 2702 3358 2769 sit,
3410 2719 3524 2758 non
3576 2709 3664 2758 est
3695 2703 3948 2760 difficile

2281 2789 2562 2860 judicare.
2589 2789 2645 2844 Si
2671 2797 2865 2844 autem
2889 2790 3002 2845 alia
3023 2795 3111 2845 est
3132 2791 3462 2846 adhibenda
3493 2792 3792 2857 discretio,
3817 2810 3939 2864 qua

2283 2877 2832 2949 dignoscanturbaac
2847 2879 2979 2945 duo,
2999 2895 3124 2950 qua
3142 2878 3338 2950 procul
3354 2880 3528 2936 dubio
3543 2879 3762 2936 distare
3782 2888 3944 2951 Apo-

2283 2965 2468 3021 stolus
2500 2967 2684 3032 docet,
2718 2968 2936 3034 dicens,
2970 2969 3081 3022 Alii
3108 2969 3275 3023 datur
3298 2971 3515 3039 quidem
3534 2987 3636 3042 per
3655 2970 3937 3041 Spiritum

2281 3070 2454 3109 sermo
2473 3057 2781 3125 sapientiae,
2807 3057 2912 3110 alii
2930 3072 3103 3111 sermo
3113 3058 3666 3114 scienlizesecundum
3677 3059 3935 3115 eumdem

2282 3143 2551 3214 Spiritum
2572 3161 2592 3206 ;
2613 3148 2805 3198 tamen
2831 3146 3003 3198 etiam
3023 3145 3266 3200 istorum
3291 3147 3539 3201 duorum
3561 3163 3688 3218 qua:
3709 3164 3817 3203 nos
3834 3166 3938 3219 po-

2282 3233 2512 3287 suimus
2529 3234 2967 3289 evidentissima
2984 3235 3307 3289 differentia
3325 3240 3431 3304 est,
3449 3237 3602 3306 quod
3618 3235 3736 3293 alia
3749 3238 3824 3292 sit
3841 3238 3899 3292 in
3913 3269 3937 3280 -

2279 3319 2625 3376 tellectualis
2643 3322 2894 3392 cognitio
2913 3329 3256 3378 zeternarum
3275 3325 3610 3389 rerum,alia
3624 3326 3937 3383 rationalis

2280 3409 2714 3481 temporalium,
2740 3415 2795 3465 et
2811 3412 2940 3466 huic
2955 3411 3113 3466 illam
3133 3415 3580 3484 prazponendam
3600 3430 3731 3470 esse
3745 3417 3942 3471 ambi-

2281 3497 2365 3570 git
2386 3514 2575 3553 nemo.
2604 3498 3090 3570 Relinqueutibus
3112 3500 3308 3572 itaque
3341 3503 3506 3557 nobis
3536 3519 3604 3557 ea
3633 3519 3760 3573 quae
3793 3510 3944 3560 sunt

2283 3587 2581 3642 exterioris
2604 3587 2882 3658 hominis,
2907 3594 2960 3643 et
2982 3589 3051 3643 ab
3076 3589 3158 3645 eis
3178 3607 3304 3661 quae
3324 3592 3661 3646 communia
3677 3608 3815 3647 cum
3835 3610 3942 3664 pe-

2284 3675 2513 3730 coribus
2537 3675 2822 3731 habemus
2848 3677 3168 3732 introrsum
3195 3681 3508 3734 ascendere
3531 3681 3942 3750 cupientibus,

2284 3768 2600 3835 antequam
2633 3767 2704 3820 ad
2728 3766 3110 3833 cognitionem
3137 3784 3332 3822 rerum
3357 3767 3818 3841 intelligibilium
3845 3775 3945 3826 at-

2285 3868 2396 3923 que
2427 3870 2791 3908 summarum
2827 3872 2953 3925 quae
3005 3856 3372 3927 sempiternae
3405 3861 3541 3910 sunt
3571 3857 3939 3927 veniremus,

2285 3943 2689 4011 temporalium
2743 3960 2936 3998 rerum
2988 3945 3237 4016 cognitio
3305 3946 3605 4001 rationalis
3653 3949 3936 4003 occurrit.

2283 4029 2473 4085 Etiam
2502 4031 2558 4085 in
2593 4032 2700 4086 hac
2730 4032 2907 4103 igitur
2938 4033 3327 4098 inveniamus,
3364 4035 3411 4089 si
3446 4051 3784 4106 possumus,
3822 4036 3938 4091 ali-

2285 4135 2460 4189 quam
2495 4119 2836 4190 trinitatem,
2872 4121 3023 4176 sicut
3071 4122 3512 4179 inveniebamus
3557 4123 3616 4178 in
3650 4125 3936 4182 sensibus

2285 4208 2564 4278 corporis,
2596 4215 2650 4263 et
2681 4209 2738 4262 in
2767 4208 2837 4263 iis
2867 4226 2992 4279 quae
3025 4227 3123 4281 per
3151 4227 3249 4265 eos
3281 4211 3338 4264 in
3362 4212 3619 4266 animam
3642 4213 3728 4268 vel
3753 4215 3936 4284 spiri-

2283 4299 2409 4350 tum
2444 4303 2708 4352 nostrum
2741 4297 3134 4369 imaginaliter
3165 4300 3528 4355 intraverunt
3552 4318 3563 4364 ;
3590 4306 3653 4356 ut
3675 4319 3778 4372 pro
3803 4319 3936 4358 cor-

2285 4385 2582 4455 poralibus
2615 4388 2787 4441 rebus
2809 4403 2955 4458 quas
2976 4403 3249 4459 corporeo
3281 4389 3418 4444 foris
3443 4391 3662 4460 positas
3684 4392 3938 4464 attingi-

2284 4489 2416 4529 mus
2449 4490 2647 4540 sensu,
2683 4475 2840 4530 intus
2871 4493 3175 4546 corporum
3227 4477 3644 4534 similitudines
3683 4478 3935 4536 habere-

2282 4579 2414 4617 mus
2437 4564 2756 4634 impressas
2773 4567 3162 4630 memoriaz,ex
3183 4567 3398 4636 quibus
3422 4567 3694 4639 cogitatio
3719 4569 3939 4625 forma-

2279 4657 2456 4722 retur,
2508 4654 2679 4707 tertia
2725 4653 3018 4709 voluntate
3066 4661 3381 4726 utrumque
3416 4657 3739 4728 jungente:
3774 4659 3940 4714 sicut

2279 4741 2637 4796 formabatur
2670 4743 2810 4797 foris
2841 4744 2993 4798 acies
3043 4744 3366 4810 oculorum,
3416 4761 3593 4815 quam
3626 4745 3931 4816 voluntas,

2276 4835 2342 4885 ut
2371 4830 2513 4886 visio
2547 4832 2726 4900 fieret,
2762 4831 3075 4887 adhibebat
3106 4833 3187 4888 rei
3240 4833 3479 4905 visibili,
3515 4839 3571 4888 et
3599 4839 3930 4908 utrumque

2267 4920 2570 4991 jungebat,
2602 4919 2777 4974 etiam
2810 4920 2927 4975 illic
2961 4922 3087 4992 ipsa
3108 4937 3169 4976 se
3193 4923 3508 4978 admovens
3530 4924 3787 4979 tertiam.
3813 4927 3926 4982 Sed

2273 5026 2389 5064 non
2420 5013 2507 5064 est
2535 5008 2644 5064 hoc
2676 5011 3091 5066 coarctandum
3123 5010 3179 5064 in
3209 5011 3364 5067 hunc
3393 5010 3633 5083 librum,
3667 5019 3732 5068 ut
3762 5014 3822 5069 in
3859 5032 3928 5070 eo

2272 5098 2370 5169 qui
2404 5098 2688 5168 sequitur,
2724 5098 2774 5154 si
2804 5098 2958 5155 Deus
2985 5100 3295 5171 adjuverit,
3343 5103 3758 5158 convenienter
3788 5119 3927 5176 pos-

2270 5187 2346 5242 sit
2377 5186 2613 5257 inquiri,
2647 5190 2704 5241 et
2733 5187 2889 5259 quod
2924 5187 3225 5244 inventum
3261 5189 3432 5244 fuerit
3461 5189 3763 5263 explicari.

2330 5333 2347 5367 ί
2376 5329 2534 5389 Editl,
2562 5344 2667 5382 non
2693 5333 2886 5397 fuerat,
2916 5331 3094 5382 Abest.
3126 5346 3248 5393 non,
3269 5346 3300 5383 a
3320 5333 3725 5398 manuscriptis.
