4160 6452
208 374 371 435 1013

1399 374 1631 435 LIBER
1677 376 2014 439 TERTIUS
2064 378 2428 441 DECIMUS.

3468 382 3627 443 1014

219 513 3620 537 Mm

1106 645 1485 739 LIBER
1552 644 2081 740 TERTIUS
2152 647 2738 745 DECIMUS.

276 822 622 893 Prosequitur
642 820 717 893 .de
748 821 981 879 scientia,
1010 820 1064 893 in
1095 835 1201 893 qua
1219 821 1500 893 _vid_e_licet,
1523 822 1689 893 etiam
1721 825 1778 870 ut
1805 836 1836 871 a
1864 822 2515 893 sapientiadistinguitur,
2539 827 2833 893 trinitatem
2867 828 3152 891 quamdam
3184 830 3453 893 inquirere
3483 830 3619 882 libro

209 886 489 952 superiore
520 884 696 952 c_mpi_t,
735 897 840 952 qua
869 885 1148 952 occasione
1178 884 1263 933 hic
1295 886 1451 933 ﬁdem
1491 885 1834 952 christianum
1874 886 2276 952 commendans,
2306 884 2532 952 explicat
2561 891 2830 952 quomodo
2867 884 3200 940 credentium
3251 884 3319 941 sit
3348 893 3478 941 ﬁdes
3513 907 3621 943 una

210 951 267 1016 et
295 948 619 1016 communis2
640 946 1189 1016 Tumbeatitudinem
1220 960 1422 1016 omnes
1454 948 1603 1008 velle,
1627 961 1733 1016 nec
1762 950 1943 995 tamen
1977 948 2236 1016 omnium,
2261 946 2389 999 esse
2416 946 2713 1016 iidem-qua
2743 953 2809 1002 ad
2851 954 3240 1003 beatitudinem
3287 957 3621 1016 pervenitur.

209 1009 363 1059 Hanc
389 1014 567 1080 autem
592 1008 751 1080 fidem
781 1008 837 1080 in
864 1008 1070 1080 Christo
1101 1023 1216 1058 esse
1238 1009 1520 1080 deﬁnitam
1551 1011 1641 1072 qui
1676 1010 1731 1057 in
1772 1022 1930 1058 carne
1958 1011 2244 1080 resurrexit
2290 1014 2591 1080 a__mortuis_,
2624 1008 2724 1063 nec
2753 1016 2854 1063 nisi
2886 1030 2981 1077 per
3007 1017 3150 1065 illum
3183 1008 3395 1080 liberari
3429 1032 3615 1080 quem-

207 1084 370 1134 quam
401 1086 431 1121 a
460 1072 658 1134 diaboli
689 1071 968 1120 dominatu
1001 1085 1093 1134 per
1121 1073 1430 1120 remissione

1557 1080 1893 1142 eceatorum:
1922 1075 1975 1121 et
2004 1073 2120 1142 tusc
2149 1074 2382 1142 ostendit
2408 1076 2678 1142 diabolum
2710 1090 2820 1126 non
2842 1073 3103 1142 potentia,
3133 1079 3225 1127 sed
3250 1073 3460 1142 justitia
3478 1081 3618 1130 vinci

207 1086 370 1134 quam
401 1086 431 1121 a
460 1086 658 1121 aianou
689 1086 968 1120 dominatu
1001 1086 1093 1134 per
1121 1086 1893 1182 remissionemdpeccatorum:
1922 1086 1975 1121 et
2004 1086 2120 1121 tusc
2149 1086 2382 1122 ostendit
2408 1086 2678 1125 manotum
2710 1090 2820 1126 non
2842 1086 3103 1139 potentia,
3133 1086 3225 1127 sed
3250 1086 3456 1142 justitia
3478 1086 3618 1130 vinci

206 1148 242 1182 ιι
270 1133 479 1201 Christo
501 1133 771 1201 debuisse.
805 1134 1039 1201 Tandem
1064 1134 1231 1201 hujus
1267 1135 1434 1201 verba
1462 1133 1514 1201 ﬁ_
1537 1135 1584 1183 ei
1615 1134 1742 1183 dum
1792 1134 2065 1201 memoriae
2094 1136 2435 1201 mandantur,
2468 1138 2640 1201 inesse
2683 1140 2972 1201 quamdam
3004 1141 3057 1188 in
3089 1142 3267 1190 animo
3308 1142 3619 1201 trinitatem,

206 1197 341 1269 quia
364 1202 415 1246 et
440 1198 499 1268 in
525 1198 784 1269 memoria
812 1197 1251 1269 suntverborum
1283 1199 1416 1269 soni.
1449 1197 1606 1245 etiam
1639 1197 1855 1269 quando
1886 1196 2069 1269 homo_
2095 1197 2217 1269 inde
2251 1210 2361 1269 non
2395 1200 2625 1269 cogitat;
2663 1196 2726 1269 et
2754 1202 2878 1250 inde
2909 1203 3346 1269 formaturacies
3375 1196 3622 1255 recorda;

206 1258 373 1309 tionis
404 1259 537 1322 ejus,
566 1259 783 1322 quando
814 1259 879 1307 de
910 1258 993 1308 his
1022 1260 1253 1323 cogitat;
1283 1264 1336 1309 et
1366 1258 1582 1309 demum
1612 1259 1858 1308 voluntas
1887 1260 2217 1310 recordantis
2250 1265 2410 1325 atque
2445 1258 2725 1325 cegita'ntis
2754 1269 3041 1328 utrumque
3080 1267 3370 1330 conjungit.

285 1516 515 1574 CAPUT
538 1516 847 1573 PRIMUM.
865 1547 935 1558 -—
955 1521 972 1571 ι
990 1561 1001 1573 .
1019 1516 1327 1587 Sapientiae
1341 1521 1393 1573 et
1408 1518 1656 1574 scientiae
1674 1517 1864 1589 ofﬁcia

210 1624 283 1664 ea:
306 1606 611 1679 Scripturis
623 1606 933 1662 discernere
942 1607 1281 1676 aggreditur.
1292 1610 1386 1662 Ea:
1397 1607 1623 1663 Joannis
1636 1606 1864 1663 exordio

210 1697 331 1753 alia
365 1696 513 1751 dicta
541 1695 612 1751 ad
632 1697 989 1767 sapientiam,
1015 1697 1133 1752 alia
1162 1695 1232 1751 ad
1259 1697 1544 1751 scientiam
1565 1697 1861 1768 pertinere.

215 1785 484 1855 Quaedam
526 1784 604 1839 ibi
651 1784 783 1855 ﬁdei
813 1794 1027 1840 tantum
1068 1786 1285 1842 auxilio
1313 1787 1549 1856 cognita.
1596 1785 1865 1854 Quomodo

210 1874 375 1946 ﬁdem
394 1888 519 1946 quae
537 1874 595 1929 in
612 1875 770 1930 nobis
802 1888 877 1930 est
899 1874 1158 1930 videmus.
1189 1876 1254 1930 In
1275 1875 1460 1930 eadem
1480 1876 1706 1931 Joannis
1725 1890 1862 1928 nar—

208 1967 455 2031 ratione,
489 1964 604 2018 alia
634 1971 762 2018 sunt
792 1964 1036 2035 corporis
1057 1980 1242 2030 sensu,
1291 1964 1410 2019 alia
1440 1969 1651 2019 tantum
1680 1963 1869 2018 animi

210 2054 431 2108 ratione
460 2053 697 2122 cognita.
735 2052 797 2107 In
821 2051 968 2108 libro
993 2053 1289 2124 superiore
1310 2052 1491 2123 hujus
1513 2051 1702 2124 operis
1723 2053 1865 2106 duo-

212 2141 442 2197 decimo
461 2142 602 2197 satis
622 2142 852 2213 egimus
874 2141 1201 2197 discernere
1224 2140 1524 2197 rationalis
1546 2141 1761 2196 mentis
1783 2140 1867 2195 of-

215 2230 418 2286 ﬁcium
442 2230 501 2285 in
520 2230 948 2302 temporalibus
974 2230 1279 2297 rebus,ubi
1304 2247 1416 2286 non
1441 2229 1567 2285 sola
1590 2229 1865 2301 cognitio,

215 2336 423 2376 verum
441 2324 498 2375 et
515 2320 664 2375 actio
687 2323 887 2375 nostra
905 2324 1137 2375 vsrsatu
1148 2337 1190 2387 r,
1208 2320 1278 2375 ab
1296 2319 1697 2375 excellentiore
1714 2320 1869 2389 ejus-

222 2409 359 2464 dem
390 2409 604 2464 mentis
626 2409 838 2473 officio,
858 2409 1008 2478 quod
1030 2408 1497 2480 contemplandis
1527 2409 1758 2463 aeternis
1782 2424 1869 2461 re-

224 2499 340 2554 bus
364 2497 740 2570 impenditur,
758 2514 822 2553 ac
853 2498 977 2554 sola
998 2498 1328 2569 cognitione
1357 2497 1579 2552 ﬁnitur.
1605 2500 1871 2552 Commo-

229 2586 366 2643 dius
388 2590 583 2642 autem
606 2586 726 2642 ﬁeri
746 2587 1061 2658 puto,utde
1078 2586 1396 2659 Scripturis
1415 2585 1633 2642 sanctis
1650 2584 1873 2656 aliquid

228 2675 594 2743 interseram,
629 2691 743 2747 quo
775 2674 1003 2731 facilius
1032 2675 1218 2748 possit
1242 2679 1559 2747 utrumque
1588 2673 1870 2747 dignosci.

298 2781 354 2838 2.
374 2781 752 2855 Evangelium
771 2798 944 2837 suum
963 2783 1212 2838 Joannes
1234 2782 1588 2854 evangelista
1606 2781 1688 2837 sic
1706 2797 1872 2837 exor-

226 2885 328 2925 sus
358 2874 447 2925 est
478 2886 492 2925 :
526 2870 589 2925 In
628 2870 903 2942 principio
950 2878 1067 2925 erat
1100 2870 1346 2938 Verbum,
1398 2872 1449 2925 et
1484 2870 1710 2926 Verbum
1755 2873 1874 2924 erat

220 2958 371 3030 apud
400 2959 591 3025 Deum,
624 2962 678 3014 et
707 2963 854 3014 Deus
885 2962 1003 3013 erat
1051 2960 1281 3014 Verbum
1309 2976 1327 3012 :
1360 2958 1458 3014 hoc
1484 2966 1605 3014 erat
1626 2961 1686 3014 in
1715 2960 1872 3029 prin-

219 3050 369 3121 cipio
395 3048 545 3120 apud
569 3049 759 3103 Deum.
789 3048 985 3104 Omnia
1006 3064 1103 3119 per
1132 3049 1315 3119 ipsum
1334 3050 1484 3120 facta
1512 3055 1654 3113 sunt,
1681 3056 1730 3103 et
1756 3050 1875 3104 sine

218 3140 341 3210 ipso
361 3140 571 3209 factum
590 3141 668 3193 est
684 3136 836 3193 nihil
856 3137 996 3208 quod
1014 3140 1221 3208 factum
1241 3141 1347 3192 est:
1377 3139 1437 3192 in
1458 3137 1582 3209 ipso
1601 3139 1714 3192 vita
1735 3145 1872 3204 erat,

217 3232 275 3284 et
301 3228 417 3282 vita
443 3229 563 3282 erat
594 3227 696 3282 tua:
724 3228 1030 3293 hominum,
1062 3231 1115 3282 et
1145 3228 1245 3281 lux
1274 3226 1333 3281 in
1363 3227 1600 3282 tenebris
1630 3228 1792 3289 lucet,
1824 3234 1875 3282 et

221 3316 465 3373 tenebrae
493 3332 615 3372 eam
643 3332 752 3371 non
784 3314 1321 3386 comprehenderunt.
1346 3317 1471 3370 Fuit
1500 3316 1654 3371 homo
1672 3316 1874 3370 missus

222 3422 265 3462 a
299 3406 424 3473 Deo,
459 3407 552 3460 cui
577 3420 777 3460 nomen
806 3414 925 3460 erat
948 3410 1231 3460 Joannes:
1256 3404 1344 3459 hic
1372 3406 1519 3459 venit
1545 3406 1605 3459 in
1633 3406 1873 3459 testimo-

222 3494 407 3561 nium,
439 3502 500 3549 ut
530 3494 908 3549 testimoni-um
926 3490 1229 3562 perhiberet
1259 3491 1323 3546 de
1346 3491 1572 3557 lumine,
1603 3496 1661 3545 ut
1690 3506 1873 3546 omnes

220 3582 510 3638 crederent
537 3598 632 3653 per
656 3583 837 3636 illum.
864 3580 981 3635 Non
1009 3584 1130 3635 erat
1160 3581 1255 3635 ille
1286 3581 1409 3646 lux,
1430 3581 1531 3635 sed
1552 3586 1613 3634 ut
1632 3580 1871 3635 testimo-

220 3672 388 3726 nium
418 3670 728 3740 perhiberet
744 3669 808 3725 de
828 3670 1065 3725 lumine.
1088 3671 1221 3723 Erat
1243 3669 1343 3724 lurc
1370 3685 1496 3723 vera
1516 3683 1639 3740 quae
1660 3668 1871 3723 illumi-

222 3764 327 3815 nat
358 3775 581 3814 omnem
613 3758 888 3815 hominem
912 3760 1215 3814 venientem
1238 3759 1302 3813 in
1331 3758 1475 3813 hunc
1500 3757 1785 3813 mundum.
1811 3760 1870 3813 In

222 3848 433 3904 mundo
454 3851 589 3914 erat,
606 3852 659 3903 et
677 3847 919 3903 mundus
935 3864 1037 3920 per
1053 3849 1234 3919 ipsum
1252 3852 1432 3917 [actus
1451 3851 1547 3915 est,
1563 3850 1615 3901 et
1635 3846 1872 3902 mundus

220 3953 349 3994 eum
376 3953 487 3993 non
510 3939 777 4005 cognovit.
801 3939 865 3993 In
880 3938 1113 4008 prOpria
1141 3937 1309 4003 venit,
1331 3946 1385 3993 et
1403 3938 1494 3991 sui
1520 3953 1644 3992 eum
1664 3952 1771 3992 non
1792 3950 1873 3990 re-

221 4034 498 4099 ceperunt.
545 4026 811 4097 Quotquot
838 4030 1027 4081 autem
1072 4033 1398 4097 receperunt
1440 4041 1584 4095 eum,
1616 4024 1761 4080 dedit
1790 4026 1874 4080 eis

216 4120 541 4187 potestatem
571 4115 714 4186 ﬁlios
743 4115 839 4171 Dei
868 4116 1017 4186 ﬁeri,
1048 4116 1119 4170 iis
1161 4117 1258 4187 qui
1284 4115 1513 4171 credunt
1559 4116 1621 4169 in
1647 4117 1873 4170 nomine

219 4206 340 4278 ejus
371 4223 390 4261 :
422 4206 518 4277 qui
546 4220 656 4261 non
677 4220 747 4260 ea:
767 4204 1336 4276 sanguinibus,neque
1362 4220 1432 4260 ea:
1450 4203 1729 4259 voluntate
1749 4220 1869 4258 car-

220 4296 333 4363 nis,
365 4310 541 4365 neque
569 4310 639 4349 ex
687 4294 972 4349 voluntate
1019 4295 1147 4361 viri,
1178 4293 1269 4349 sed
1313 4310 1382 4348 ea:
1412 4294 1519 4348 Deo
1567 4294 1686 4348 nati
1721 4300 1868 4348 sunt.

224 4384 291 4439 Et
319 4382 543 4439 verbum
572 4398 702 4438 caro
730 4384 940 4453 factum
983 4390 1077 4453 est,
1114 4390 1166 4438 et
1194 4381 1466 4437 habitavit
1512 4383 1572 4436 in
1600 4381 1775 4437 nobis.
1809 4382 1871 4436 Et

222 4471 467 4530 vidimus
485 4471 729 4542 gloriam
752 4471 882 4542 ejus,
898 4469 1139 4540 gloriam
1158 4472 1315 4543 quasi
1338 4472 1614 4541 Unigeniti
1632 4488 1663 4525 a
1689 4474 1867 4542 Patre,

222 4562 454 4635 plenum
482 4561 682 4630 gratiae
701 4568 753 4615 et
779 4561 1027 4616 veritatis
1062 4560 1237 4631 (Joan.
1261 4577 1299 4631 ι,
1336 4560 1501 4632 1-14).
1536 4559 1653 4615 Ηοο
1681 4563 1867 4615 totum

227 4649 385 4723 quod
403 4664 473 4705 ex
491 4648 800 4719 Evangelia
827 4649 1077 4719 posui,in
1104 4649 1565 4719 prrecedentibus
1589 4648 1712 4704 suis
1733 4666 1869 4720 par-

227 4738 392 4795 tibus
421 4738 598 4793 habet
627 4739 782 4810 quod
803 4737 1173 4793 immutabile
1206 4754 1269 4792 ac
1300 4737 1724 4810 sempiternum
1756 4743 1866 4803 est,

226 4829 400 4898 cujus
422 4826 833 4899 contemplatio
858 4843 963 4881 nos
984 4828 1183 4883 beatos
1205 4826 1445 4883 facitzin
1471 4828 1871 4897 consequenti-

225 4917 341 4973 bus
358 4933 492 4972 vero
510 4916 798 4988 permixta
815 4932 948 4971 cum
970 4915 1391 4988 temporalibus
1409 4932 1869 4971 commemoran-

224 5010 327 5063 tur
354 5009 592 5062 mterna.
619 5012 697 5061 Ac
715 5022 816 5077 per
849 5007 953 5061 hoc
976 5005 1173 5076 aliqua
1198 5004 1277 5061 ibi
1302 5005 1371 5060 ad
1406 5004 1709 5060 scientiam
1742 5022 1869 5078 per-

226 5096 442 5166 tinent,
474 5094 672 5166 aliqua
704 5095 775 5149 ad
808 5093 1177 5166 sapientiam,
1210 5093 1362 5149 sicut
1394 5093 1450 5147 in
1485 5093 1632 5148 libro
1654 5094 1868 5147 duode-

227 5185 381 5241 cimo
411 5188 615 5239 nostra
643 5184 945 5255 praecessit
967 5182 1284 5239 distinctio.
1317 5182 1474 5247 Nam,
1510 5184 1572 5237 In
1594 5184 1872 5253 principio

228 5276 345 5331 erat
387 5273 638 5339 Verbum,
688 5275 737 5328 et
774 5275 1011 5329 Verbum
1056 5281 1173 5329 erat
1220 5272 1363 5343 apud
1414 5273 1600 5337 Deum,
1651 5276 1703 5326 et
1732 5273 1874 5326 Deus

229 5365 353 5420 erat
376 5362 608 5419 Verbum
636 5381 656 5416 :
685 5361 782 5417 hoc
800 5365 916 5417 erat
936 5364 993 5417 in
1015 5363 1286 5433 principio
1307 5361 1449 5431 apud
1472 5362 1658 5415 Deum.
1676 5362 1876 5417 Omnia

232 5468 330 5526 per
355 5454 535 5523 ipsum
584 5453 730 5521 facta
750 5459 900 5516 sunt,
931 5455 983 5506 et
1009 5452 1127 5506 sine
1175 5453 1290 5522 ipso
1317 5452 1522 5520 factum
1569 5454 1645 5504 est
1682 5450 1827 5504 nihil
1856 5467 1874 5504 :

232 5542 376 5616 quod
392 5542 599 5613 factum
622 5544 701 5595 est
729 5541 786 5594 in
820 5542 933 5609 ipso
968 5546 1075 5593 vita
1103 5544 1239 5605 erat,
1270 5548 1320 5596 et
1360 5542 1475 5593 vita
1500 5544 1621 5593 erat
1653 5541 1751 5593 tux
1781 5538 1873 5594 ho-

234 5634 473 5700 minum,
503 5639 552 5686 et
584 5632 683 5684 tua:
712 5632 771 5684 in
802 5629 1039 5685 tenebris
1071 5629 1230 5699 lucet,
1261 5639 1310 5685 et
1340 5632 1579 5685 tenebrae
1608 5645 1730 5683 eum
1768 5646 1877 5683 non

234 5719 798 5796 camprehenderunt;
821 5716 1332 5790 contemplativam
1354 5719 1532 5777 vitam
1552 5718 1881 5791 requirit,et

1976 1515 2351 1573 intellectuali
2371 1522 2563 1575 mente
2584 1522 2939 1577 cernendum
2963 1526 3069 1578 est.
3094 1524 3219 1587 Qua
3239 1527 3295 1579 in
3322 1540 3381 1581 re
3404 1528 3620 1596 quanto

1975 1606 2166 1677 magis
2188 1607 2439 1678 quisque
2464 1609 2791 1679 profecerit,
2814 1614 2977 1666 tanto
2996 1611 3093 1667 fiet
3112 1611 3238 1668 sine
3261 1613 3621 1669 dubitatione

1975 1692 2315 1764 sapientior.
2345 1695 2453 1750 Sed
2484 1701 2716 1767 propter
2743 1697 2801 1752 id
2826 1700 2979 1769 quod
3008 1699 3107 1765 ait,
3141 1704 3264 1756 Lua:
3294 1701 3431 1756 lucet
3460 1703 3520 1756 in
3543 1709 3620 1757 te-

1973 1782 2180 1849 nebris,
2193 1792 2245 1838 et
2262 1785 2502 1840 tenebrae
2519 1800 2639 1840 eam
2658 1803 2773 1841 non
2789 1789 3308 1859 comprehenderunt
3328 1806 3348 1851 ;
3371 1790 3483 1844 ﬁde
3506 1790 3617 1844 uti-

1977 1886 2091 1942 que
2119 1887 2268 1942 opus
2300 1879 2444 1940 erat,
2472 1891 2588 1945 qua
2617 1876 2951 1931 crederetur
2981 1878 3135 1949 quod
3169 1895 3283 1933 non
3304 1879 3616 1935 videretur.

1978 1959 2274 2016 Tenebras
2293 1962 2507 2034 quippe
2531 1962 2779 2035 intelligi
2801 1965 3207 2033 voluit,aversa
3223 1968 3295 2022 ab
3315 1966 3623 2039 hujusmo—

1977 2047 2034 2101 di
2058 2047 2437 2122 luceeamque
2463 2052 2662 2106 minus
2694 2052 2902 2109 idonea
2924 2055 3179 2109 contueri
3202 2056 3377 2111 corda
3406 2061 3624 2111 morta-

1976 2135 2123 2192 lium
2158 2154 2170 2192 ε
2196 2144 2429 2210 propter
2455 2141 2606 2211 quod
2633 2142 2901 2214 adjungit
2924 2147 2980 2198 et
3001 2143 3295 2211 dicit,Fuit
3319 2145 3477 2201 homo
3497 2147 3628 2201 mis-

1980 2242 2072 2280 sus
2101 2244 2133 2280 a
2168 2230 2301 2293 Deo,
2333 2230 2425 2283 cui
2444 2245 2643 2284 nomen
2666 2239 2792 2286 erat
2819 2233 3051 2287 Joannes
3072 2251 3090 2288 :
3111 2234 3199 2287 hic.
3218 2235 3364 2289 venit
3390 2236 3453 2290 in
3483 2236 3630 2291 testi-

1980 2317 2249 2384 monium,
2265 2319 2709 2372 uttestimonium
2728 2319 3042 2390 perhiberet
3058 2321 3123 2376 de
3148 2322 3633 2390 lumine,utomnes

1981 2405 2265 2459 crederent
2282 2421 2381 2475 per
2392 2407 2571 2461 illum.
2588 2406 2705 2462 Hoc
2719 2409 2845 2478 jam
2863 2410 3260 2481 temporaliter
3271 2417 3500 2483 gestum
3520 2416 3628 2481 est,

1982 2497 2039 2548 et
2069 2494 2140 2548 ad
2170 2494 2475 2550 scientiam
2527 2496 2798 2567 pertinet,
2833 2513 2959 2567 quas
2991 2499 3321 2570 cognitione
3351 2500 3631 2556 historica

1982 2582 2334 2640 continetur.
2369 2585 2671 2640 Hominem
2698 2591 2894 2640 autem
2926 2587 3209 2642 Joannem
3234 2591 3292 2643 in
3316 2588 3627 2660 phantasia

1982 2674 2330 2743 cogitamus,
2351 2689 2478 2744 quas
2495 2674 2565 2729 de
2584 2673 2853 2730 humanae
2874 2680 3094 2731 naturae
3112 2678 3320 2732 notitia
3336 2678 3627 2749 impressa

1982 2765 2073 2816 est
2105 2766 2314 2816 nostris
2346 2762 2661 2818 memoriae.
2684 2767 2750 2818 Et
2779 2764 2886 2819 hoc
2916 2766 3119 2820 eodem
3152 2766 3323 2821 modo
3346 2768 3623 2838 cogitant,

1983 2849 2103 2905 sive
2124 2850 2224 2921 qui
2250 2851 2363 2906 ista
2385 2868 2500 2907 non
2523 2852 2788 2921 credunt,
2811 2853 2931 2908 sive
2953 2853 3053 2925 qui
3074 2855 3338 2909 credunt.
3359 2855 3631 2927 Utrisque
3682 2892 3685 2927 π

1984 2938 2140 2994 enim
2173 2943 2379 2995 notum
2426 2944 2515 2995 est
2563 2941 2700 3011 quid
2735 2941 2812 2995 sit
2842 2942 3037 3013 homo,
3086 2944 3256 3012 cujus
3287 2945 3629 3001 exteriorem

1984 3033 2231 3101 partem,
2261 3029 2319 3083 id
2351 3033 2461 3100 est,
2494 3046 2707 3102 corpus
2740 3046 2843 3101 per
2862 3032 3121 3103 corporis
3155 3033 3379 3089 lumina
3409 3034 3629 3091 didice-

1984 3123 2123 3172 runt
2158 3135 2171 3173 :
2204 3117 2546 3174 interiorem
2571 3136 2726 3189 vero,
2760 3120 2815 3174 id
2849 3125 2955 3185 est,
2989 3121 3243 3177 animam
3280 3122 3339 3179 in
3373 3139 3435 3179 se
3464 3123 3630 3195 ipsis,

1985 3205 2123 3277 quia
2152 3206 2339 3277 etlipsi
2365 3206 2633 3263 homines
2650 3213 2808 3275 sunt,
2834 3213 2889 3263 et
2919 3226 3021 3281 per
3051 3209 3372 3267 humanam
3396 3229 3635 3269 conver-

1985 3295 2271 3351 sationem
2293 3297 2587 3367 cognitam
2608 3301 2810 3352 tenent
2833 3313 2846 3352 :
2872 3303 2936 3352 ut
2954 3299 3181 3369 possint
3200 3301 3453 3372 cogitare
3479 3304 3634 3373 quod

1986 3383 2219 3451 dicitur,
2253 3386 2379 3439 Fuit
2410 3386 2565 3440 homo
2603 3388 2694 3441 cui
2720 3402 2917 3441 nomen
2954 3391 3071 3443 erat
3098 3390 3332 3445 Joannes
3361 3408 3380 3445 :
3412 3391 3551 3461 quia
3580 3396 3636 3447 et

1984 3473 2224 3528 nomina
2247 3474 2746 3546 sciuntloquendo
2760 3476 3305 3543 etaudiendo.Quod
3329 3484 3522 3534 autem
3552 3480 3632 3535 ibi

1982 3566 2091 3627 est,
2115 3564 2313 3616 missus
2334 3579 2365 3617 a
2388 3564 2523 3624 Deo;
2556 3563 2668 3618 fide
2690 3568 2889 3619 tenent
2920 3565 3019 3636 qui
3042 3568 3241 3621 tenent
3268 3584 3281 3622 :
3310 3572 3366 3622 et
3394 3568 3496 3638 qui
3521 3569 3633 3625 fide

1982 3667 2098 3705 non
2132 3654 2355 3719 tenent,
2390 3656 2491 3706 aut
2515 3652 2876 3707 dubitatione
2897 3654 3226 3725 ambigunt,
3251 3660 3353 3710 aut
3375 3655 3629 3711 infideli-

1980 3742 2099 3794 tate
2120 3739 2406 3794 derident.
2430 3740 2671 3812 Utrique
2689 3745 2907 3810 tamen,
2924 3742 2971 3797 si
3002 3759 3115 3797 non
3140 3748 3363 3799 suntex
3385 3762 3629 3802 numero

1982 3827 2159 3883 nimis
2184 3827 2614 3900 insipientium,
2637 3829 2737 3901 qui
2771 3830 3045 3885 dicuntin
3071 3832 3243 3888 corde
3264 3849 3393 3901 suo,
3416 3835 3529 3889 Non
3551 3839 3631 3891 est

1979 3921 2124 3973 Deus
2145 3917 2314 3988 (Psal.
2338 3935 2460 3989 xm,
2498 3919 2572 3985 1),
2602 3918 2724 3973 haec
2755 3919 3059 3975 audientes
3088 3923 3280 3987 verba,
3307 3926 3628 3995 utrumque

1981 4005 2256 4079 cogitant,
2280 4009 2496 4079 etquid
2521 4007 2597 4063 sit
2616 4013 2787 4076 Deus,
2811 4011 3031 4081 etquid
3056 4010 3132 4064 sit
3155 4010 3305 4065 mitti
3329 4029 3360 4066 a
3382 4011 3497 4068 Deo
3524 4030 3537 4081 ;
3569 4017 3626 4069 et

1981 4095 2031 4151 si
2063 4113 2177 4151 non
2210 4096 2366 4151 sicut
2397 4113 2490 4152 res
2520 4114 2583 4152 se
2613 4097 2851 4165 habent,
2882 4104 2943 4153 at
2970 4103 3123 4154 certe
3155 4100 3307 4155 sicut
3339 4100 3554 4156 valent.

2051 4185 2104 4242 3.
2138 4186 2335 4241 Fidem
2359 4186 2733 4258 porroipsam
2756 4203 2931 4257 quam
2946 4187 3095 4243 videt
3114 4188 3364 4261 quisque
3386 4188 3444 4244 in
3459 4190 3629 4246 corde

1981 4290 2086 4332 suo
2117 4291 2267 4340 esse,
2302 4276 2351 4330 si
2382 4275 2587 4347 credit,
2619 4274 2705 4331 vel
2737 4292 2851 4331 non
2884 4293 3030 4347 esse,
3059 4277 3111 4332 si
3144 4294 3257 4333 non
3286 4279 3491 4347 credit,
3523 4278 3630 4334 ali-

1979 4368 2067 4420 ter
2094 4364 2364 4420 novimus
2396 4380 2409 4419 :
2446 4380 2557 4421 non
2592 4364 2737 4420 sicut
2771 4382 3013 4437 corpora
3035 4382 3161 4438 quae
3191 4367 3458 4423 videmus
3490 4384 3628 4424 ocu-

1979 4453 2052 4509 lis
2075 4453 2452 4526 corporeis,et
2473 4468 2577 4524 per
2597 4453 3163 4527 ipsorumimagines
3176 4473 3320 4527 quas
3343 4458 3629 4514 memoria

1979 4542 2449 4609 tenemus,stiam
2466 4543 2731 4598 absentia
2744 4543 3073 4615 cogitamus
3088 4562 3102 4613 ;
3120 4562 3224 4601 nec
3246 4544 3399 4601 sicut
3414 4563 3480 4601 ea
3497 4564 3625 4618 quae

1980 4648 2093 4688 non
2126 4631 2403 4697 vidimus,
2436 4635 2493 4687 et
2522 4647 2591 4686 ex
2620 4630 2695 4686 iis
2726 4648 2856 4704 quae
2884 4632 3140 4689 vidimus
3162 4635 3511 4707 cogitatione
3532 4640 3623 4691 ut-

1978 4736 2229 4793 cumque
2255 4720 2660 4787 formamus,et
2683 4723 2976 4777 memoriae
2992 4725 3623 4795 commendamus,quo

1978 4825 2349 4867 recurremus
2382 4825 2517 4864 cum
2548 4807 2927 4877 voluerimus,
2956 4815 3021 4866 ut
3040 4811 3159 4867 illic
3192 4828 3279 4881 ea,
3309 4812 3396 4867 vel
3431 4812 3621 4884 potius

1978 4898 2439 4971 qualescumque
2457 4897 2742 4970 imagines
2764 4916 2967 4969 eorum
2990 4917 3137 4972 quas
3158 4901 3238 4955 ibi
3260 4901 3515 4968 ﬁximus,
3540 4902 3620 4958 si-

1980 4988 2193 5044 militer
2224 4989 2623 5043 recordatione
2644 5003 2954 5045 cernamus
2979 5014 2992 5058 ;
3026 5005 3130 5044 nec
3152 4990 3303 5045 sicut
3323 4980 3621 5051 hominem

1978 5077 2370 5147 vivum,eujus
2394 5076 2650 5131 animam
2668 5077 2895 5132 etiamsi
2918 5094 3031 5132 non
3044 5077 3405 5147 videmus,ex
3425 5083 3625 5134 nostra

1981 5164 2418 5235 conjicimus,et
2434 5181 2500 5221 ex
2524 5166 2777 5221 motibus
2797 5164 3197 5236 corporalibus
3220 5166 3517 5222 hominem
3539 5166 3625 5222 vi-

1983 5271 2140 5319 vum,
2165 5253 2317 5309 sicut
2339 5253 2584 5308 videndo
2610 5257 2625 5289 ¹
2651 5253 2987 5323 didicimus,
3011 5253 3311 5310 intuemur
3331 5256 3505 5311 etiam
3529 5272 3627 5312 co-

1984 5344 2241 5417 gitando.
2280 5343 2400 5398 Non
2433 5342 2517 5397 sic
2547 5343 2777 5397 videtur
2807 5343 2951 5397 ﬁdes
2977 5343 3034 5397 in
3067 5345 3257 5402 corde.
3287 5344 3347 5399 in
3380 5360 3495 5416 quo
3517 5350 3625 5416 est,

1985 5434 2056 5490 ab
2088 5450 2153 5487 eo
2184 5433 2352 5501 cujus
2385 5435 2473 5486 est
2505 5448 2516 5485 :
2553 5432 2649 5485 sed
2675 5448 2801 5486 eam
2826 5436 2983 5486 tenet
3010 5432 3338 5488 certissima
3360 5434 3630 5505 scientia,

1986 5522 2316 5591 clamatque
2349 5520 2721 5575 conscientia.
2757 5520 2897 5575 Cum
2934 5521 3129 5592 itaque
3170 5528 3476 5593 propterea
3504 5541 3626 5580 cre-

1987 5612 2120 5668 dere
2146 5611 2481 5681 jubeamur,
2516 5609 2655 5681 quia
2684 5609 2739 5663 id
2773 5610 2925 5680 quod
2958 5613 3189 5668 credere
3212 5614 3516 5684 jubemur,
3543 5614 3627 5671 vi-

2055 5730 2069 5764 ¹
2103 5726 2279 5777 Plures
2308 5726 2452 5785 Mss.,
2485 5724 2716 5775 vivendo.
