4160 6452
452 384 607 445 1015

453 519 588 575 dere
618 535 733 574 non
767 532 1123 590 possumus;
1176 515 1367 587 ipsam
1415 519 1611 570 tamen
1653 514 1824 569 ﬁdem
1859 512 2090 583 quando

454 606 609 662 inest
641 608 697 660 in
749 607 936 672 nobis,
968 605 1234 659 videmus
1282 604 1339 658 in
1372 603 1540 658 nobis
1574 620 1587 657 :
1622 602 1760 673 quia
1801 605 1859 656 et
1898 615 2090 655 rerum

456 696 785 752 absentium
819 710 1073 766 praesens
1121 697 1209 748 est
1237 694 1401 759 ﬁdes,
1439 696 1495 747 et
1540 708 1737 746 rerum
1787 706 1912 761 quae
1953 689 2093 743 foris

457 790 597 843 sunt
623 786 782 839 intus
814 787 902 839 est
933 784 1094 849 ﬁdes,
1119 787 1175 837 et
1206 797 1399 837 rerum
1434 796 1558 852 qua
1592 796 1704 833 non
1734 778 2002 833 videntur
2021 774 2097 829 vi-

458 874 629 928 detur
660 873 828 939 ﬁdes,
859 876 915 927 et
944 872 1074 943 ipsa
1119 876 1313 925 tamen
1344 868 1745 941 temporaliter
1786 868 1851 920 fit
1882 866 1939 920 in
1973 880 2095 919 cor-

458 962 632 1018 dibus
664 961 966 1016 hominum
994 981 1007 1031 ;
1044 964 1100 1015 et
1131 961 1176 1015 si
1208 976 1275 1015 ex
1306 958 1600 1020 ﬁdelibus,
1630 954 1894 1010 inﬁdeles
1926 954 2095 1019 ﬁunt,

458 1051 608 1123 perit
629 1050 698 1104 ab
722 1049 822 1105 eis.
850 1049 1174 1120 Aliquando
1198 1051 1393 1103 autem
1416 1051 1472 1101 et
1500 1046 1673 1101 rebus
1694 1043 1856 1099 falsis
1879 1059 2099 1098 accom-

458 1138 732 1194 modatur
755 1138 897 1193 ﬁdes
923 1155 935 1193 :
961 1137 1260 1209 loquimur
1290 1134 1444 1191 enim
1465 1134 1568 1200 sic,
1592 1137 1656 1189 ut
1676 1133 1961 1199 dicamus,
1986 1131 2098 1186 Ha-

457 1228 581 1283 bita
610 1232 699 1284 est
729 1228 779 1282 ei
803 1227 967 1297 ﬁdes,
986 1230 1044 1281 et
1073 1225 1317 1295 decepit.
1340 1222 1537 1290 Qualis
1568 1222 1733 1290 ﬁdes,
1759 1221 1807 1276 si
1829 1224 2023 1275 tamen
2047 1228 2102 1275 et

455 1316 587 1389 ipsa
614 1316 859 1372 dicenda
890 1319 979 1370 est
1007 1314 1171 1384 ﬁdes,
1201 1329 1313 1368 non
1333 1308 1699 1382 culpabiliter
1727 1309 1798 1364 de
1826 1309 2100 1363 cordibus

458 1406 627 1479 perit,
652 1405 885 1476 quando
916 1419 1042 1458 eam
1063 1402 1297 1456 inventa
1322 1400 1533 1458 veritas
1554 1398 1734 1471 pellit.
1759 1396 2103 1469 Optabiliter

460 1497 654 1550 autem
685 1507 878 1547 rerum
908 1505 1177 1545 verarum
1210 1488 1269 1542 in
1301 1488 1532 1543 easdem
1567 1502 1657 1541 res
1689 1485 1833 1540 ﬁdes
1866 1482 2096 1539 transit.

458 1582 584 1639 Non
611 1580 767 1636 enim
799 1580 1111 1635 dicendum
1138 1583 1247 1647 est,
1274 1574 1701 1647 Perit,quando
1730 1590 1816 1643 ea,
1836 1590 1964 1644 qua:
1986 1588 2103 1627 cre-

460 1671 769 1735 debantur,
800 1668 1089 1723 videntur.
1118 1664 1415 1736 Numquid
1445 1664 1602 1719 enim
1633 1662 1825 1718 adhuc
1855 1662 2000 1717 ﬁdes
2021 1660 2105 1715 di-

462 1759 645 1816 cenda
671 1762 781 1828 est,
813 1773 945 1812 cum
977 1754 1217 1810 deﬁnita
1246 1753 1323 1809 sit
1352 1754 1412 1807 in
1446 1752 1700 1824 Epistola
1731 1752 1800 1806 ad
1834 1750 2102 1805 Hebraeos

460 1848 627 1915 fides,
660 1846 999 1916 dictumque
1030 1844 1109 1900 sit
1139 1859 1268 1899 eam
1292 1858 1420 1898 esse
1450 1840 1872 1897 convictionem
1906 1855 2101 1895 rerum

463 1952 589 2008 quae
617 1952 732 1991 non
761 1934 1033 1990 videntur
1057 1932 1245 2003 (Hebr.
1279 1948 1357 1998 x1,
1394 1931 1494 2001 1)?

532 2026 585 2079 4.
601 2023 821 2079 Deinde
838 2022 992 2093 quod
1011 2020 1293 2091 sequitur,
1316 2021 1419 2075 Hie
1438 2020 1605 2085 venit,
1625 2018 1688 2073 in
1710 2019 2101 2081 testimonium,

459 2117 522 2169 ut
548 2113 918 2169 testimonium
943 2109 1251 2181 perhiberet
1276 2108 1341 2163 de
1369 2108 1596 2173 lumine,
1629 2111 1690 2162 ut
1715 2122 1897 2163 omnes
1919 2107 2104 2162 crede-

459 2204 581 2257 rent
607 2216 706 2272 per
749 2201 951 2260 illum;
997 2198 1170 2265 actio,
1204 2201 1269 2252 ut
1315 2196 1591 2262 diximus,
1626 2195 1966 2267 temporalis
1994 2199 2103 2250 est.

461 2288 884 2361 Temporaliter
899 2288 1053 2343 enim
1072 2285 1471 2342 testimonium
1493 2283 1827 2356 perhibetur
1843 2284 2016 2339 etiam
2035 2284 2106 2338 de

461 2394 524 2433 re
555 2378 928 2448 sempiterna,
956 2375 1111 2447 quod
1142 2379 1232 2429 est
1251 2372 1616 2445 intelligibile
1644 2372 1865 2427 lumen.
1890 2372 1970 2427 De
1991 2388 2106 2443 quo

462 2470 529 2523 ut
557 2465 959 2522 testimonium
988 2463 1319 2537 perhiberet
1347 2463 1504 2519 venit
1552 2461 1829 2530 Joannes,
1866 2461 1965 2533 qui
1994 2476 2107 2517 non

462 2559 586 2612 erat
626 2556 744 2620 lux,
774 2553 867 2609 sed
904 2561 962 2609 ut
1006 2553 1384 2608 testimonium
1427 2550 1734 2622 perhiberet
1761 2550 1829 2605 de
1877 2551 2103 2605 lumine.

462 2643 744 2715 Adjungit
764 2643 918 2698 enim
956 2658 969 2698 :
1001 2644 1139 2697 Erat
1171 2642 1270 2696 lux
1291 2656 1416 2695 vera
1439 2655 1564 2711 quae
1587 2640 1873 2695 illuminat
1892 2654 2108 2695 omnem

466 2734 740 2790 hominem
770 2733 1076 2787 venientem
1097 2732 1154 2785 in
1185 2732 1328 2785 hunc
1348 2728 1630 2784 mundum.
1657 2733 1720 2783 In
1741 2728 1945 2783 mundo
1967 2737 2105 2798 erat,

466 2831 521 2878 et
554 2821 786 2878 mundus
813 2837 911 2893 per
939 2822 1119 2892 ipsum
1146 2822 1327 2891 factus
1354 2823 1451 2885 est,
1484 2823 1534 2874 et
1565 2818 1798 2873 mundus
1846 2834 1966 2873 eum
1998 2833 2109 2872 non

468 2914 731 2983 cognovit.
762 2913 826 2967 In
852 2910 1075 2983 propria
1098 2912 1265 2976 venit,
1290 2917 1342 2964 et
1371 2909 1465 2963 sui
1481 2924 1610 2963 eum
1632 2923 1743 2962 non
1764 2914 2104 2978 receperunt.

467 3007 603 3058 Haec
630 3002 806 3058 verba
843 3000 1041 3057 omnia
1088 3000 1187 3072 qui
1218 2998 1461 3054 latinam
1502 2998 1762 3069 linguam
1795 2998 2010 3064 sciunt,
2042 3014 2111 3052 ex

468 3091 644 3147 rebus
666 3090 996 3162 intelligunt
1021 3106 1167 3160 quas
1190 3091 1488 3142 noverunt.
1504 3087 1759 3150 Quarum
1782 3085 1988 3157 aliquae
2008 3101 2108 3139 n3-

466 3180 556 3235 his
577 3179 955 3234 innotuerunt
977 3194 1078 3249 per
1099 3175 1356 3249 corporis
1386 3192 1616 3241 sensus,
1640 3175 1791 3229 sicut
1810 3174 2005 3244 homo,
2031 3174 2107 3228 si-

465 3274 562 3324 cut
594 3269 715 3339 ipse
748 3267 1025 3334 mundus,
1051 3267 1219 3335 cujus
1250 3270 1367 3319 tam
1399 3265 1723 3319 evidentem
1749 3264 2105 3335 magnitudi-

463 3375 594 3413 nem
640 3357 955 3422 ccrnimus,
988 3356 1141 3410 sicut
1187 3355 1523 3410 eorumdem
1575 3353 1885 3408 verborum
1938 3351 2104 3419 soni;

461 3463 596 3499 nam
632 3450 689 3499 et
719 3445 953 3500 auditus
987 3460 1196 3499 sensus
1218 3446 1306 3497 est
1334 3442 1591 3512 corporis
1625 3458 1637 3496 :
1674 3440 1879 3511 aliqua:
1911 3446 2105 3494 autem

460 3550 562 3606 per
610 3534 791 3588 animi
858 3532 1164 3601 rationem,
1200 3531 1350 3586 sicut
1411 3531 1464 3584 id
1518 3530 1673 3601 quod
1715 3529 1935 3583 dictum
1996 3534 2105 3594 est,

460 3623 523 3677 Et
579 3623 672 3676 sui
735 3638 861 3677 eum
916 3637 1023 3676 non
1083 3627 1451 3691 receperunt:
1510 3617 1855 3689 intelligitur
1924 3619 2105 3683 enim,

455 3709 578 3765 Non
611 3710 668 3764 in
702 3726 836 3764 eum
868 3709 1259 3773 crediderunt,
1297 3708 1454 3778 quod
1495 3706 1633 3777 quid
1664 3706 1759 3773 sit,
1795 3705 1954 3760 nullo
1987 3722 2109 3761 cor-

458 3796 616 3868 poris
646 3813 844 3866 sensu,
880 3796 977 3851 sed
1015 3794 1196 3851 animi
1244 3796 1465 3850 ratione
1510 3794 1906 3865 cognovimus.
1941 3795 2105 3865 Ipso-

459 3900 590 3939 rum
620 3884 793 3939 etiam
824 3884 1152 3949 verborum,
1179 3899 1292 3937 non
1326 3899 1499 3937 sonos
1525 3884 1566 3950 ¹,
1600 3882 1699 3936 sed
1726 3881 2104 3953 signiﬁcatio-

457 3988 585 4042 nes,
616 3972 826 4043 partim
861 3986 963 4043 per
984 3971 1243 4042 corporis
1274 3986 1536 4036 sensum,
1560 3970 1771 4039 partim
1806 3986 1906 4041 per
1926 3969 2105 4024 animi

458 4062 743 4116 rationem
793 4059 1128 4115 didicimus.
1168 4058 1282 4113 Nec
1324 4075 1391 4113 ea
1438 4058 1613 4113 verba
1664 4075 1817 4112 nunc
1848 4058 2103 4129 primum

458 4150 791 4207 audivimus
826 4164 838 4203 :
875 4148 975 4203 sed
1008 4164 1134 4219 quae
1181 4148 1301 4217 jam
1336 4147 1746 4212 audieramus;
1780 4150 1835 4201 et
1866 4162 1977 4201 non
2011 4164 2103 4202 so-

453 4239 580 4294 lum
615 4238 762 4309 ipsa,
795 4254 995 4292 verum
1044 4236 1217 4291 etiam
1253 4252 1378 4305 quae
1430 4234 1842 4307 signiﬁcarent,
1875 4239 2105 4308 cognita

455 4327 739 4383 memoria
768 4326 1138 4391 tenebamus,
1173 4329 1230 4379 et
1272 4324 1365 4378 hic
1398 4324 1763 4395 agnovimus.
1800 4325 1914 4379 Hoc
1945 4325 2101 4379 enim

453 4434 664 4473 nomen
697 4414 1082 4486 dissyllabum
1116 4430 1249 4468 cum
1282 4414 1516 4479 dicitur,
1540 4413 1797 4483 mundus,
1824 4414 2100 4484 quoniam

452 4523 635 4562 sonus
665 4509 771 4568 est,
808 4520 897 4558 res
948 4504 1152 4573 utique
1183 4501 1496 4574 corporalis
1550 4519 1651 4573 per
1681 4519 1891 4574 corpus
1935 4503 2100 4557 inno-

449 4596 585 4660 tuit,
618 4594 674 4648 id
706 4598 816 4658 est,
850 4608 949 4663 per
982 4607 1179 4646 aurem
1217 4608 1230 4647 :
1263 4593 1360 4647 sed
1393 4595 1569 4646 etiam
1623 4592 1777 4661 quod
1811 4591 2102 4663 signiﬁcat

452 4699 553 4755 per
582 4698 791 4752 corpus
824 4680 1095 4746 innotuit,
1119 4680 1175 4735 id
1207 4685 1313 4747 est,
1349 4696 1451 4751 per
1481 4679 1679 4735 oculos
1699 4680 1911 4734 carnis.
1938 4681 2102 4735 Mun-

452 4774 561 4829 dus
595 4772 811 4844 quippe
839 4770 898 4825 in
944 4774 1232 4842 quantum
1265 4774 1438 4824 notus
1486 4773 1593 4839 est,
1626 4768 1960 4823 videntibus
1994 4787 2095 4824 no-

450 4865 548 4916 tus
569 4866 673 4917 est.
689 4863 762 4915 At
783 4860 890 4915 hoc
911 4860 1150 4914 verbum
1166 4856 1786 4930 quatuorsyllaharum
1811 4859 1964 4928 quod
1986 4862 2094 4923 est,

452 4946 1429 5018 Crediderunt,sonosuo,quoniam
1443 4963 1650 5017 corpus
1669 4950 1885 5016 est,per
1896 4962 2095 5001 aurem

453 5039 644 5095 carnis
675 5038 933 5093 illabitur
965 5054 978 5093 :
1006 5037 1157 5106 quod
1193 5040 1390 5091 autem
1423 5035 1736 5105 signiﬁcat,
1770 5035 1930 5090 nullo
1965 5052 2095 5091 cor-

454 5128 613 5200 poris
659 5144 857 5196 sensu,
890 5127 990 5182 sed
1038 5124 1216 5180 animi
1268 5124 1490 5179 ratione
1535 5124 1928 5193 cognoscitur.
1972 5124 2096 5179 Nisi

454 5217 604 5272 enim
637 5217 775 5288 quid
806 5216 904 5283 sit,
922 5214 1324 5278 Crediderunt,
1347 5228 1448 5283 per
1478 5215 1739 5267 animum
1765 5230 2093 5282 nossemus,

451 5321 569 5362 non
601 5304 1062 5377 intelligeremus
1094 5303 1231 5375 quid
1263 5318 1378 5357 non
1402 5301 1641 5355 fecerint
1668 5300 1747 5355 illi
1779 5302 1848 5355 de
1882 5302 2097 5372 quibus

451 5393 673 5448 dictum
702 5397 807 5459 est,
841 5393 905 5446 Et
934 5392 1022 5446 sui
1050 5407 1175 5445 eum
1216 5407 1326 5445 non
1357 5398 1699 5461 receperunt.
1737 5390 1927 5445 Sonus
1959 5406 2094 5461 ergo

450 5483 610 5537 verbi
629 5481 948 5536 forinsecus
967 5478 1237 5549 instrepit
1252 5478 1492 5533 auribus
1507 5477 1847 5549 corporis,et
1865 5477 2097 5549 attingit

452 5585 692 5624 sensum
727 5569 824 5638 qui
858 5572 1092 5622 vocatur
1113 5567 1366 5622 auditus.
1390 5567 1621 5637 Species
1653 5582 1880 5637 quoque
1912 5566 2096 5620 humi-

452 5658 546 5715 nis
575 5662 632 5713 et
662 5659 721 5713 in
748 5657 1079 5729 nobisipsis
1109 5657 1276 5712 nobis
1308 5660 1445 5712 nota
1474 5662 1582 5723 est,
1602 5660 1658 5711 et
1688 5654 2007 5712 forinsecus
2038 5656 2097 5711 in

520 5760 537 5794 ί
570 5756 725 5818 Editi,
756 5769 855 5806 non
885 5755 1043 5806 solum
1074 5770 1235 5806 sonos.
1267 5755 1448 5817 Abest,
1478 5754 1659 5814 solum,
1697 5768 1728 5803 a
1756 5754 1877 5803 Mss.

1562 382 1666 442 DE
1711 378 2159 451 TRlNl'l‘ATE,
2206 374 2271 435 S.
2319 370 2740 435 AUGUSTINI

3698 363 3858 422 1016

2200 507 2331 562 aliis
2362 507 2529 561 adest
2557 503 2816 575 corporis
2840 501 3112 557 sensibus
3139 517 3152 567 ;
3188 497 3397 572 oculis,
3421 514 3556 553 cum
3586 495 3820 551 videtur
3841 500 3855 523 ’

2194 594 2596 661 auribus,cum
2616 592 2874 657 auditur;
2892 589 3232 655 tactui,cum
3249 591 3552 643 teneturet
3565 586 3852 658 tangitur:

2197 684 2372 738 habet
2402 682 2653 737 etiamin
2684 680 2961 735 memoria
2992 676 3527 748 nostraimaginem
3554 692 3748 745 suam,
3770 674 3858 729 in-

2197 771 2557 843 corporalem
2606 770 2868 841 quidem,
2902 770 2999 823 sed
3045 768 3272 843 corpori
3325 764 3603 821 similem.
3647 763 3855 820 Mundi

2198 862 2446 930 denique
2468 860 2654 930 ipsius
2677 856 2960 913 mirabilis
2976 855 3347 927 pulchritudo
3362 854 3691 910 forinsecus
3713 870 3854 926 pra-

2199 954 2289 1005 sto
2312 958 2417 1017 est,
2444 954 2497 1004 et
2520 947 2857 1019 aspectibus
2879 946 3116 1012 nostris,
3143 949 3199 1000 ct
3220 943 3269 999 ei
3291 944 3487 998 sensui
3511 942 3613 1014 qui
3635 942 3859 997 dicitur

2199 1042 2411 1104 tactus,
2443 1037 2492 1093 si
2524 1036 2664 1108 quid
2709 1035 2835 1105 ejus
2867 1032 3213 1105 attingimus
3249 1048 3261 1087 :
3296 1031 3472 1087 habet
3519 1032 3696 1087 etiam
3728 1031 3857 1102 ipse

2200 1126 2359 1181 intus
2390 1126 2448 1180 in
2477 1124 2757 1181 memoria
2778 1127 2979 1179 nostra
2998 1122 3312 1193 imaginem
3347 1137 3540 1187 suam,
3565 1121 3636 1176 ad
3671 1136 3856 1192 quam

2200 1215 2580 1285 recurrimus,
2602 1230 2732 1269 cum
2758 1229 2888 1268 eum
2912 1211 2998 1267 vel
3023 1211 3169 1284 septi
3194 1210 3537 1281 parietibus,
3559 1209 3649 1265 vel
3671 1210 3855 1266 etiam

2201 1307 2261 1361 in
2295 1303 2549 1359 tenebris
2566 1300 3039 1375 cogitamus.Sed
3070 1301 3139 1355 de
3155 1299 3248 1355 his
3270 1299 3631 1370 imaginibus
3654 1315 3855 1355 rerum

2201 1392 2610 1465 corporalium,
2626 1389 3091 1463 incorporalibus
3108 1388 3363 1460 quidem,
3389 1388 3746 1444 habentibus
3767 1392 3859 1443 ta-

2202 1499 2336 1538 men
2367 1479 2784 1537 similitudines
2808 1494 3139 1548 corporum,
3165 1482 3220 1533 et
3243 1477 3315 1532 ad
3346 1477 3523 1531 vitam
3550 1477 3858 1533 exterioris

2201 1570 2458 1627 hominis
2481 1567 2932 1640 pertinentibus,
2951 1569 3076 1636 jam
3100 1566 3242 1622 satis
3265 1566 3325 1620 in
3359 1565 3672 1622 undecimo
3706 1566 3860 1623 libro

2202 1658 2380 1715 locuti
2413 1674 2641 1713 sumus.
2666 1660 2830 1712 Nunc
2861 1660 3055 1711 autem
3077 1655 3308 1726 agimus
3339 1656 3409 1710 de
3439 1654 3681 1710 homine
3707 1655 3860 1711 inte-

2204 1747 2376 1811 riore,
2409 1750 2467 1800 et
2494 1746 2621 1815 ejus
2651 1744 2920 1813 scientia,
2955 1759 3024 1798 ea
3048 1759 3176 1813 qua:
3208 1759 3404 1797 rerum
3440 1746 3529 1798 est
3558 1747 3861 1815 tempora-

2203 1834 2348 1890 lium
2374 1839 2429 1890 et
2448 1835 2819 1891 mutabilium
2839 1835 2925 1889 :in
2950 1834 3519 1906 cujusintentionem
3534 1850 3669 1889 cum
3693 1850 3860 1889 assu-

2206 1924 2351 1977 mitu
2363 1924 2471 1979 rali
2483 1924 2618 1995 quid
2630 1924 2825 1992 ,etiam
2840 1924 2911 1979 de
2925 1925 3095 1979 rebus
3109 1924 3177 1978 ad
3193 1923 3536 1979 exteriorem
3553 1922 3856 1979 hominem

2207 2013 2657 2086 pertinentibus,
2711 2014 2784 2069 ad
2828 2013 2936 2068 hoc
2967 2012 3387 2068 assumendum
3421 2016 3511 2067 est
3539 2016 3605 2067 ut
3633 2011 3860 2082 aliquid

2205 2102 2339 2157 inde
2368 2103 2647 2157 doceatur
2676 2104 2831 2173 quod
2864 2101 3207 2157 rationalem
3240 2102 3481 2171 adjuvet
3506 2099 3816 2157 scientiam
3841 2117 3856 2156 :

2206 2207 2273 2246 ac
2296 2207 2396 2261 per
2418 2191 2526 2246 hoc
2549 2208 2742 2247 rerum
2766 2208 2913 2262 quas
2930 2206 3273 2246 communes
3296 2206 3431 2244 cum
3454 2190 3862 2246 animantibus

2207 2278 2642 2335 irrationalibus
2667 2279 2974 2349 habemus,
3003 2278 3303 2334 rationalis
3337 2296 3481 2335 usus
3509 2279 3581 2334 ad
3617 2278 3864 2334 interio-

2208 2385 2329 2423 rem
2354 2368 2649 2423 hominem
2675 2367 2958 2439 pertinet;
2984 2383 3089 2423 nec
3111 2372 3262 2422 recte
3284 2366 3396 2422 dici
3419 2372 3759 2438 potestcum
3783 2367 3856 2421 ir-

2209 2455 2594 2512 rationalibus
2625 2456 3024 2512 animantibus
3067 2471 3201 2512 eum
3236 2455 3407 2513 nobis
3437 2471 3565 2511 esse
3594 2472 3866 2512 commu-

2210 2561 2365 2600 nem.

2282 2632 2513 2689 CAPUT
2546 2634 2615 2688 Ιῐ.
2640 2664 2709 2673 -
2728 2634 2781 2688 5.
2808 2634 2964 2689 Fides
2986 2650 3075 2689 res
3093 2634 3297 2700 cordis,
3312 2649 3422 2689 non
3440 2634 3707 2705 corporis,
3721 2648 3862 2705 quo-

2206 2722 2361 2778 modo
2387 2724 2690 2778 communis
2712 2726 2762 2778 et
2783 2740 2895 2778 una
2916 2725 3161 2779 omnium
3185 2722 3547 2778 credentium.
3566 2722 3724 2779 Fides
3734 2737 3861 2778 cre-

2208 2812 2453 2868 dentium
2470 2812 2861 2882 uncinonsecus
2872 2829 2935 2867 ac
2954 2813 3517 2868 volentiumvolunta:
3537 2827 3671 2868 una.
3688 2812 3864 2868 Fides

2211 2917 2341 2957 vero
2371 2901 2441 2956 de
2473 2918 2584 2970 qua
2606 2901 2665 2955 in
2688 2900 2957 2957 hoclihro
2980 2901 3277 2972 aliquanto
3306 2901 3527 2955 diutius
3552 2900 3864 2973 disputare

2210 2990 2775 3060 certadispositionis
2790 2995 2997 3044 nostrae
3013 2990 3234 3044 ratione
3248 3005 3375 3045 com
3384 2989 3865 3061 pellimur,quam

2210 3079 2309 3150 qui
2343 3079 2577 3147 habent,
2611 3078 2808 3133 ﬁdeles
2830 3084 3129 3145 vocantur,
3154 3084 3211 3134 et
3232 3080 3333 3150 qui
3366 3096 3482 3134 non
3504 3078 3744 3146 habent,
3768 3079 3862 3133 in-

2211 3166 2432 3237 ﬁdeles,
2456 3168 2609 3222 sicut
2630 3168 2668 3221 ii
2696 3166 2795 3239 qui
2824 3168 3147 3223 venientem
3174 3167 3230 3221 in
3266 3166 3497 3239 propria
3523 3168 3618 3222 Dei
3644 3167 3861 3223 Filium

2210 3273 2323 3309 non
2345 3256 2991 3326 receperunt,,‘quamvis
3004 3274 3071 3310 ex
3093 3256 3296 3311 auditu
3314 3255 3374 3311 in
3394 3256 3562 3311 nobis
3585 3257 3739 3313 facta
3760 3257 3864 3323 sit,

2210 3362 2324 3399 non
2358 3350 2549 3399 tamen
2573 3345 2639 3398 ad
2662 3361 2793 3399 eum
2818 3361 3059 3399 sensum
3079 3345 3338 3415 corporis
3359 3347 3611 3416 pertinet
3636 3346 3738 3417 qui
3757 3362 3863 3417 ap-

2210 3432 2476 3504 pellatur,
2494 3434 3039 3505 auditus,quoniam
3067 3451 3179 3487 non
3200 3439 3287 3488 est
3307 3451 3486 3489 sonus
3511 3450 3613 3489 nec
3636 3435 3707 3489 ad
3727 3450 3866 3490 ocu-

2209 3521 2295 3577 los
2317 3522 2495 3593 hujus
2517 3522 2733 3587 carnis,
2749 3523 3022 3591 quoniam
3044 3540 3159 3578 non
3183 3527 3271 3578 est
3292 3522 3450 3577 color
3470 3526 3571 3577 aut
3597 3523 3865 3595 corporis

2209 3612 2434 3679 forma;
2469 3628 2570 3665 nec
2590 3612 2659 3665 ad
2681 3626 2811 3665 eum
2839 3611 2937 3682 qui
2958 3612 3172 3667 dicitur
3189 3616 3403 3679 tactus,
3430 3612 3709 3684 quoniam
3732 3629 3864 3667 cor-

2210 3699 2481 3771 pulentia:
2504 3699 2648 3753 nihil
2672 3699 2884 3767 habet;
2916 3717 3020 3756 nec
3044 3701 3113 3754 ad
3137 3699 3322 3755 ullum
3349 3701 3589 3757 omnino
3612 3718 3865 3757 sensum

2208 3789 2488 3861 corporis,
2513 3788 2787 3860 quoniam
2812 3788 3003 3843 cordis
3020 3795 3109 3843 est
3138 3805 3231 3843 res
3262 3790 3397 3855 ista,
3422 3806 3535 3844 non
3558 3790 3823 3862 corporis
3849 3808 3863 3857 ;

2210 3895 2314 3933 nec
2339 3877 2475 3932 foris
2496 3882 2585 3932 est
2606 3895 2639 3932 a
2663 3877 2851 3944 nobis,
2880 3879 2978 3933 sed
3005 3878 3063 3932 in
3086 3878 3310 3934 intimis
3334 3879 3533 3933 nobis‘
3560 3896 3573 3947 ;
3599 3895 3704 3934 nec
3728 3896 3863 3934 eam

2209 3966 2522 4038 quisquam
2556 3966 2861 4021 hominum
2885 3966 3039 4020 videt
3068 3965 3127 4020 in
3159 3965 3293 4037 alio,
3319 3967 3417 4022 sed
3454 3967 3866 4039 unusquisque

2210 4056 2268 4110 in
2285 4054 2883 4126 semetipso.Denique
2905 4058 3096 4126 potest
3109 4058 3165 4109 et
3190 4054 3565 4110 simulatione
3577 4056 3864 4128 conﬁngi,

2208 4149 2263 4198 et
2294 4143 2481 4215 putari
2518 4158 2647 4198 esse
2679 4143 2736 4197 in
2763 4159 2876 4214 quo
2909 4160 3022 4199 non
3056 4148 3165 4198 est.
3192 4143 3370 4198 Suam
3397 4144 3575 4215 igitur
3604 4144 3862 4215 quisque

2207 4233 2380 4287 ﬁdem
2409 4233 2561 4303 apud
2600 4248 2662 4287 se
2692 4232 2884 4303 ipsum
2912 4232 3065 4286 videt
3100 4248 3111 4287 :
3148 4232 3207 4286 in
3240 4232 3420 4287 altero
3451 4238 3645 4292 autem
3668 4234 3866 4289 credit

2204 4338 2333 4377 esse
2353 4337 2504 4385 eam,
2530 4337 2644 4375 non
2677 4321 2870 4387 videt;
2900 4326 2957 4376 et
2974 4325 3135 4375 tanto
3160 4322 3386 4376 ﬁrmius
3408 4322 3611 4390 credit,
3635 4329 3865 4393 quanto

2204 4411 2432 4465 fructus
2454 4411 2581 4480 ejus
2601 4410 2787 4481 magis
2806 4410 2984 4476 novit,
3001 4426 3150 4481 quos
3168 4410 3393 4480 operari
3419 4410 3567 4465 solet
3589 4411 3733 4464 ﬁdes
3755 4426 3867 4482 per

2203 4499 2572 4554 dilectionem
2604 4498 2803 4567 (Gnlat.
2836 4515 2890 4565 v,
2924 4499 3000 4569 6).
3036 4498 3429 4561 Quamobrem
3476 4500 3753 4554 omnibus
3786 4502 3862 4556 de

2203 4588 2417 4658 quibus
2440 4586 3194 4658 Evangelistasubjungitet
3208 4586 3367 4657 dicit,
3391 4590 3659 4659 Quotquot
3671 4592 3864 4644 autem

2202 4679 2519 4747 receperunt
2547 4691 2691 4746 eum,
2711 4674 2859 4730 dedit
2886 4676 2963 4731 eis
2982 4678 3297 4745 potestatem
3318 4677 3466 4746 ﬁlios
3495 4678 3595 4731 De:
3617 4678 3763 4747 ﬁeri,
3784 4680 3863 4735 iis

2202 4767 2299 4836 qui
2326 4764 2551 4819 credunt
2579 4766 2635 4818 in
2668 4765 2889 4819 nomine
2919 4765 3057 4835 ejus,
3091 4765 3188 4835 qui
3217 4781 3327 4819 non
3367 4781 3436 4821 ex
3465 4767 3859 4835 sanguinibus,

2200 4870 2372 4925 neque
2401 4869 2470 4909 ex
2499 4854 2778 4909 voluntate
2797 4855 3003 4920 carnis,
3023 4869 3198 4923 neque
3226 4870 3294 4908 ex
3320 4855 3596 4911 voluntate
3622 4856 3751 4921 viri,
3764 4857 3863 4911 sed

2200 4960 2272 4998 ex
2301 4944 2403 4998 Deo
2433 4945 2555 4996 nati
2573 4946 2724 5010 sunt,
2752 4942 2896 4997 ﬁdes
2920 4942 3034 4997 ista
3060 4943 3390 4998 communis
3412 4948 3501 4998 est
3525 4960 3537 4999 :
3563 4960 3678 4999 non
3702 4945 3863 5001 sicut

2202 5032 2399 5102 aliqua
2430 5032 2687 5103 corporis
2719 5033 2907 5086 forma
2936 5030 3271 5086 communis
3302 5037 3389 5086 est
3419 5032 3490 5087 ad
3532 5032 3860 5089 videndum

2200 5121 2462 5175 omnium
2479 5119 2664 5174 oculis
2686 5120 2900 5191 quibus
2923 5125 3131 5190 praesto
3147 5124 3235 5175 est
3252 5144 3265 5185 ;
3282 5137 3349 5175 ex
3362 5120 3491 5192 ipsa
3505 5121 3721 5192 quippe
3739 5138 3864 5179 una

2200 5209 2464 5266 omnium
2481 5209 2843 5264 cernentium
2868 5209 3123 5279 quodam
3143 5209 3312 5264 modo
3331 5209 3683 5265 informatur
3697 5227 3859 5283 aspe-

2200 5302 2328 5354 ctus
2362 5317 2373 5354 :
2409 5299 2509 5353 sed
2534 5298 2685 5352 sicut
2716 5297 2830 5352 dici
2855 5302 3045 5368 potest
3066 5298 3345 5352 omnibus
3368 5297 3709 5354 hominibus
3726 5316 3861 5357 esse

2202 5389 2375 5444 facies
2399 5387 2655 5442 humana
2674 5386 3034 5453 communis;
3062 5403 3199 5442 nam
3216 5387 3321 5441 hoc
3338 5386 3417 5441 ita
3441 5385 3751 5454 dicitur,ut
3767 5395 3859 5447 ta-

2202 5492 2331 5533 men
2357 5476 2568 5548 singuli
2595 5492 2732 5530 suas
2756 5475 3027 5530 habeant.
3055 5475 3133 5529 Ex
3156 5492 3271 5529 una
3292 5491 3431 5530 sane
3454 5476 3858 5535 doctrinaim-

2201 5582 2457 5628 pressam
2484 5564 2657 5617 ﬁdem
2684 5562 3043 5617 credentium
3067 5562 3339 5617 cordibus
3364 5561 3731 5634 singulorum
3753 5568 3858 5638 qui

2198 5655 2305 5710 hoc
2326 5655 2478 5709 idem
2500 5653 2747 5709 credunt
2762 5651 3063 5709 verissime
3087 5652 3338 5707 dicimus
3367 5669 3380 5707 :
3406 5653 3506 5707 sed
3526 5652 3688 5710 aliud
3710 5662 3859 5715 sunt

2264 5755 2278 5788 ³
2315 5752 2399 5802 Sic
2427 5753 2551 5802 Mss.
2582 5752 2648 5802 At
2678 5750 2825 5813 editi,
2857 5750 2909 5799 in
2939 5750 3134 5802 intimis
3161 5750 3366 5800 nostvis.
