4160 6452
223 324 381 387 101⁵7

221 473 291 514 ea
321 476 445 531 qure
476 458 813 531 creduntur,
845 458 997 517 aliud
1060 462 1202 519 fides
1236 479 1349 535 qua
1394 465 1729 520 creduntur.
1763 464 1867 522 Illa

222 549 439 620 quippe
458 549 512 603 in
541 549 711 604 rebus
739 556 1023 622 suntquae
1044 552 1128 606 vel
1153 569 1278 607 esse
1302 552 1383 607 vel
1405 553 1586 609 fuisse
1608 554 1692 608 vel
1716 555 1868 609 futu-

223 654 300 691 ra:
323 655 447 691 esse
471 638 909 695 dicunturzhtec
934 645 1127 695 autem
1155 642 1209 695 in
1235 642 1429 696 animo
1456 642 1742 698 credentis
1761 647 1869 711 est,

221 726 275 782 ei
301 731 523 781 tantum
548 728 863 799 conspicua
880 730 1048 799 cujus
1071 735 1185 796 est;
1209 732 1476 802 quamvis
1499 732 1574 786 sit
1596 737 1652 787 et
1670 733 1727 786 in
1743 732 1873 787 aliis

224 832 342 870 non
363 816 620 887 ipsa,sed
646 816 876 872 similis.
902 818 1027 872 Non
1046 819 1201 873 enim
1226 836 1468 874 numero
1489 824 1579 875 est
1609 838 1741 887 una,
1772 820 1872 875 sed

224 920 466 976 genere:
495 912 726 976 prepter
766 906 1211 963 similitudinem
1235 912 1429 963 tamen
1462 915 1517 964 et
1539 909 1760 963 nullam
1794 911 1877 964 di-

222 994 554 1049 versitatem
589 996 775 1066 magis
806 1012 982 1050 unam
1010 996 1264 1052 dicimus
1286 1013 1413 1052 esse
1431 1013 1607 1067 quam
1633 998 1873 1054 multas.

226 1083 373 1138 Nam
387 1090 442 1138 et
462 1085 608 1139 duos
623 1084 890 1139 homines
903 1084 1240 1141 simillimos
1254 1103 1388 1141 cum
1403 1086 1875 1153 videmus,unam

222 1172 431 1226 faciem
457 1171 705 1227 dicimus
727 1178 785 1227 et
816 1173 1101 1229 miramur
1128 1176 1459 1230 amborum.
1488 1175 1738 1230 Facilius
1770 1176 1877 1231 ita-

222 1276 337 1330 que
368 1259 582 1315 dicitur
612 1260 826 1316 multas
858 1262 1086 1317 animas
1136 1262 1318 1317 fuisse
1365 1261 1629 1333 singulas
1671 1264 1873 1335 utique

222 1347 613 1420 singulorum,
639 1350 709 1404 de
740 1350 955 1422 quibus
986 1350 1237 1422 legimus
1270 1350 1327 1404 in
1362 1351 1606 1407 Actibus
1646 1353 1882 1423 Aposto-

220 1436 411 1494 lorum
435 1438 587 1510 quod
614 1438 695 1493 eis
718 1439 894 1496 fuerit
916 1440 1111 1493 anima
1134 1456 1250 1493 una
1272 1439 1410 1507 (Act.
1437 1456 1514 1507 IV,
1549 1440 1676 1511 32):
1702 1457 1877 1512 quam

224 1526 323 1581 ubi
356 1527 501 1581 dixit
532 1527 865 1599 Apostolus,
903 1529 1019 1584 Una
1051 1528 1191 1599 ﬁdes
1221 1530 1437 1600 (Ephes.
1466 1547 1539 1594 IV,
1562 1530 1637 1599 5),
1670 1533 1756 1584 tot
1782 1545 1880 1585 eas

222 1618 401 1672 audet
436 1618 750 1687 quisquam
784 1618 977 1673 dicere
1010 1623 1154 1690 quot
1191 1619 1409 1673 fideles.
1456 1619 1521 1672 Et
1550 1624 1745 1672 tamen
1779 1618 1878 1689 qui

222 1705 383 1777 dicit,
418 1706 456 1762 0
486 1708 707 1773 mulier,
743 1724 940 1778 magna
971 1716 1049 1762 est
1068 1707 1202 1776 ﬁdes
1234 1712 1325 1762 tua
1356 1708 1572 1777 (Matth.
1612 1725 1706 1773 xv,
1748 1708 1837 1777 28)
1865 1725 1879 1775 ;

223 1800 281 1849 et
312 1794 498 1861 alteri,
532 1795 752 1852 Modica?
780 1796 928 1866 ﬁdei,
962 1813 1136 1867 quare
1164 1796 1433 1851 dubitasti
1463 1797 1563 1867 (Id.
1600 1812 1709 1864 ιη,
1743 1797 1832 1867 31)
1854 1796 1882 1852 ?

223 1901 396 1940 suam
431 1884 641 1955 cuique
663 1901 792 1940 esse
825 1884 1138 1957 significat.
1173 1886 1281 1941 Sed
1328 1885 1406 1939 ita
1437 1886 1650 1940 dicitur
1678 1886 1880 1940 eadem

222 1972 584 2029 credentium
612 1973 753 2029 fides
788 1975 1428 2045 una,quemadmodum
1453 1975 1654 2029 eadem
1678 1973 1877 2029 volen-

219 2064 369 2120 tium
400 2065 667 2121 voluntas
695 2082 811 2120 una
844 2083 857 2133 ;
918 2081 1051 2120 cum
1084 2070 1139 2120 et
1169 2066 1227 2119 in
1270 2066 1417 2137 ipsis
1448 2066 1545 2137 qui
1585 2065 1692 2121 hoc
1725 2065 1879 2123 idem

217 2155 441 2219 volunt,
475 2172 582 2210 sua
610 2154 878 2210 voluntas
910 2155 988 2210 sit
1017 2156 1229 2227 cuique
1260 2156 1598 2227 conspicua,
1636 2154 1881 2210 alterius

222 2249 421 2300 autem
454 2243 647 2313 lateat,
682 2244 951 2315 quamvis
983 2245 1134 2298 idem
1166 2244 1302 2299 velit
1332 2262 1344 2308 ;
1399 2247 1455 2298 et
1502 2244 1551 2299 si
1582 2244 1880 2315 aliquibus

237 2334 425 2405 signis
456 2350 584 2389 sese
614 2333 849 2401 indicet,
894 2334 1153 2388 creditur
1194 2334 1389 2404 potius
1423 2348 1599 2403 quam
1629 2332 1879 2386 videtur.

228 2422 651 2495 Unusquisque
683 2427 876 2478 autem
909 2421 997 2476 sui
1030 2422 1209 2477 animi
1243 2422 1512 2476 conscius
1540 2438 1655 2475 non
1692 2421 1880 2475 credit

222 2515 430 2585 utique
460 2513 610 2569 hanc
642 2528 771 2568 esse
814 2528 1004 2581 suam,
1038 2512 1137 2567 sed
1174 2510 1343 2583 plane
1384 2509 1645 2582 pervidet
1674 2508 1880 2564 volun-

219 2607 425 2659 tatem.

298 2690 530 2747 CAPUT
562 2689 788 2744 llI.—6.
804 2689 1111 2746 Voluntates
1133 2690 1388 2760 quaedam
1408 2688 1609 2745 eaedem
1630 2688 1881 2743 omnium

218 2781 458 2853 singulis
476 2778 1150 2849 note.Enniuspoeta.Est
1166 2794 1235 2847 qu
1246 2778 1428 2833 mdam
1449 2792 1588 2832 sane
1611 2777 1879 2847 ejusdem

223 2880 447 2929 naturae
472 2870 717 2925 viventis
741 2874 796 2924 et
817 2869 1037 2925 ratione
1061 2870 1277 2925 utentis
1310 2872 1473 2923 tanta
1503 2867 1879 2939 conspiratio,

228 2965 296 3016 ut
323 2978 457 3015 cum
490 2959 667 3014 lateat
689 2958 939 3013 alterum
964 2958 1100 3029 quid
1137 2958 1282 3012 alter
1302 2954 1761 3025 velit,nonnullee
1792 2960 1878 3011 ta-

220 3067 356 3106 men
381 3050 500 3105 sint
521 3048 851 3103 voluntates
882 3048 1146 3102 omnium
1190 3047 1365 3102 etiam
1410 3045 1658 3117 singulis
1683 3053 1827 3100 nolaa
1861 3062 1874 3101 :

218 3144 433 3195 etcum
458 3138 708 3209 quisque
732 3137 906 3191 homo
932 3136 1149 3191 nesciat
1170 3136 1310 3206 quid
1348 3135 1522 3189 homo
1544 3134 1695 3188 alius
1724 3150 1879 3189 unus

216 3227 442 3295 velit,in
463 3226 817 3298 quibusdam
837 3225 1013 3280 rebus
1041 3225 1227 3296 possit
1248 3226 1397 3279 scire
1415 3222 1550 3293 quid
1570 3239 1772 3277 omnes
1795 3238 1878 3278 ve-

216 3316 351 3372 lint.
384 3316 545 3371 Unde
568 3315 666 3370 illa
683 3315 988 3383 cujusdam
1021 3313 1185 3368 mimi
1218 3312 1575 3368 facetissima
1601 3310 1877 3383 prardica-

214 3409 316 3461 tur
347 3403 667 3468 urbanitas,
709 3404 807 3474 qui
849 3419 982 3457 cum
1027 3419 1089 3457 se
1125 3400 1491 3473 promisisset
1537 3400 1596 3455 in
1653 3400 1876 3455 theatro

216 3494 357 3566 quid
380 3493 437 3547 in
462 3493 655 3548 animo
679 3492 981 3560 haberent,
1007 3496 1064 3545 et
1086 3490 1226 3562 quid
1255 3488 1467 3545 vellent
1487 3505 1713 3556 omnes,
1746 3487 1877 3543 aliis

215 3582 375 3638 ludis
402 3598 529 3637 esse
560 3580 1072 3651 dicturum,atque
1102 3579 1157 3633 id
1192 3578 1344 3633 diem
1377 3578 1762 3631 constitutum
1787 3578 1872 3632 ln-

213 3671 376 3745 genti
400 3670 824 3741 exspectatione
851 3670 1036 3739 major
1058 3667 1370 3723 multitudo
1400 3666 1876 3733 conflueret,sus-

218 3762 421 3835 pensis
452 3764 509 3817 et
536 3752 846 3816 silentibus
892 3759 1189 3825 omnibus,
1229 3757 1444 3813 dixisse
1488 3756 1828 3829 perhibetur
1860 3773 1873 3812 :

217 3853 335 3907 Vili
362 3851 536 3906 vultis
567 3867 776 3917 emere,
805 3856 862 3905 et
896 3866 1028 3905 caro
1057 3848 1324 3903 vendere.
1362 3848 1420 3902 In
1455 3864 1569 3919 quo
1602 3846 1756 3902 dicto
1790 3846 1877 3903 le-

217 3942 446 3999 vissimi
482 3941 718 4003 scenici,
758 3956 963 3995 omnes
992 3945 1188 3993 tamen
1222 3932 1609 3992 conscientias
1641 3937 1876 3991 invene-

218 4038 359 4089 runt
390 4031 725 4102 suas,eique
754 4047 887 4085 vera
914 4035 1045 4084 ante
1077 4028 1276 4083 oculos
1297 4028 1560 4083 omnium
1592 4029 1875 4083 constitu-

216 4128 299 4193 ta,
345 4128 400 4179 et
428 4127 622 4177 tamen
656 4119 974 4193 improvisa
1021 4119 1266 4184 dicenti,
1319 4118 1653 4173 admirabili
1689 4120 1877 4174 favore

215 4214 583 4288 plauserunt.
617 4212 729 4267 Cur
760 4216 953 4266 autem
984 4217 1105 4267 tam
1140 4226 1353 4281 magna
1383 4209 1736 4281 exspectatio
1760 4209 1873 4263 fac-

215 4311 279 4362 ta
306 4310 396 4360 est
426 4303 524 4358 illo
556 4302 929 4374 promittente
953 4300 1219 4356 omnium
1257 4298 1614 4354 voluntatem
1653 4315 1714 4354 se
1746 4316 1876 4355 esse

215 4392 653 4459 dicturum,nisi
687 4392 822 4463 quia
854 4391 1037 4446 latent
1056 4390 1303 4446 aliorum
1336 4389 1642 4445 hominum
1676 4388 1874 4444 volun-

212 4488 417 4544 tates?
455 4486 563 4541 Sed
619 4483 886 4554 nunquid
933 4482 1044 4537 ista
1087 4481 1257 4537 latuit
1298 4479 1530 4536 istum?
1574 4480 1873 4551 Numquid

215 4594 576 4649 quemquam
600 4575 921 4641 latet?Qua
948 4574 1181 4629 tandem
1212 4589 1407 4638 causa,
1438 4571 1548 4626 nisi
1582 4570 1718 4643 quia
1737 4574 1875 4627 sunt

212 4667 485 4739 quaedam
512 4682 639 4737 quae
664 4680 777 4719 non
802 4662 1277 4718 inconvenienter
1297 4661 1357 4715 in
1386 4660 1516 4715 aliis
1534 4661 1604 4715 de
1626 4677 1686 4715 se
1709 4660 1873 4731 quis-

212 4772 331 4827 que
362 4753 651 4825 conjiciat,
676 4751 1062 4821 compatiente
1094 4751 1179 4805 vel
1211 4750 1584 4821 conspirante
1604 4748 1741 4804 vitio
1770 4764 1871 4804 seu

212 4844 465 4900 natura?
483 4843 594 4898 Sed
613 4842 771 4897 aliud
793 4846 881 4895 est
901 4841 1095 4895 videre
1118 4838 1474 4894 voluntatem
1494 4836 1869 4907 suam,aliud,

214 4932 486 5005 quamvis
518 4929 845 4985 certissima
876 4928 1232 4998 conjectura,
1278 4925 1565 4996 conjicere
1596 4925 1869 4981 alienam.

210 5021 363 5078 Nam
394 5019 687 5076 conditam
713 5019 956 5075 Romam
984 5021 1105 5072 tam
1137 5020 1361 5071 certum
1395 5014 1578 5069 habeo
1608 5013 1665 5069 in
1699 5014 1872 5071 rebus

215 5107 540 5166 humannis
587 5124 765 5179 quam
816 5103 1398 5176 Canstantinopolim,
1432 5119 1563 5157 cum
1625 5102 1870 5159 Romam

209 5199 456 5256 viderim
508 5195 690 5252 oculis
740 5195 907 5264 meis,
956 5195 1026 5249 de
1073 5192 1173 5248 illa
1215 5208 1344 5247 vero
1390 5190 1537 5246 nihil
1589 5192 1869 5260 noverim,

213 5288 327 5344 nisi
362 5287 516 5360 quod
551 5284 682 5340 aliis
718 5283 969 5339 testibus
1000 5281 1238 5338 credidi.
1274 5282 1340 5334 Et
1382 5280 1579 5334 minus
1638 5280 1869 5351 quidem

211 5378 310 5433 ille
359 5376 445 5433 vel
496 5391 555 5431 se
601 5374 798 5445 ipsum
832 5372 1179 5438 intuenduo,
1213 5371 1296 5425 vel
1333 5368 1478 5424 alios
1510 5385 1742 5440 quoque
1773 5385 1871 5425 ex-

214 5466 515 5540 periendo,
549 5463 647 5517 vili
705 5461 848 5516 velle
886 5477 1100 5527 emere,
1141 5466 1197 5515 et
1227 5474 1356 5514 care
1386 5458 1655 5524 vendere,
1689 5458 1873 5513 omni-

209 5558 325 5613 bus
357 5556 412 5610 id
452 5552 701 5608 credidit
730 5566 857 5605 esse
889 5566 1217 5604 commune.
1255 5548 1364 5603 Sed
1397 5547 1676 5617 quoniam
1711 5564 1866 5603 reve-

207 5664 273 5701 ra
292 5646 494 5700 vitiuui
510 5647 617 5711 est,
634 5644 826 5712 potest
859 5640 1114 5709 quisque
1135 5636 1375 5708 adipisci
1393 5636 1713 5706 ejusmodij
1728 5637 1870 5691 usti-

204 5732 468 5801 tiam,vel
486 5730 735 5799 alicujus
756 5726 997 5782 alterius
1017 5725 1140 5780 vitii
1161 5726 1316 5796 quod
1349 5725 1486 5781 huic
1508 5724 1868 5782 contrarium

204 5829 298 5885 est
328 5823 627 5881 incurrere
651 5814 1069 5891 pestilentiam,
1099 5831 1216 5889 qua
1245 5814 1381 5875 huic
1414 5814 1649 5872 resistat
1668 5818 1726 5873 et
1740 5813 1868 5873 vin-

1410 332 1640 391 LIBER
1684 332 2021 395 TERTIUS
2068 336 2435 402 DECIMUS.

3466 342 3622 403 1018

1978 472 2088 521 cat.
2118 470 2261 525 Nam
2296 473 2414 527 scio
2449 474 2569 545 ipse
2594 474 2912 541 hominem,
2946 492 3078 531 cum
3110 476 3329 533 venalis
3360 477 3535 533 codex
3567 476 3620 533 ei

1977 556 2746 636 fuissetoblatus,pretiique
2774 567 2900 636 ejus
2922 565 3191 637 ignarum
3216 572 3271 621 et
3292 567 3419 621 ideo
3447 567 3616 638 quid-

1978 646 2111 700 dam
2146 648 2420 720 exiguum
2454 660 2785 723 poscentem
2820 660 3077 710 cerneret
3108 656 3618 725 venditorem,jus-

1978 737 2101 789 tum
2136 738 2381 808 pretium
2419 742 2571 811 quod
2604 742 2785 798 multo
2818 743 3070 815 amplius
3099 750 3355 813 erat,nec
3382 745 3622 816 opinan-

1978 819 2023 875 ti
2054 823 2303 879 dedisse.
2340 827 2506 895 Quid,
2558 830 2604 884 si
2655 831 2827 885 etiam
2873 833 2948 886 sit
2998 832 3306 903 quisquam
3358 834 3620 905 nequitia

1980 914 2144 966 tanta
2177 931 2502 985 possessus,
2528 922 2591 972 ut
2623 919 2716 972 vili
2750 921 2957 974 vendat
2989 938 3115 991 qua:
3148 922 3496 977 dimiserunt
3527 940 3630 993 pa-

1982 1006 2260 1067 rentes,et
2282 1020 2413 1059 caro
2438 1013 2592 1061 emat
2625 1024 2749 1077 qua:
2782 1015 3133 1063 consumant
3162 1010 3434 1065 libidines
3452 1011 3478 1065 ?
3502 1012 3626 1067 Non

1982 1094 2089 1154 est,
2124 1096 2187 1144 ut
2216 1093 2809 1163 opinor,incredil_>ilis
2842 1098 2953 1151 ista
2986 1098 3282 1153 luxuries:
3320 1104 3374 1153 et
3405 1099 3451 1154 si
3475 1117 3629 1170 qure-

1984 1183 2187 1233 rantur
2218 1181 2361 1235 tales
2396 1185 2776 1254 reperiantur,
2798 1191 2895 1240 aut
2924 1187 3097 1241 etiam
3123 1204 3236 1241 non
3266 1188 3493 1259 quaesiti
3518 1190 3637 1242 for-

1983 1268 2158 1323 tassis
2190 1273 2623 1344 occurrant,qui
2658 1275 2917 1344 nequitia
2948 1276 3165 1345 majore
3195 1293 3372 1347 quam
3398 1277 3636 1332 theatri-

1982 1370 2070 1426 ca,
2104 1358 2487 1429 propositioni
2521 1361 2605 1415 vel
2641 1362 3099 1434 pronuntiationi
3132 1364 3425 1420 theatricaa
3458 1366 3639 1421 insul-

1982 1447 2125 1515 tent,
2162 1464 2371 1519 magno
2412 1450 2592 1521 pretio
2644 1456 2848 1524 stupra
2898 1454 3166 1522 emendo,
3214 1471 3389 1525 parvo
3436 1461 3629 1510 autem

1984 1552 2119 1589 rura
2146 1538 2465 1592 vendendo.
2524 1540 2871 1611 Largitionis
2911 1542 3085 1596 etiam
3133 1543 3320 1613 gratia
3362 1543 3630 1599 novimus

1985 1628 2271 1697 quosdam
2310 1628 2522 1682 emisse
2554 1628 2845 1684 frumenta
2877 1629 3091 1690 carius.
3127 1635 3185 1684 et
3230 1630 3403 1685 vilius
3432 1632 3629 1686 vendi-

1984 1714 2140 1770 disse
2172 1717 2296 1771 suis
2327 1715 2567 1771 civibus.
2596 1716 2743 1772 lllud
2773 1718 2948 1773 etiam
2974 1720 3128 1790 quod
3157 1727 3320 1775 vetus
3350 1724 3517 1792 poeta
3548 1720 3633 1775 di-

1983 1804 2068 1858 xit
2097 1805 2364 1872 Ennius,-

2201 1893 2396 1942 Omnes
2424 1893 2675 1943 mortales
2705 1909 2818 1944 sese
2844 1894 3109 1945 laudarier
3137 1900 3324 1959 optant
3358 1899 3375 1932 ί
3402 1913 3415 1946 :

1983 1980 2239 2051 profecto
2269 1986 2326 2037 et
2348 1982 2419 2036 de
2439 1999 2500 2038 se
2531 1982 2656 2054 ipso
2678 1988 2734 2039 et
2750 1985 2821 2039 de
2850 1984 2919 2040 iis
2950 2002 3096 2055 quos
3129 1988 3399 2056 expertus
3420 1986 3629 2056 fuerat,

1984 2069 2229 2138 conjecit
2257 2069 2316 2124 in
2348 2069 2496 2136 aliis,
2530 2076 2586 2126 et
2618 2072 2846 2127 videtur
2874 2074 3287 2144 pronuntiasse
3320 2072 3625 2129 hominum

1984 2156 2248 2211 omnium
2280 2158 2625 2213 voluntates.
2652 2159 2909 2232 Denique
2940 2160 2985 2216 si
3020 2170 3076 2216 et
3099 2162 3295 2216 minus
3325 2161 3421 2217 ille
3452 2162 3633 2217 dixis-

1982 2250 2088 2301 set.
2125 2246 2373 2313 Laudari
2401 2262 2604 2302 omnes
2631 2249 2827 2316 vultis,
2863 2267 3029 2305 nemo
3056 2255 3313 2306 vestrum
3346 2250 3441 2305 vul
3474 2252 3625 2306 vitu-

1981 2335 2204 2405 perari:
2239 2335 2507 2390 similiter
2539 2338 2691 2407 quod
2723 2342 2877 2393 esset
2907 2338 3169 2393 omnium
3201 2338 3519 2394 voluntatis
3540 2340 3629 2393 di-

1980 2424 2134 2480 xisse
2163 2424 2476 2480 videretur.
2510 2425 2660 2481 Sunt
2688 2430 2881 2481 tamen
2915 2427 3012 2498 qui
3050 2426 3189 2482 vitia
3224 2444 3333 2482 sua
3379 2427 3632 2497 oderint,

1981 2516 2038 2567 et
2069 2514 2129 2567 in
2160 2514 2376 2584 quibus
2408 2514 2520 2569 sibi
2552 2514 3130 2587 displicentipsi,nec
3162 2518 3234 2571 ab
3265 2515 3393 2572 aliis
3425 2516 3633 2572 selau-

1981 2601 2105 2657 dari
2136 2602 2335 2670 velint,
2354 2608 2688 2675 gratiasque
2719 2609 2891 2675 agent
2920 2605 3353 2677 objurgantium
3391 2607 3635 2660 benevo-

1981 2689 2193 2759 lentiae,
2222 2707 2356 2746 cum
2389 2692 2516 2747 ideo
2562 2693 2967 2764 vituperantur
3012 2699 3073 2747 ut
3121 2694 3509 2765 corrigantur.
3560 2696 3633 2748 At

1982 2778 2031 2833 si
2063 2779 2324 2845 dixisset,
2370 2780 2585 2835 Omnes
2634 2781 2785 2836 beati
2838 2798 2965 2837 esse
3014 2781 3208 2849 vultis,
3256 2782 3452 2837 miseri
3503 2798 3632 2837 esse

1982 2884 2097 2923 non
2128 2868 2341 2937 vultis;
2376 2868 2617 2924 dixisset
2638 2869 2855 2941 aliquid
2881 2871 3033 2942 quod
3070 2870 3266 2926 nullus
3291 2871 3347 2925 in
3373 2888 3479 2926 sua
3509 2887 3627 2926 non

1981 2962 2320 3028 agnosceret
2349 2956 2666 3013 voluntate.
2718 2958 3008 3031 Quidquid
3056 2960 3213 3015 enim
3267 2958 3423 3014 aliud
3459 2960 3629 3031 quis-

1980 3062 2156 3117 quam
2193 3046 2438 3102 latenter
2480 3046 2638 3111 velit,
2691 3048 2761 3103 ab
2808 3048 2915 3102 hac
2956 3048 3253 3103 voluntate
3283 3066 3407 3119 quas
3441 3048 3633 3104 omni-

1978 3135 2091 3190 bus
2122 3140 2179 3191 et
2209 3135 2267 3190 in
2300 3137 2574 3191 omnibus
2622 3136 2962 3192 hominibus
3011 3138 3154 3192 satis
3199 3142 3335 3192 nota
3366 3142 3476 3205 est,
3511 3154 3628 3193 non

1980 3225 2216 3279 recedit.

2049 3313 2282 3368 CAPUT
2314 3313 2923 3369 IV.—7.Beatitudinis
2952 3313 3217 3371 habendae
3250 3315 3497 3369 voluntas
3518 3331 3631 3368 una

1979 3401 2339 3471 omnium,scd
2358 3401 2422 3457 de
2447 3404 2573 3473 ipsa
2596 3403 2930 3457 beatitudine
2950 3407 3188 3457 varietas
3214 3420 3411 3472 magna
3434 3406 3626 3457 volun-

1981 3495 2173 3546 tatum.
2196 3491 2408 3545 Mirum
2427 3494 2515 3545 est
2538 3495 2730 3545 autem
2755 3508 2886 3546 cum
2913 3492 3281 3563 capessendas
3306 3496 3476 3561 atque
3500 3493 3633 3545 reti-

1980 3581 2182 3634 nendze
2215 3579 2592 3634 beatitudinis
2622 3579 2893 3635 voluntas
2927 3597 3043 3634 una
3073 3580 3147 3635 sit
3178 3579 3628 3649 omnium,unde

1978 3671 2141 3723 tanta
2172 3667 2383 3722 existat
2405 3667 2475 3721 de
2499 3667 2625 3739 ipsa
2656 3668 3011 3723 beatitudine
3034 3686 3237 3723 rursus
3272 3668 3519 3724 varietas
3542 3674 3628 3723 at-

1980 3776 2091 3833 que
2105 3757 2787 3814 diversitasvoluntatum
2810 3776 2923 3814 non
2942 3760 3093 3831 quod
3117 3759 3327 3830 aliquis
3341 3776 3467 3815 eam
3485 3759 3632 3815 nolit

1978 3850 2077 3905 sed
2112 3848 2261 3919 quod
2298 3863 2410 3901 non
2444 3863 2647 3902 omnes
2690 3864 2817 3902 eam
2853 3849 3067 3903 norint.
3119 3849 3176 3903 Si
3218 3848 3375 3903 enim
3420 3865 3627 3903 omnes

1978 3954 2105 3992 eam
2131 3942 2389 3999 nossent,
2410 3954 2522 3991 non
2556 3938 2627 3991 ab
2660 3936 2789 3992 aliis
2823 3943 3127 4003 putaretur
3158 3954 3286 3992 esse
3320 3938 3377 3991 in
3408 3937 3629 3992 virtute

1980 4026 2193 4094 animi;
2220 4025 2434 4095 aliis,in
2461 4026 2722 4096 corporis
2755 4026 3079 4095 voluptate;
3101 4027 3315 4093 aliis,in
3349 4031 3624 4097 utraque;
3654 4097 3663 4103 ρ

1977 4123 2033 4174 et
2064 4118 2193 4173 aliis
2233 4124 2407 4189 atque
2451 4116 2603 4183 aliis,
2649 4117 2786 4172 alibi
2838 4124 3012 4189 atque
3052 4118 3207 4173 alibi.
3244 4119 3313 4174 Ut
3342 4119 3497 4174 enim
3525 4136 3623 4174 eos

1978 4226 2223 4282 quaeque
2256 4226 2345 4264 res
2379 4211 2627 4265 maxime
2652 4211 2976 4279 delectavit,
3012 4210 3092 4264 ita
3123 4210 3179 4263 in
3211 4228 3278 4264 ea
3309 4212 3626 4266 constitue-

1979 4300 2114 4351 runt
2145 4296 2320 4351 vitam
2351 4296 2600 4351 beatam.
2642 4297 2940 4359 Quomodo
2986 4297 3162 4369 igitur
3201 4298 3627 4353 ferventissime

1977 4390 2177 4440 amant
2202 4401 2425 4452 omnes,
2451 4386 2603 4456 quod
2638 4403 2750 4440 non
2778 4402 2980 4441 omnes
3009 4386 3247 4441 sciunt?
3276 4387 3413 4451 Quis
3437 4390 3627 4458 potest

1977 4489 2173 4528 amare
2211 4474 2363 4544 quod
2400 4472 2632 4527 nescit?
2674 4473 2827 4529 sicut
2853 4476 2974 4544 jam
3008 4476 3077 4530 de
3118 4475 3225 4530 hac
3259 4492 3316 4531 re
3368 4477 3427 4531 in
3458 4476 3624 4531 libris

1976 4562 2376 4633 superioribus
2425 4562 2712 4632 disputavi
2756 4564 2895 4632 (Lib.
2932 4566 2985 4631 8,
3019 4581 3181 4636 capp.
3217 4566 3245 4618 4
3292 4573 3341 4620 et
3369 4582 3538 4636 seqq.,
3570 4571 3625 4620 et

1976 4651 2071 4705 lib.
2108 4652 2193 4715 10,
2226 4667 2340 4722 cap.
2382 4654 2431 4721 1,
2464 4654 2608 4722 etc.).
2642 4658 2753 4706 Cur
2785 4669 2918 4721 ergo
2951 4654 3250 4709 beatitudo
3283 4660 3517 4709 amatur
3547 4654 3617 4709 ab

1975 4742 2268 4797 omnibus:
2305 4759 2409 4798 nec
2440 4748 2633 4797 tamen
2667 4744 2849 4798 scitur
2900 4747 2972 4799 ab
3003 4746 3278 4801 omnibus
3299 4746 3325 4799 ‘?
3356 4751 3442 4801 An
3475 4746 3620 4801 forte

1974 4830 2172 4886 sciunt
2205 4848 2409 4886 omnes
2443 4832 2571 4901 ipsa
2604 4850 2729 4902 quas
2762 4832 2857 4902 sit,
2910 4834 3006 4889 sed
3048 4852 3159 4889 non
3193 4851 3395 4889 omnes
3426 4835 3623 4890 sciunt

1975 4921 2073 4976 ubi
2106 4920 2201 4987 sit,
2221 4927 2277 4975 et
2307 4922 2441 4976 inde
2473 4922 2766 4976 contentio
2798 4930 2885 4977 est
2910 4924 2935 4980 ‘3
2968 4926 3137 4989 Quasi
3168 4942 3292 4979 vero
3324 4925 3393 4979 de
3424 4923 3620 4996 aliquo

1974 5012 2178 5067 mundi
2212 5012 2388 5082 hujus
2421 5018 2628 5083 agatur
2657 5013 2803 5082 loco,
2835 5014 2933 5069 ubi
2965 5016 3167 5070 debeat
3200 5015 3448 5086 quisque
3478 5015 3623 5071 velle

1973 5101 2182 5169 vivere,
2218 5101 2314 5173 qui
2346 5102 2463 5157 vult
2499 5102 2666 5157 beate
2719 5102 2924 5169 vivere,
2957 5121 3019 5158 ac
3066 5122 3177 5159 non
3220 5104 3298 5159 ita
3328 5110 3625 5175 quaeratur

1974 5190 2071 5244 ubi
2106 5191 2182 5245 sit
2212 5190 2530 5258 beatitudo,
2562 5191 2715 5245 sicut
2742 5190 3022 5262 quzeritur
3054 5209 3177 5262 quae
3212 5192 3304 5246 sit.
3338 5193 3483 5247 Nam
3518 5193 3625 5247 uti—

1974 5297 2086 5352 que
2138 5280 2184 5335 si
2231 5280 2286 5334 in
2339 5280 2595 5352 corporis
2644 5279 2936 5351 voluptate
2990 5286 3095 5345 est,
3148 5279 3243 5335 ille
3289 5281 3491 5336 beatus
3533 5286 3623 5337 est

1974 5369 2072 5440 qui
2103 5369 2317 5423 fruitur
2348 5370 2603 5440 corporis
2639 5367 2931 5439 voluptate
2967 5386 2979 5423 :
3024 5368 3071 5423 si
3126 5370 3181 5423 in
3231 5370 3443 5425 virtute
3492 5369 3617 5425 ani-

1972 5458 2074 5525 mi,
2125 5458 2221 5513 ille
2268 5457 2367 5528 qui
2413 5459 2519 5511 hac
2571 5457 2784 5511 fruitur
2833 5473 2845 5509 :
2898 5456 3034 5512 siin
3088 5463 3354 5529 utraque,
3389 5458 3484 5515 ille
3516 5461 3617 5531 qui

1972 5548 2187 5602 fruitur
2219 5556 2482 5617 utraque.
2511 5551 2652 5601 Cum
2686 5545 2880 5617 itaque
2908 5546 3058 5601 alius
3089 5548 3247 5612 dicit,
3272 5552 3443 5605 Beate
3473 5550 3619 5605 vive-

1972 5652 2032 5691 re
2063 5642 2151 5691 est
2198 5635 2488 5707 voluptate
2519 5633 2778 5705 corporis
2813 5634 2921 5690 frui
2957 5652 2969 5702 ;
3019 5635 3167 5690 alius
3200 5642 3416 5708 autem,
3452 5639 3623 5696 Beate

1968 5725 2159 5782 vivere
2189 5728 2279 5780 est
2308 5724 2516 5779 virtute
2548 5721 2727 5778 animi
2761 5723 2873 5779 frui
2907 5740 2920 5779 ε
2957 5741 3149 5781 nonne
3179 5730 3283 5783 aut
3312 5728 3483 5784 ambo
3512 5744 3619 5785 ne-

2035 5826 2049 5860 ¹
2084 5824 2168 5872 Er.
2193 5820 2509 5885 Lugd.Ven.
2543 5827 2595 5872 et
2616 5822 2759 5884 Lov.,
2794 5822 3003 5874 caudari
3040 5827 3302 5890 exaptant,
3332 5826 3486 5877 male.
3548 5826 3619 5880 Μ.
