4160 6504
464 344 627 406 1019

396 484 415 497 ”
468 477 660 533 sciunt
675 492 803 548 quae
824 478 899 533 sit
919 478 1087 533 beata
1106 477 1349 544 vita,aut
1367 492 1481 532 non
1505 477 1677 532 ambo
1701 474 1936 531 sciunt?
1959 474 2106 538 Quo-

1586 344 1687 404 DE
1730 337 2178 411 TRINITATE,
2228 337 2291 398 S.
2335 336 2760 400 AUGUSTINI

3720 332 3880 394 1020

2215 471 2402 525 Etiam
2433 470 2588 526 mala
2617 471 2772 527 enim
2803 471 3100 528 voluntate
3128 469 3219 527 vel
3263 468 3386 526 sola
3417 465 3670 539 quisque
3700 466 3880 523 miser

468 567 639 621 modo
669 582 802 637 ergo
833 568 1003 622 ambo
1035 570 1233 621 amant
1262 566 1468 631 eam,si
1492 581 1662 621 nemo
1691 567 1883 635 potest
1910 576 2106 617 amare
2215 559 2465 615 efﬁcitur
2497 575 2509 615 :
2546 560 2645 615 sed
2698 559 2963 616 miserior
3009 563 3319 632 potestate,
3356 575 3474 630 qua
3519 556 3879 613 desiderium

468 655 621 727 quod
657 656 881 710 nescit?
914 658 993 710 An
1017 656 1160 711 forte
1184 655 1399 710 falsum
1422 660 1510 709 est
1533 654 1687 726 quod
1708 669 1810 725 pro
1831 651 1977 706 veris
2000 649 2117 703 imo

466 744 906 815 certissimoque
956 744 1281 816 posuimus,
1317 745 1482 799 beate
1543 744 1667 798 vive
1697 758 1897 797 omnes
1930 737 2116 793 homi-

468 849 569 888 nes
600 832 741 888 velle
760 832 787 887 ?
814 833 865 887 Si
891 834 1044 888 enim
1074 835 1236 888 beate
1259 833 1449 887 vivere
1472 836 1577 899 est,
1609 831 1767 886 verbi
1789 829 1996 902 gratia,
2025 842 2117 881 se-

468 923 722 976 cundum
739 922 919 976 animi
934 922 1209 975 virtutem
1226 921 1433 986 vivere;
1452 919 1919 992 quomodobeate
1932 917 2119 970 vivere

470 1009 611 1077 vult,
646 1010 743 1081 qui
778 1009 885 1064 hoc
917 1027 1028 1064 non
1062 1010 1235 1064 vult?
1268 1010 1466 1065 Nonne
1510 1009 1700 1063 verius
1747 1006 2067 1060 dixerimus
2102 1019 2114 1055 :

470 1100 648 1154 Homo
667 1099 775 1153 iste
800 1116 913 1154 non
939 1100 1061 1153 vult
1087 1100 1251 1154 beate
1274 1097 1622 1168 vivere,quia
1639 1113 1753 1151 non
1772 1093 1894 1149 vult
1911 1109 2121 1148 secun-

470 1188 608 1241 dum
632 1186 906 1241 virtutem
935 1188 1140 1253 vivere,
1168 1188 1320 1257 quod
1357 1186 1547 1241 solum
1578 1190 1667 1240 est
1698 1186 1863 1239 beate
1885 1182 2073 1236 vivere
2094 1179 2120 1233 ?

468 1275 593 1330 Non
618 1276 796 1348 igitur
827 1292 1031 1331 omnes
1053 1276 1218 1331 beate
1240 1275 1423 1330 vivere
1445 1274 1791 1339 volunt,imo
1816 1273 1987 1344 pauci
2013 1270 2121 1325 hoc

467 1363 691 1431 volunt,
715 1363 764 1419 si
791 1380 905 1419 non
928 1369 1014 1419 est
1044 1364 1205 1419 beate
1224 1363 1429 1431 vivere,
1456 1362 1569 1418 nisi
1591 1362 1915 1418 secundum
1937 1360 2119 1414 virtu-

471 1456 590 1508 tem
624 1452 803 1507 animi
834 1452 1038 1519 vivere,
1066 1453 1218 1524 quod
1252 1451 1421 1507 multi
1456 1452 1680 1508 nolunt.
1714 1455 1874 1506 Itane
1908 1448 2121 1504 falsum

470 1541 581 1596 erit
612 1541 766 1595 unde
798 1558 901 1596 nec
930 1540 1054 1612 ipse
1086 1541 1244 1613 (cum
1291 1540 1654 1597 Academicis
1704 1538 1903 1595 omnia
1944 1537 2124 1593 dubia

472 1630 612 1701 sint)
635 1630 1014 1685 Academicus
1044 1629 1142 1686 ille
1171 1630 1366 1687 Cicero
1401 1629 1814 1701 dubitavit,qui
1845 1644 1979 1683 cum
2015 1624 2123 1680 vel-

474 1717 553 1773 let
582 1719 640 1773 in
673 1718 979 1775 Hortensio
1011 1719 1241 1790 dialogo
1268 1719 1339 1775 ab
1371 1718 1568 1790 aliqua
1608 1734 1668 1773 re
1700 1721 1873 1786 certa,
1907 1717 1976 1771 de
2008 1731 2125 1786 qua

474 1807 673 1862 nullus
708 1807 1047 1879 ambigeret,
1087 1823 1318 1863 sumere
1355 1824 1472 1863 suae
1515 1806 1931 1878 disputationis
1961 1821 2122 1860 exor-

474 1896 658 1951 dium.
683 1897 849 1951 Beate
878 1901 1038 1962 certe,
1068 1897 1278 1968 inquit,
1304 1912 1489 1952 omnes
1513 1912 1625 1951 esse
1645 1896 1892 1950 volumus
1914 1899 1938 1947 .9
1960 1893 2125 1949 Absit

477 1989 542 2041 ut
574 1984 681 2040 hoc
703 1984 916 2039 falsum
939 2002 1067 2040 esse
1087 1985 1531 2049 dicamus.Quid
1557 1986 1735 2057 igitur
1763 1987 1784 2039 Ρ
1815 2000 1886 2039 an
1926 1983 2124 2037 dicen-

479 2074 620 2128 dum
655 2078 741 2129 est
779 2073 1008 2129 etiamsi
1052 2072 1197 2128 nihil
1236 2074 1313 2131 sit
1347 2073 1505 2129 aliud
1549 2074 1717 2128 beate
1734 2072 2126 2141 vivere,quam

480 2163 806 2218 secundum
836 2163 1108 2218 virtutem
1141 2162 1319 2217 animi
1350 2166 1557 2230 vivere,
1583 2172 1771 2217 tamen
1804 2166 1860 2216 et
1888 2160 1987 2231 qui
2022 2160 2128 2216 hoc

482 2268 596 2306 non
627 2251 771 2319 vult,
805 2252 967 2307 beate
998 2251 1121 2306 vult
1147 2251 1380 2307 vivere?
1412 2252 1599 2305 Nimis
1630 2251 1865 2322 quidem
1893 2249 2002 2304 hoc
2042 2248 2125 2304 vi-

482 2342 651 2395 detur
680 2340 1021 2395 absurdum.
1054 2340 1191 2396 Tale
1220 2344 1306 2396 est
1337 2340 1491 2396 enim
1525 2356 1589 2395 ac
1622 2339 1671 2395 si
1700 2340 1965 2394 dicamus
2002 2355 2014 2393 :
2062 2339 2129 2392 Et

482 2429 581 2500 qui
613 2446 728 2484 non
760 2428 885 2486 vult
914 2430 1079 2484 beate
1108 2428 1317 2497 vivere,
1356 2429 1521 2483 beate
1550 2428 1672 2482 vult
1703 2427 1910 2483 vivere.
1949 2428 2127 2482 Istam

481 2518 885 2590 repugnatiam
919 2518 1051 2588 quis
1081 2518 1296 2588 audiat,
1332 2518 1465 2589 quis
1497 2517 1683 2573 ferat?
1712 2518 1782 2572 Et
1828 2521 2023 2571 tamen
2057 2516 2127 2570 ad

480 2607 632 2663 hanc
663 2608 959 2662 contrudit
989 2607 1328 2674 necessitas,
1374 2608 1422 2663 si
1456 2612 1514 2662 et
1544 2622 1747 2662 omnes
1785 2606 1949 2661 beate
1987 2604 2133 2660 velle

481 2697 669 2751 vivere
698 2713 899 2752 verum
944 2702 1054 2767 est,
1088 2701 1143 2751 et
1176 2714 1289 2752 non
1333 2712 1536 2751 omnes
1567 2695 1651 2751 sic
1688 2694 1890 2750 volunt
1921 2694 2128 2764 vivere,

486 2787 779 2857 quomodo
812 2784 1001 2841 solum
1031 2787 1194 2841 beate
1226 2785 1456 2840 vivitur.

558 2874 787 2930 CAPUT
811 2879 876 2930 V.
890 2905 961 2916 —
980 2875 1116 2930 8.De
1133 2875 1326 2930 eadem
1346 2875 1523 2930 re.An
1542 2875 1686 2930 forte
1708 2873 1849 2929 illud
1874 2877 1962 2929 est
1980 2873 2133 2944 quod

486 2980 593 3020 nos
625 2965 696 3019 ab
727 2963 817 3018 his
853 2963 1142 3037 angustiis
1174 2964 1358 3036 possit
1390 2980 1609 3033 eruere,
1641 2968 1707 3018 ut
1736 2962 2013 3034 quoniam
2046 2962 2133 3017 di-

485 3053 680 3108 ximus
712 3053 788 3108 ibi
814 3070 1081 3124 quosque
1106 3052 1366 3124 posuisse
1386 3053 1617 3108 beatam
1649 3052 1827 3107 vitam
1856 3051 2009 3124 quod
2036 3068 2133 3107 eos

488 3142 740 3197 maxime
770 3141 1091 3205 delectavit,
1139 3146 1204 3196 ut
1251 3141 1523 3211 voluptas
1569 3141 1907 3213 Epicurum,
1948 3140 2136 3196 virtus

484 3231 771 3285 Zenonem
801 3248 814 3297 ;
848 3230 930 3284 sic
964 3228 1146 3284 alium
1178 3228 1398 3300 aliquid
1441 3228 1623 3297 aliud,
1674 3229 1817 3284 nihil
1868 3229 2135 3285 dicamus

484 3336 613 3376 esse
643 3319 804 3375 beate
830 3319 1038 3388 vivere,
1072 3319 1183 3374 nisi
1222 3319 1411 3374 vivere
1442 3319 1765 3374 secundum
1799 3318 2132 3374 delectatio-

487 3425 621 3465 nem
653 3426 843 3479 suam,
878 3414 935 3464 et
964 3408 1093 3464 ideo
1126 3407 1338 3463 falsum
1386 3425 1502 3464 non
1550 3424 1677 3463 esse
1725 3408 1876 3479 quod
1930 3423 2136 3463 omnes

485 3499 650 3554 beate
678 3498 865 3553 vivere
894 3496 1246 3568 velint,quia
1278 3513 1482 3553 omnes
1512 3497 1595 3553 ita
1622 3496 1819 3553 volunt
1852 3501 1913 3551 ut
1935 3512 2134 3567 quem-

489 3604 601 3659 que
631 3586 924 3642 delectat?
954 3588 1098 3642 Nam
1145 3593 1201 3641 et
1226 3586 1335 3641 hoc
1370 3585 1578 3657 populo
1611 3586 1658 3641 si
1692 3585 2138 3657 pronuntiatum

486 3680 640 3732 esset
667 3676 727 3731 in
759 3677 1005 3742 theatro,
1040 3692 1244 3731 omnes
1275 3674 1333 3729 id
1367 3676 1424 3730 in
1460 3674 1583 3731 suis
1614 3674 2016 3730 voluntatibus
2046 3674 2135 3728 in-

484 3766 766 3821 venirent.
794 3765 897 3819 Sed
932 3765 1038 3819 hoc
1065 3781 1299 3835 quoque
1324 3764 1520 3819 Cicero
1541 3780 1673 3818 cum
1706 3763 1815 3818 sibi
1846 3779 1913 3819 ex
1945 3763 2140 3817 adver-

488 3871 553 3909 so
584 3853 1002 3926 proposuisset,
1026 3853 1107 3907 ita
1138 3854 1454 3923 redarguit,
1492 3858 1556 3907 ut
1586 3851 1686 3922 qui
1718 3851 1826 3906 hoc
1858 3852 2136 3917 sentiunt,

489 3943 855 3999 erubescant.
901 3943 995 3996 Ait
1036 3941 1191 3997 enim
1229 3958 1241 3995 :
1282 3943 1412 3997 Ecce
1450 3945 1634 3995 autem
1675 3955 1785 3995 non
1828 3941 2142 4012 philosophi

490 4031 729 4104 quidem,
770 4031 861 4086 sed
898 4032 1139 4102 prompti
1170 4034 1349 4085 tamen
1388 4029 1458 4084 ad
1495 4028 1907 4100 disputandum,
1958 4046 2142 4085 omnes

490 4123 653 4176 aiunt
694 4136 806 4176 esse
836 4122 1039 4185 beatos,
1083 4120 1181 4189 qui
1208 4119 1398 4173 vivant
1426 4120 1486 4172 ut
1518 4118 1625 4188 ipsi
1651 4117 1822 4171 velint
1856 4135 1878 4170 .·
1920 4116 2027 4171 hoc
2057 4120 2145 4172 est

493 4209 646 4281 quod
681 4226 787 4265 nos
818 4208 1095 4273 diximus,
1138 4207 1208 4263 Ut
1256 4222 1519 4277 quosque
1550 4204 1814 4260 delectat.
1866 4205 1975 4260 Sed
2010 4222 2143 4260 mox

492 4300 588 4357 ille
621 4300 889 4370 subjecit:
917 4301 1139 4355 Falsum
1163 4299 1218 4354 id
1251 4298 1484 4369 quidem.
1516 4296 1664 4354 Velle
1692 4297 1838 4351 enim
1867 4298 2014 4367 quod
2034 4312 2143 4352 non

493 4390 952 4459 deceat,idipsum
984 4390 1357 4443 miserrimum
1385 4395 1460 4442 est
1488 4405 1509 4441 .·
1537 4403 1636 4441 nec
1666 4393 1849 4441 tamen
1878 4386 2143 4442 miserum

496 4486 576 4534 est
604 4493 713 4532 non
743 4477 977 4548 adipisci
1004 4477 1143 4547 quod
1189 4476 1341 4544 velis,
1371 4493 1532 4547 quam
1560 4475 1792 4546 adipisci
1836 4475 1972 4529 velle
2001 4474 2145 4545 quod

495 4582 609 4622 non
636 4570 893 4637 oporteat.
927 4565 1380 4621 Praeclarissime
1430 4566 1667 4620 omnino
1711 4568 1881 4634 atque
1910 4563 2143 4619 verissi-

499 4673 610 4711 me.
656 4655 795 4721 Quis
826 4671 1078 4726 namque
1109 4656 1187 4710 ita
1218 4655 1289 4709 sit
1323 4659 1516 4709 mente
1545 4670 1754 4718 caecus,
1787 4657 1843 4708 et
1886 4653 1957 4707 ab
1988 4653 2143 4708 omni

496 4745 625 4801 luce
655 4745 879 4800 decoris
912 4744 1136 4800 alienus
1165 4760 1230 4799 ac
1276 4744 1531 4799 tenebris
1583 4742 1881 4798 dedecoris
1912 4741 2140 4797 involu-

495 4838 615 4900 tus,
646 4839 709 4889 ut
739 4850 871 4889 eum
908 4833 1009 4905 qui
1042 4833 1310 4903 nequiter
1338 4832 1477 4888 vivit
1507 4849 1571 4887 ac
1599 4832 1865 4901 turpiter,
1899 4836 1954 4886 et
1984 4831 2144 4887 nullo

496 4923 859 4995 prohibente,
901 4921 1059 4977 nullo
1106 4921 1444 4991 ulciscente,
1491 4925 1547 4975 et
1601 4919 1763 4975 nullo
1809 4919 2015 4975 saltem
2058 4936 2145 4975 re-

497 5012 857 5085 prehendere
886 5012 1154 5078 audente,
1189 5010 1432 5081 insuper
1460 5013 1516 5064 et
1544 5007 1918 5063 laudantibus
1960 5008 2143 5080 pluri-

500 5100 637 5165 mis,
668 5101 945 5171 quoniam
979 5100 1133 5154 sicut
1172 5098 1252 5153 ait
1294 5098 1593 5168 Scriptura
1623 5096 1836 5166 divina,
1869 5097 2147 5153 Laudatur

501 5198 748 5261 peccator
776 5191 836 5244 in
865 5187 1155 5243 desideriis
1204 5188 1402 5241 anima:
1430 5202 1542 5240 suae
1565 5202 1586 5247 ;
1634 5194 1683 5240 et
1714 5186 1807 5255 qui
1837 5186 2027 5257 iniqua
2056 5203 2145 5257 ge-

496 5281 594 5349 rit,
638 5278 974 5333 benedicilur
1006 5277 1171 5349 (Psal.
1209 5293 1286 5343 1x,
1316 5275 1392 5347 3),
1424 5274 1628 5345 implet
1656 5288 1859 5330 omnes
1890 5292 2029 5330 suas
2061 5277 2146 5331 fa-

501 5365 917 5423 cinorossimas
947 5370 1004 5419 et
1036 5363 1519 5435 tlagitiosissimas
1549 5361 1877 5419 voluntates
1919 5366 1960 5429 ί,
2016 5363 2146 5419 ideo

500 5456 735 5511 beatum
792 5455 965 5523 dicat,
1028 5453 1165 5524 quia
1209 5452 1347 5507 vivit
1393 5456 1458 5507 ut
1496 5452 1617 5507 vult
1662 5469 1675 5507 :
1726 5467 1860 5507 cum
1892 5453 2147 5523 profecto

506 5543 776 5615 quamvis
789 5548 844 5597 et
866 5543 948 5597 sic
962 5541 1140 5596 miser
1152 5542 1735 5610 esset,minustamcn
1750 5539 1979 5605 esset,si
2002 5540 2145 5595 nihil

506 5648 709 5687 eorum
752 5648 877 5702 qua:
909 5649 1209 5703 perperam
1242 5630 1539 5698 voluisset,
1566 5629 1779 5684 habere
1809 5628 2095 5700 potuisset
2122 5630 2149 5683 ?

506 5756 592 5877 ἰαί
617 5756 701 5806 Sic
728 5758 844 5808 Am.
874 5757 959 5809 Er.
987 5759 1039 5807 et
1066 5756 1268 5821 aliquot
1294 5757 1419 5810 Mss.
1443 5756 1529 5809 At.
1546 5755 1707 5809 editio
1738 5755 1888 5820 Lov.,
1917 5755 2151 5820 volupta-

2225 647 2390 703 mala:
2421 647 2737 704 voluntatis
2758 648 3050 720 impletur.
3083 647 3750 719 Quapropter,quoniam
3781 660 3882 700 ve-

2224 753 2356 791 rum
2376 740 2462 791 est
2480 738 2629 807 quod
2654 753 2856 792 omnes
2882 738 3147 792 homines
3171 752 3300 792 esse
3328 736 3478 791 beati
3502 733 3886 803 velint,idque

2224 841 2407 881 unum
2436 825 2847 881 ardentissimo
2879 842 3075 880 amore
3108 829 3406 897 appetant,
3433 828 3489 878 et
3520 828 3760 895 propter
3778 823 3889 877 hoc

2224 918 2429 969 caetera
2457 931 2842 986 quaecumque
2864 918 3146 986 appetunt
3173 932 3185 980 ;
3215 930 3319 969 nec
3345 912 3660 985 quisquam
3696 915 3892 984 potest

2226 1019 2421 1059 amare
2452 1003 2602 1070 quod
2636 1003 2876 1057 omnino
2908 1002 3043 1073 quid
3078 1001 3164 1056 vel
3216 1001 3389 1072 quale
3437 1002 3514 1055 sit
3544 1000 3750 1071 nescit,
3785 1015 3894 1055 nec

2226 1093 2416 1163 potest
2447 1091 2671 1146 nescire
2703 1090 2840 1162 quid
2870 1091 2947 1145 sit
2977 1090 3126 1161 quod
3159 1089 3305 1145 velle
3339 1106 3401 1145 se
3431 1090 3573 1157 scit;
3624 1088 3895 1160 sequitur

2225 1184 2290 1235 ut
2321 1196 2525 1235 omnes
2555 1181 2785 1235 beatam
2820 1181 2999 1236 vitam
3032 1179 3240 1235 sciant.
3275 1179 3491 1234 Omnes
3523 1183 3719 1234 autem
3739 1178 3895 1233 beati

2226 1269 2444 1323 habent
2493 1268 2646 1339 quod
2698 1268 2921 1338 volunt,
2954 1267 3226 1340 quamvis
3256 1284 3371 1323 non
3404 1284 3605 1323 omnes
3638 1267 3741 1339 qui
3780 1266 3891 1321 ha-

2227 1357 2366 1413 bent
2395 1356 2548 1427 quod
2611 1356 2813 1413 volunt
2861 1357 3140 1413 continuo
3190 1355 3305 1413 sint
3352 1355 3506 1412 beati
3554 1372 3567 1411 :
3617 1355 3894 1412 continuo

2228 1449 2423 1501 autem
2458 1444 2680 1513 miseri,
2714 1446 2813 1515 qui
2845 1444 2931 1502 vel
2960 1462 3073 1501 non
3104 1445 3323 1501 habent
3350 1446 3505 1517 quod
3545 1444 3769 1516 volunt,
3800 1442 3894 1499 vel

2228 1535 2283 1589 id
2319 1534 2539 1590 habent
2571 1534 2727 1605 quod
2761 1551 2873 1590 non
2910 1539 3064 1590 recte
3096 1533 3315 1589 volunt.
3331 1533 3545 1589 Beatus
3575 1534 3757 1606 igitur
3776 1550 3896 1589 non

2229 1627 2319 1679 est
2348 1621 2460 1678 nisi
2493 1622 2593 1694 qui
2623 1627 2680 1679 et
2714 1622 2889 1679 habet
2930 1622 3128 1679 omnia
3155 1639 3279 1693 quae
3308 1622 3453 1689 vult,
3498 1630 3552 1679 et
3584 1621 3731 1678 nihil
3770 1621 3901 1678 vult

2231 1713 2405 1768 male.

2302 1800 2530 1857 CAPUT
2559 1801 2652 1857 VI.
2680 1833 2746 1843 -—
2779 1800 2835 1855 9.
2889 1802 2999 1859 Cur
3026 1818 3149 1858 cum
3179 1817 3363 1858 omnes
3390 1802 3562 1858 velint
3593 1800 3895 1857 beatitudi-

2229 1892 2439 1957 nem,id
2467 1892 2709 1962 eligatur
2724 1892 3037 1963 polius,quo
3068 1892 3135 1946 ab
3159 1907 3228 1949 ea
3259 1890 3549 1947 receditur.
3582 1892 3729 1947 Cum
3751 1907 3893 1962 ergo

2232 1997 2301 2037 ex
2332 1980 2422 2035 his
2474 1980 2705 2035 duobus
2736 1981 2905 2036 beata
2934 1980 3055 2037 vita
3103 1984 3349 2050 constet,
3405 1985 3583 2051 atque
3613 1979 3896 2034 omnibus

2232 2069 2670 2137 nota,omnibus
2700 2069 2877 2124 chara
2905 2070 2984 2124 sit
3010 2094 3023 2136 ;
3057 2069 3197 2141 quid
3229 2075 3507 2141 putamus
3540 2085 3669 2124 esse
3700 2085 3896 2123 causae

2233 2173 2337 2213 cur
2358 2157 2566 2212 horum
2593 2158 3106 2229 duorum,quando
3130 2163 3447 2229 utrumque
3472 2174 3585 2213 non
3617 2162 3894 2229 possunt,

2234 2246 2422 2317 magis
2446 2245 2666 2319 eligant
2682 2246 3040 2315 bomines,ut
3057 2247 3255 2302 omnia
3274 2264 3402 2319 ques
3421 2245 3623 2302 volunt
3644 2246 3899 2302 habeant

2235 2351 2412 2406 quam
2431 2340 2495 2389 ut
2516 2335 2713 2390 omnia
2738 2335 2881 2391 bene
2902 2334 3079 2390 velint
3099 2335 3329 2391 etiamsi
3356 2352 3468 2391 non
3486 2334 3784 2390 habeant?
3804 2337 3893 2390 An

2233 2422 2364 2495 ipsa
2392 2428 2481 2479 est
2513 2424 2764 2495 pravitas
2796 2425 3025 2496 generis
3056 2424 3321 2491 humani,
3364 2428 3431 2479 ut
3478 2440 3612 2479 cum
3642 2441 3743 2479 eos
3773 2441 3893 2480 non

2237 2511 2431 2583 lateat,
2464 2529 2570 2568 nec
2600 2511 2767 2567 illum
2800 2514 3035 2569 beatum
3085 2529 3213 2569 esse
3243 2513 3344 2585 qui
3394 2514 3549 2586 quod
3598 2513 3725 2568 vult
3772 2530 3892 2569 non

2237 2601 2542 2671 habet,nec
2562 2601 2727 2656 illum
2752 2602 2849 2673 qui
2873 2602 3026 2674 quod
3052 2601 3201 2657 male
3226 2600 3345 2657 vult
3364 2602 3570 2670 habet;
3591 2603 3694 2658 sed
3716 2601 3891 2657 illum

2239 2690 2338 2761 qui
2370 2694 2428 2744 et
2454 2689 2630 2745 habet
2659 2706 3043 2762 quaecumque
3088 2689 3214 2746 vult
3265 2692 3437 2758 bona,
3490 2696 3547 2747 et
3576 2690 3743 2746 nulla
3779 2691 3911 2747 vult

2241 2777 2417 2846 mala,
2450 2794 2517 2834 ex
2549 2778 2643 2834 his
2676 2778 2905 2839 duobus
2937 2779 3155 2851 quibus
3204 2780 3376 2835 beata
3423 2777 3539 2835 vita
3585 2780 3910 2852 perﬁcitur,

2240 2868 2473 2938 quando
2504 2871 2820 2939 utrumque
2861 2885 2973 2923 non
3024 2868 3217 2937 datur,
3266 2867 3323 2923 id
3374 2867 3627 2941 eligatur
3680 2869 3912 2942 potius,

2241 2957 2396 3012 unde
2430 2957 2618 3029 magis
2650 2974 2683 3011 a
2716 2958 2889 3013 beata
2916 2956 3033 3013 vita
3064 2956 3354 3014 receditur
3384 2956 3643 3029 (longius
3677 2958 3905 3030 quippe

2242 3045 2313 3101 ab
2348 3045 2445 3100 illa
2473 3049 2560 3101 est
2593 3046 2947 3118 quicumque
2998 3045 3347 3118 adipiscitur
3380 3045 3531 3102 male
3560 3047 3905 3118 concupita,

2244 3151 2420 3207 quam
2453 3135 2550 3206 qui
2584 3151 2697 3189 non
2730 3134 3077 3206 adipiscitur
3105 3135 3473 3208 concupita);
3508 3151 3644 3190 cum
3699 3135 3905 3207 potius

2242 3223 2377 3296 eligi
2413 3224 2680 3279 debuerit
2707 3223 2977 3279 voluntas
3006 3225 3176 3293 bona,
3210 3228 3387 3296 atque
3417 3225 3695 3297 praeponi,
3718 3225 3905 3281 etiam

2244 3330 2359 3369 non
2389 3314 2599 3385 adepta
2629 3329 2756 3384 quae
2787 3313 3060 3385 appetit?
3107 3313 3466 3385 Propinquat
3518 3315 3674 3369 enim
3709 3315 3907 3383 beato,

2246 3402 2344 3473 qui
2392 3402 2539 3457 bene
2568 3401 2691 3457 vult
2737 3417 3120 3473 quaecumque
3168 3401 3311 3469 vult,
3364 3406 3420 3457 et
3465 3418 3593 3474 quae
3653 3404 3909 3475 adeptus

2246 3510 2381 3549 cum
2413 3492 2590 3548 fuerit
2621 3492 2828 3548 beatus
2879 3492 3008 3548 erit.
3052 3492 3124 3547 Et
3166 3492 3367 3564 utique
3417 3509 3530 3547 non
3590 3492 3765 3561 mala,
3800 3494 3909 3549 sed

2248 3585 2396 3641 bona
2428 3584 2665 3638 beatum
2699 3583 2939 3652 faciunt,
2972 3583 3204 3653 quando
3235 3583 3493 3639 faciunt:
3521 3599 3774 3655 quorum
3799 3583 3909 3639 bo-

2249 3690 2457 3729 norum
2489 3672 2663 3727 habet
2687 3671 2906 3743 aliquid
2924 3671 3257 3744 jam,idque
3284 3689 3397 3728 non
3423 3673 3581 3744 parvi
3603 3673 3910 3729 aestiman-

2248 3763 2547 3829 dum,eam
2579 3760 2766 3832 ipsam
2801 3760 3028 3816 scilicet
3059 3760 3414 3815 voluntatem
3447 3761 3681 3828 bonam,
3703 3761 3807 3831 qui
3837 3762 3915 3817 de

2247 3851 2419 3907 bonis
2451 3866 2701 3922 quorum
2735 3867 2913 3921 capax
2935 3852 3023 3905 est
3053 3849 3315 3905 humana
3335 3853 3685 3915 natura,non
3718 3850 3791 3905 de
3823 3853 3916 3905 ul-

2250 3939 2367 3994 lius
2400 3937 2533 3993 mali
2566 3937 2991 4009 perpetratione
3021 3935 3107 3991 vel
3140 3936 3449 4007 adeptione
3478 3935 3731 4007 gaudere
3760 3936 3917 3992 desi-

2249 4029 2447 4091 derat;
2480 4031 2537 4081 et
2585 4027 2736 4081 bona
2786 4025 2983 4097 qualia
3025 4031 3082 4081 et
3127 4025 3187 4079 in
3234 4025 3343 4080 hac
3392 4026 3608 4080 misera
3634 4025 3753 4081 vita
3780 4042 3915 4083 esse

2250 4120 2518 4188 possunt,
2555 4114 2826 4185 prudenti
2856 4113 3228 4186 temperanti,
3259 4114 3416 4179 forti,
3447 4118 3505 4168 et
3527 4115 3689 4184 justa
3714 4119 3914 4170 mente

2251 4209 2589 4274 sectatur,et
2618 4208 2910 4274 quantum
2942 4203 3116 4258 datur
3144 4202 3513 4273 assequitur;
3548 4207 3613 4257 ut
3640 4204 3821 4258 etiam
3851 4204 3913 4259 in

2251 4292 2424 4349 malis
2454 4292 2533 4348 sit
2558 4293 2767 4361 bonus,
2795 4296 2853 4347 et
2882 4291 3065 4347 ﬁnitis
3098 4290 3267 4346 malis
3296 4290 3569 4347 omnibus
3599 4295 3774 4363 atque
3796 4292 3911 4347 im-

2252 4380 2423 4454 pletis
2454 4381 2624 4436 bonis
2656 4380 2930 4436 omnibus
2960 4379 3036 4435 sit
3066 4380 3292 4436 beatus.

2324 4470 2550 4526 CAPUT
2582 4471 2696 4526 VII.
2726 4500 2795 4510 —
2839 4470 2925 4523 10.
2958 4469 3118 4525 Fides
3159 4485 3487 4537 necessaria,
3521 4476 3581 4524 ut
3609 4469 3911 4541 aliquando

2251 4560 2325 4615 sit
2354 4560 2510 4615 homo
2541 4559 2749 4626 beatus,
2784 4556 2924 4628 quod
2953 4557 3178 4612 nonnisi
3223 4558 3285 4610 in
3327 4558 3525 4627 futura
3571 4556 3690 4611 visa
3720 4571 3914 4612 conse-

2255 4653 2469 4720 quetur.
2505 4647 2971 4719 Philosophorum
2997 4646 3362 4717 superborum
3393 4645 3627 4700 ridenda
3653 4654 3708 4700 et
3744 4647 3912 4701 mise-

2252 4738 2430 4794 randa
2464 4736 2756 4792 beatitudo.
2798 4738 2877 4790 Ac
2905 4750 3008 4806 per
3035 4734 3146 4789 hoc
3176 4734 3234 4788 in
3264 4734 3379 4789 ista
3408 4734 3638 4790 mortali
3669 4735 3790 4790 vita
3822 4751 3914 4791 er-

2255 4828 2434 4884 robus
2463 4825 2859 4896 aerumnisque
2891 4823 3253 4895 plenissima,
3299 4823 3588 4895 praecipue
3637 4824 3786 4879 ﬁdes
3825 4829 3915 4880 est

2255 4915 2601 4984 necessaria,
2633 4930 2750 4985 qua
2779 4914 2838 4968 in
2876 4913 3061 4969 Deum
3107 4912 3379 4967 creditur.
3404 4912 3529 4967 Non
3560 4912 3722 4968 enim
3754 4929 3913 4984 quae-

2257 5019 2509 5077 cumque
2538 5004 2712 5071 bona,
2755 5002 3121 5072 maximeque
3170 5001 3276 5056 illa
3306 5001 3525 5072 quibus
3556 5002 3812 5074 quisque
3852 5003 3919 5058 ﬁt

2258 5097 2468 5164 bonus,
2513 5099 2571 5150 et
2602 5092 2703 5149 illa
2732 5093 2951 5165 quibus
2983 5092 3080 5147 ﬁet
3110 5092 3336 5158 beatus,
3389 5091 3545 5147 unde
3574 5091 3687 5148 nisi
3734 5110 3768 5148 a
3798 5092 3916 5149 Deo

2256 5185 2315 5241 in
2344 5184 2641 5240 hominem
2673 5182 2925 5252 veniant,
2958 5186 3014 5236 et
3052 5180 3276 5237 homini
3328 5180 3628 5251 accedant,
3663 5180 3915 5238 inveniri

2257 5278 2467 5347 potest.
2501 5275 2645 5330 Cum
2697 5277 2891 5328 autem
2944 5286 3013 5326 ex
3060 5270 3165 5325 hac
3193 5270 3312 5324 vita
3357 5269 3429 5325 ab
3479 5285 3546 5324 eo
3595 5268 3696 5341 qui
3729 5269 3788 5324 in
3822 5271 3917 5327 his

2258 5363 2512 5419 miseriis
2565 5361 2753 5417 ﬁdelis
2812 5364 2869 5415 et
2925 5360 3116 5415 bonus
3172 5364 3281 5429 est,
3311 5362 3553 5414 ventum
3614 5359 3789 5413 fuerit
3841 5361 3914 5415 ad

2258 5453 2508 5517 beatam,
2580 5455 2721 5505 tunc
2776 5449 2885 5505 erit
2940 5464 3070 5503 vere
3122 5448 3274 5519 quod
3342 5463 3497 5502 nunc
3558 5464 3687 5503 esse
3746 5447 3913 5504 nullo

2261 5542 2433 5596 modo
2466 5543 2674 5610 potest,
2708 5542 2774 5593 ut
2803 5538 2887 5592 sic
2918 5537 3091 5593 homo
3116 5537 3269 5591 vivat
3300 5536 3590 5607 quomodo
3620 5535 3761 5591 vult.
3786 5537 3917 5594 Non

2261 5629 2417 5688 enim
2450 5629 2600 5685 volet
2630 5627 2780 5683 male
2817 5643 3020 5683 vevere
3059 5626 3121 5683 in
3170 5626 3273 5682 illa
3319 5625 3616 5695 felicitate,
3666 5631 3769 5681 aut
3816 5643 3917 5683 vo-

2262 5719 2341 5777 let
2373 5717 2594 5790 aliquid
2644 5717 2801 5789 quod
2850 5716 3054 5785 deerit,
3104 5720 3206 5772 aut
3246 5715 3432 5773 deerit
3460 5714 3614 5785 quod
3643 5714 3918 5775 voluerit.

2266 5806 2560 5881 Quidquid
2592 5805 2905 5880 amabitur,
2923 5804 3142 5869 aderit:
3168 5820 3275 5871 nec
3303 5803 3732 5870 desiderabitur
3757 5807 3919 5880 quod
