4160 6454
303 355 454 418 1021

296 504 416 544 non
441 487 643 545 aderit.
669 487 855 546 Omne
872 490 1027 563 quod
1051 490 1130 546 ibi
1161 491 1287 560 erit,
1323 493 1541 549 bonum
1567 493 1697 562 erit,
1722 496 1778 547 et
1794 510 1949 548 sum-

295 583 599 635 musDeus
621 596 922 636 summum
946 582 1165 636 bonum
1190 582 1317 652 erit,
1343 587 1515 654 atque
1537 583 1609 637 ad
1634 583 1946 638 fruendum

292 668 633 723 amantibus
653 674 860 741 praesto
879 671 1021 737 erit;
1056 676 1113 726 et
1144 673 1295 743 quod
1320 671 1662 727 estomnino
1687 670 1953 726 beatissi-

291 772 482 819 mum,
518 757 599 812 ita
629 774 860 831 semper
887 759 1007 815 fore
1029 764 1253 815 certum
1277 761 1402 815 erit.
1430 761 1595 815 Nunc
1637 776 1767 815 vero
1805 760 1951 816 fece-

294 851 436 902 runt
458 847 726 917 quidem1
760 848 871 902 sibi
905 848 1262 921 philosophi,
1306 850 1459 904 sicut
1489 866 1690 905 eorum
1742 848 1951 920 cuique

298 934 540 1006 placuit,
564 936 713 990 vitas
737 938 935 992 beatas
962 955 1121 1003 suas,
1176 944 1237 992 ut
1266 938 1432 1009 quasi
1477 939 1711 1010 propria
1742 938 1952 993 virtute

303 1031 561 1095 possent,
588 1026 739 1096 quod
763 1027 1057 1081 communi
1094 1027 1429 1081 mortalium
1472 1027 1801 1083 conditione
1835 1044 1950 1082 non

302 1119 592 1185 poterant,
624 1114 708 1173 sic
738 1114 962 1170 scilicet
1008 1115 1194 1171 vivere
1240 1122 1304 1170 ut
1351 1116 1586 1183 vellent,
1622 1116 1952 1171 sentiebant

300 1202 458 1258 enim
492 1202 658 1259 aliter
686 1204 921 1258 beatum
954 1221 1080 1260 esse
1125 1205 1415 1260 neminem
1468 1222 1655 1276 posse,
1695 1204 1805 1260 nisi
1846 1204 1948 1260 ha-

298 1291 493 1346 bendo
532 1293 682 1364 quod
722 1291 913 1358 vellet,
947 1298 1003 1347 et
1045 1293 1191 1348 nihil
1246 1294 1514 1365 patiendo
1564 1295 1718 1365 quod
1752 1292 1949 1349 nollet.

294 1380 441 1444 Quis
473 1384 665 1436 autem
696 1398 809 1437 non
839 1380 1329 1454 qualemcumque
1351 1383 1529 1437 vitam
1554 1400 1670 1454 qua
1700 1382 1948 1438 delecta-

291 1472 413 1537 tur,
440 1473 496 1525 et
527 1469 652 1525 ideo
672 1470 894 1525 beatam
913 1476 1097 1540 vocat,
1130 1471 1303 1527 vellet
1342 1472 1426 1527 sic
1449 1488 1575 1527 esse
1619 1472 1677 1526 in
1718 1488 1827 1526 sua
1846 1487 1947 1542 po-

293 1562 525 1625 testate,
546 1563 611 1613 ut
638 1575 766 1614 eam
792 1564 988 1630 posset
1012 1560 1222 1615 habere
1247 1565 1586 1633 perpetuam
1604 1560 1631 1615 ?
1655 1563 1948 1614 Ettamem

289 1647 531 1717 quisita
559 1647 685 1703 est?
725 1647 865 1711 Quis
898 1648 1021 1703 vult
1054 1649 1170 1719 pati
1205 1649 1511 1704 molestias
1541 1665 1688 1720 quas
1727 1649 1951 1703 fortiter

292 1734 523 1805 toleret,
555 1736 825 1807 quamvis
854 1753 951 1791 eas
991 1737 1130 1792 velit
1159 1738 1459 1808 possitque
1488 1737 1734 1792 tolerare
1765 1737 1811 1792 si
1846 1753 1950 1808 pa-

301 1824 480 1879 titur?
509 1825 649 1888 Quis
680 1823 818 1880 velit
847 1824 907 1879 in
937 1828 1247 1882 tormentis
1265 1826 1473 1894 vivere,
1507 1828 1681 1881 etiam
1713 1826 1811 1897 qui
1849 1842 1948 1897 po—

298 1916 419 1968 test
450 1914 507 1968 in
540 1913 622 1968 eis
655 1914 1109 1985 perpatientiam
1144 1916 1392 1971 tenendo
1417 1916 1713 1985 justitiam
1746 1916 1949 1970 lauda-

300 2001 500 2058 biliter
533 2003 759 2058 vivere?
796 2003 1141 2058 Transitura
1188 2005 1586 2076 cogitaverunt
1622 2005 1741 2059 haec
1773 2003 1950 2070 mala,

301 2090 403 2162 qui
452 2107 519 2146 ea
564 2090 958 2162 pertulerunt,
991 2092 1081 2147 vel
1139 2092 1426 2165 cupiendo
1466 2094 1700 2161 habere,
1743 2092 1830 2148 vel
1876 2092 1951 2147 ti-

300 2180 516 2235 mendo
548 2181 813 2236 amittere
843 2182 993 2252 quod
1026 2182 1324 2248 amabant,
1367 2183 1486 2238 sive
1535 2184 1802 2255 nequiter
1832 2181 1953 2237 sive

299 2267 695 2324 laudabiliter.
734 2271 879 2325 Nam
915 2271 1086 2326 multi
1145 2288 1246 2343 per
1275 2272 1613 2327 transitoria
1651 2270 1825 2341 mala,
1878 2271 1949 2327 ad

299 2358 456 2414 bona
486 2374 868 2430 permansura
917 2359 1144 2416 fortiter
1192 2360 1582 2417 tetenderunt.
1625 2360 1731 2427 Qui
1764 2361 1949 2429 profe-

298 2451 393 2503 cto
425 2464 527 2519 spe
556 2449 707 2504 beati
740 2453 900 2515 sunt,
935 2449 1110 2504 etiam
1144 2466 1272 2504 cum
1323 2453 1463 2505 sunt
1491 2450 1551 2504 in
1599 2449 1951 2505 transitoriis

299 2535 497 2604 malis,
534 2554 635 2609 per
663 2555 788 2608 quas
819 2539 891 2593 ad
924 2539 1077 2594 bona
1106 2555 1217 2594 non
1242 2539 1563 2594 transitura
1584 2538 1947 2610 perveniunt.

296 2624 410 2681 Sed
444 2626 542 2696 qui
589 2643 692 2697 spe
722 2627 926 2681 beatus
974 2632 1083 2695 est,
1130 2628 1391 2682 nondum
1449 2628 1653 2682 beatus
1692 2632 1781 2682 est
1808 2644 1822 2682 :
1854 2644 1949 2683 ex-

298 2719 537 2786 spectat
568 2731 821 2787 namque
839 2731 941 2786 per
962 2715 1305 2788 patientiam
1330 2716 1749 2772 beatitudinem
1774 2732 1952 2788 quam

300 2803 563 2858 nondum
586 2804 874 2869 tenet.Qui
897 2821 1027 2860 vero
1056 2805 1181 2859 sine
1204 2804 1436 2876 ullaspe
1456 2804 1709 2876 tali,sine
1724 2804 1842 2861 ulla
1862 2809 1948 2861 ta-

299 2889 343 2945 li
374 2892 609 2947 mecede
635 2892 1381 2963 cruciatur,quantamlibet
1403 2893 1675 2950 adhibeat
1696 2892 1951 2949 toleran-

302 2980 470 3050 tiam,
501 2997 615 3034 non
663 2985 751 3035 est
793 2981 998 3037 beatus
1036 2981 1331 3048 veraciter,
1367 2982 1467 3036 sed
1504 2982 1678 3037 miser
1708 2983 1949 3037 fortiter.

305 3068 508 3139 Neque
540 3070 692 3123 enim
729 3075 1032 3142 propterea
1081 3071 1259 3126 miser
1303 3088 1416 3125 non
1471 3076 1578 3141 est,
1611 3071 1749 3142 quia
1779 3072 1953 3127 mise-

306 3157 427 3212 rior
455 3162 628 3225 esset,
663 3158 711 3212 si
741 3159 919 3213 etiam
947 3158 1319 3231 impatienter
1348 3160 1645 3214 miseriam
1694 3160 1951 3215 sustine-

308 3251 420 3301 ret.
454 3247 628 3303 Porro
660 3248 709 3302 si
741 3248 855 3303 ista
887 3265 999 3303 non
1033 3249 1268 3320 patitur,
1322 3265 1448 3319 qua
1497 3249 1676 3304 nollet
1734 3250 1851 3320 pati
1891 3250 1950 3304 in

311 3351 571 3407 corpore,
603 3352 709 3391 nec
757 3342 898 3392 tunc
948 3337 1182 3409 quidem
1233 3339 1438 3393 beatus
1488 3338 1794 3394 habendus
1838 3344 1948 3407 est,

307 3424 587 3496 quoniam
612 3442 726 3481 non
754 3425 891 3483 vivit
924 3432 986 3481 ut
1015 3425 1157 3481 vult.
1205 3426 1276 3484 Ut
1306 3427 1462 3481 enim
1491 3427 1604 3482 alia
1654 3427 1948 3496 omittam,

302 3529 431 3585 quae
464 3531 702 3586 corpore
733 3513 910 3571 illaeso
942 3516 1013 3570 ad
1044 3516 1226 3570 animi
1253 3516 1543 3586 pertinent
1574 3516 1948 3585 offensiones,

301 3602 430 3658 sine
460 3603 676 3675 quibus
707 3603 894 3658 vivere
936 3602 1237 3671 vellemus,
1269 3607 1325 3658 et
1369 3611 1507 3659 sunt
1548 3605 1947 3660 innumerabi-

294 3690 404 3758 lia;
437 3690 609 3747 vellet
639 3692 842 3763 utique
873 3692 922 3748 si
955 3696 1154 3764 posset
1184 3692 1266 3747 ita
1296 3692 1525 3747 salvum
1576 3698 1751 3765 atque
1783 3694 1946 3750 inco-

296 3779 459 3836 lume
489 3781 698 3837 habere
729 3798 962 3854 corpus,
989 3786 1046 3837 et
1077 3780 1270 3837 nullas
1296 3798 1364 3837 ex
1386 3799 1450 3837 eo
1483 3783 1600 3855 pati
1627 3781 1944 3851 molestias,

297 3876 363 3928 ut
382 3871 438 3927 id
464 3873 700 3928 haberet
720 3872 777 3927 in
800 3877 1211 3945 potestate,aut
1230 3873 1286 3927 in
1308 3873 1495 3945 ipsius
1516 3874 1949 3945 incorruptione

298 3962 560 4033 corporis
586 3977 598 4017 :
624 3963 778 4033 quod
799 3963 938 4034 quia
954 3979 1067 4018 non
1081 3962 1349 4029 habet,ac
1369 3964 1581 4034 pendet
1602 3963 1660 4018 in
1680 3964 1944 4032 incerto’,

296 4052 555 4123 profecto
580 4069 694 4107 non
721 4052 861 4106 vivit
886 4056 950 4106 ut
974 4051 1116 4107 vult.
1145 4051 1421 4115 Quamvis
1452 4051 1607 4106 enim
1652 4069 1755 4123 per
1784 4053 1946 4108 forti-

294 4140 565 4195 tudinem
589 4145 667 4196 sit
691 4147 933 4212 paratus
955 4141 1237 4212 excipere,
1269 4145 1324 4196 et
1356 4158 1521 4212 aequo
1554 4142 1702 4196 ferre
1749 4141 1947 4198 animo

295 4230 581 4301 quidquid
616 4229 982 4286 adversitatis
1022 4230 1336 4296 acciderit;
1390 4230 1612 4284 malvut
1644 4235 1837 4287 tamen
1883 4236 1947 4287 ut

293 4334 409 4373 non
440 4318 685 4387 accidat,
716 4324 772 4374 et
796 4319 847 4393 si
869 4319 1055 4391 possit
1087 4320 1262 4387 facit;
1298 4324 1474 4390 atque
1496 4318 1576 4374 ita
1596 4324 1835 4391 paratus
1858 4325 1947 4376 est

289 4407 349 4462 in
386 4411 721 4479 utrumque,
756 4412 820 4463 ut
868 4413 1158 4479 quantum
1192 4408 1249 4462 in
1294 4410 1420 4479 ipso
1449 4412 1537 4463 est
1568 4408 1816 4464 alterum
1848 4426 1945 4482 op-

286 4500 374 4552 tet
406 4496 654 4552 alterum
687 4498 845 4563 vitet,
889 4502 945 4552 et
972 4496 1021 4551 si
1060 4498 1213 4568 quod
1252 4498 1417 4561 vitat,
1450 4498 1780 4563 incurrerit,
1814 4498 1942 4554 ideo

286 4584 489 4640 volens
534 4586 697 4653 ferat,
752 4586 884 4658 quia
930 4586 1074 4657 fieri,
1123 4603 1238 4642 non
1274 4586 1461 4658 potuit
1509 4588 1658 4657 quod
1692 4586 1939 4643 volebat.

287 4673 371 4730 Ne
402 4676 768 4746 opprimatur
795 4691 931 4747 ergo
954 4676 1348 4731 sustinetzsed
1370 4677 1549 4747 premi
1570 4676 1764 4731 nollet.
1792 4678 1941 4742 Quo-

293 4764 468 4819 modo
494 4780 630 4837 ergo
648 4764 784 4819 vivit
811 4770 875 4819 ut
901 4764 1054 4819 vult?
1072 4766 1157 4819 An
1181 4765 1321 4836 quia
1351 4764 1549 4820 volens
1574 4766 1737 4820 fortis
1766 4770 1855 4820 est
1870 4767 1941 4821 ad

289 4851 532 4908 ferenda
554 4870 680 4924 quae
712 4853 889 4909 nollet
930 4853 1130 4909 illata?
1173 4854 1304 4909 Ideo
1322 4854 1581 4927 igiturid
1617 4854 1737 4910 vult
1782 4856 1938 4926 quod

286 4946 498 5013 potest,
533 4942 811 5014 quoniam
842 4943 993 5015 quod
1025 4942 1146 4998 vult
1168 4960 1284 4998 non
1315 4948 1523 5015 potest.
1543 4944 1670 4999 Haec
1687 4948 1776 5000 est
1796 4948 1937 5014 tota,

288 5034 491 5087 utrum
523 5031 785 5099 ridenda,
830 5048 902 5088 an
936 5031 1131 5105 potius
1164 5032 1519 5101 miseranda,
1552 5033 1937 5105 superborum

285 5119 586 5176 beatitudo
605 5120 1319 5194 mortalium,gloriantum
1345 5138 1406 5177 se
1424 5121 1613 5179 vivere
1636 5125 1699 5176 ut
1718 5122 1938 5193 volunt,

284 5209 427 5282 quia
470 5208 727 5265 volentes
776 5210 1066 5282 patienter
1102 5211 1293 5266 ferunt
1341 5227 1468 5283 quae
1519 5210 1782 5266 accidere
1825 5212 1938 5267 sibi

282 5298 512 5356 nolunt.
544 5299 663 5355 Hoc
693 5304 782 5356 est
809 5300 987 5369 enim,
1036 5300 1217 5367 aiunt,
1251 5300 1404 5372 quod
1458 5301 1751 5371 sapienter
1795 5299 1940 5356 dixit

282 5387 619 5456 Terentius,

538 5476 823 5551 Quoniam
853 5494 968 5551 non
1002 5482 1164 5551 potes
1195 5479 1253 5534 id
1286 5476 1410 5534 ﬁeri
1441 5478 1595 5550 quod
1625 5476 1733 5545 vis,

469 5548 531 5603 Id
564 5548 706 5604 velis
736 5549 892 5622 quod
924 5548 1116 5622 possis
1134 5551 1173 5604 ³.

598 5622 687 5692 (In
718 5620 976 5692 Andreio,
1017 5627 1125 5677 act.
1158 5625 1211 5689 2,
1258 5638 1408 5677 scen.
1444 5622 1494 5692 1,
1526 5637 1667 5677 verr.
1700 5620 1753 5691 5,
1786 5620 1863 5694 6).

353 5728 372 5792 ξ
404 5724 562 5792 Editi,
598 5726 731 5792 loco,
760 5726 989 5792 quidem,
1018 5726 1309 5792 habebant,
1338 5726 1568 5792 quidam.

354 5790 378 5860 ξ
402 5788 549 5860 ἔξει,
575 5788 1234 5860 ῃθηάςϊῇηεενεολοωὶ-ερα
1260 5788 1535 5856 particula,
1563 5790 1637 5841 in.

356 5851 829 5923 #Tersntiusfert,
860 5851 1039 5919 possit.
1136 5852 1206 5907 M.

1493 360 1724 422 LIBER
1768 361 2110 425 TERTIUS
2156 364 2530 428 DECIMUS.

3562 364 3715 423 1022

2058 495 2369 552 Commode
2402 497 2510 553 hoc
2542 498 2760 553 dictum
2791 512 2941 568 esse,
2962 496 3094 569 quis
3119 496 3333 569 negat?
3366 496 3477 551 Sed
3514 496 3706 551 consi-

2057 582 2201 639 lium
2235 590 2321 640 est
2344 586 2545 642 datum
2579 587 2812 653 misero,
2833 604 2903 643 ne
2920 591 3075 641 esset
3094 585 3378 641 miserior.
3414 586 3585 639 Beato
3605 602 3708 639 au-

2058 674 2196 743 tem,
2231 675 2438 745 quales
2480 692 2540 730 se
2584 692 2711 731 esse
2755 692 2958 730 omnes
2992 674 3213 739 volunt,
3248 693 3361 729 non
3414 679 3565 729 recte
3599 690 3706 729 nec

2057 777 2187 815 vere
2218 762 2448 830 dicitur,
2469 764 2591 819 Non
2626 770 2813 836 potest
2845 764 2965 819 fieri
2989 765 3139 835 quod
3172 763 3275 817 vis.
3301 763 3357 817 Si
3390 762 3543 817 enim
3568 763 3704 818 bea-

2058 852 2153 904 tus
2174 851 2573 924 est,quidquid
2600 853 2720 907 vult
2741 852 2861 907 fieri
2887 858 3092 923 potest;
3110 853 3246 923 quia
3268 868 3381 905 non
3404 850 3695 923 vultquod

2058 938 2312 993 ﬁerinon
2344 945 2553 1011 potest.
2579 942 2682 995 Sed
2712 958 2822 995 non
2856 947 2942 996 est
2965 940 3337 995 mortalitatis
3376 940 3554 1009 hujus
3576 939 3697 993 haec

2058 1027 2171 1081 vita
2200 1045 2303 1082 nec
2338 1030 2445 1083 erit
2476 1030 2584 1084 nisi
2620 1032 2853 1101 quando
2877 1035 2927 1084 et
2963 1029 3373 1084 immortalitas
3404 1029 3530 1083 erit.
3557 1030 3694 1093 Quae

2055 1116 2105 1171 si
2128 1116 2287 1172 nullo
2307 1118 2475 1172 modo
2497 1118 2620 1173 dari
2647 1120 2865 1173 homini
2895 1124 3110 1190 posset,
3134 1120 3350 1171 frustra
3366 1117 3537 1171 etiam
3562 1119 3693 1171 bea-

2054 1206 2241 1261 titudo
2264 1212 2643 1277 qumreretur;
2676 1209 2815 1279 quia
2846 1209 2971 1263 sine
3003 1206 3438 1262 immortalitate
3455 1222 3569 1261 non
3594 1222 3692 1277 po-

2051 1297 2166 1349 test
2195 1310 2343 1350 esse.

2124 1383 2355 1439 CAPUT
2385 1385 2619 1440 VIll.—
2662 1388 2746 1442 11.
2784 1386 3076 1442 Beatitudo
3103 1387 3224 1441 sine
3281 1384 3697 1440 immortalitate

2052 1488 2163 1527 non
2189 1478 2357 1544 potest
2376 1477 2669 1532 esse.Cum
2704 1493 2838 1548 ergo
2867 1476 3018 1531 beati
3044 1492 3172 1532 csse
3201 1491 3405 1529 omnes
3426 1473 3693 1528 homines

2052 1561 2231 1617 velint
2262 1564 2308 1618 si
2339 1580 2472 1618 vere
2512 1564 2759 1635 volunt‘,
2793 1565 3049 1637 profecto
3081 1568 3137 1619 et
3165 1579 3291 1618 esse
3331 1561 3693 1618 immortales

2053 1650 2255 1706 volunt
2283 1669 2296 1706 :
2322 1652 2488 1706 aliter
2506 1653 2661 1707 enim
2686 1653 2838 1709 beati
2869 1670 2996 1709 esse
3014 1670 3125 1707 non
3149 1656 3409 1722 possent.
3434 1651 3695 1721 Denique

2055 1742 2113 1795 et
2142 1740 2212 1794 de
2242 1740 2678 1797 immorlalitate
2708 1741 3066 1812 interrogati,
3091 1742 3241 1796 sicut
3262 1745 3320 1795 et
3349 1741 3419 1795 de
3439 1739 3694 1795 beatitu-

2056 1829 2211 1895 dine,
2234 1844 2436 1884 omnes
2476 1846 2603 1885 eam
2640 1846 2701 1885 se
2738 1830 2881 1885 velle
2914 1832 3286 1901 respondent.
3321 1828 3431 1884 Sed
3472 1828 3694 1899 qualis-

2055 1933 2307 1989 cumque
2330 1919 2651 1985 beatitudo,
2673 1936 2799 1990 quas
2826 1920 3017 1991 potius
3036 1925 3273 1974 vocetur
3303 1935 3479 1990 quam
3504 1918 3597 1986 sit,
3632 1920 3690 1972 in

2055 2007 2162 2062 hac
2183 2007 2298 2061 vita
2324 2008 2622 2079 quaeritur,
2646 2008 2764 2063 imo
2793 2025 2927 2063 vero
2948 2008 3203 2080 tingitur,
3235 2008 3375 2062 dum
3400 2008 3696 2062 immorta-

2054 2095 2188 2151 litas
2219 2098 2579 2167 desperatur,
2613 2098 2737 2153 sine
2768 2114 2885 2169 qua
2906 2114 3039 2153 vera
3077 2097 3373 2153 beatitudo
3402 2112 3531 2152 esse
3579 2113 3693 2151 non

2055 2191 2263 2258 potest.
2300 2185 2399 2241 Ille
2438 2186 2653 2259 quippe
2688 2187 2850 2242 beate
2880 2186 3031 2243 vivit,
3070 2187 3222 2257 quod
3258 2188 3383 2257 jam
3424 2186 3695 2257 superius

2054 2274 2393 2339 diximus,et
2411 2276 2726 2331 astruendo
2751 2275 2894 2331 satis
2918 2275 3172 2345 fiximus,
3207 2276 3305 2346 qui
3331 2274 3435 2330 vivi
3461 2280 3522 2329 ut
3546 2275 3691 2345 vult,

2053 2377 2159 2419 nec
2206 2363 2357 2418 male
2387 2364 2605 2436 aliquid
2650 2364 2791 2420 vult.
2827 2365 3006 2422 Nemo
3038 2368 3229 2420 autem
3256 2365 3408 2419 male
3441 2363 3563 2417 vult
3590 2364 3698 2418 im-

2054 2452 2492 2517 mortalitatem,
2524 2454 2573 2507 si
2621 2454 2748 2523 ejus
2779 2453 3041 2508 humana
3086 2469 3266 2523 capax
3311 2457 3400 2507 est
3442 2452 3559 2507 Deo
3597 2453 3695 2507 do-

2054 2545 2230 2596 nante
2260 2546 2505 2596 natura:
2530 2543 2700 2610 cujus
2723 2543 2909 2597 sinon
2943 2558 3122 2613 capax
3161 2545 3270 2608 est,
3304 2557 3410 2595 nec
3444 2540 3693 2595 beatitu-

2053 2628 2206 2685 dinis
2238 2646 2420 2700 capax
2442 2635 2550 2685 est.
2590 2631 2662 2686 Ut
2699 2632 2853 2686 enim
2878 2631 3052 2686 homo
3077 2631 3239 2685 beate
3269 2629 3437 2698 vivat,
3473 2632 3697 2700 oportet

2054 2722 2119 2773 ut
2147 2718 2316 2774 vivat.
2365 2720 2544 2784 Quem
2579 2736 2748 2791 porro
2779 2719 3122 2775 morientem
3155 2720 3273 2773 vita
3302 2719 3429 2789 ipsa
3458 2718 3693 2789 deserit,

2052 2808 2220 2863 beata
2248 2808 2365 2863 vita
2393 2824 2525 2863 cum
2557 2808 2655 2864 illo
2686 2825 2920 2864 manere
2942 2808 3041 2881 qui
3071 2808 3303 2879 potest?
3331 2807 3474 2862 Cum
3498 2810 3694 2862 autem

2055 2896 2272 2962 diseril,
2299 2901 2399 2952 aut
2438 2897 2728 2953 nolentem
2751 2897 2968 2952 deserit
2992 2897 3191 2968 procul
3218 2895 3416 2964 dubio,
3451 2900 3553 2951 aut
3595 2913 3695 2950 vo-

2051 2985 2287 3055 lentem,
2322 2992 2423 3040 aut
2452 2990 2743 3042 neutrum.
2780 2987 2835 3042 Si
2872 2986 3185 3055 nolentem,
3208 2986 3497 3055 quomodo
3526 2985 3697 3040 beata

2053 3074 2171 3130 vita
2199 3080 2307 3137 est.
2342 3092 2466 3146 quis
2495 3077 2574 3131 ita
2597 3081 2685 3131 est
2718 3077 2773 3131 in
2804 3076 3119 3142 voluntate,
3155 3080 3216 3129 ut
3246 3092 3360 3130 non
3394 3076 3471 3130 sit
3502 3080 3691 3146 potes-

2052 3166 2170 3218 tate
2190 3164 2217 3218 ?
2247 3164 2510 3236 Cumque
2530 3166 2734 3220 beatus
2766 3181 2937 3220 nemo
2968 3164 3043 3220 sit
3072 3164 3289 3236 aliquid
3323 3163 3566 3219 volendo
3591 3180 3694 3218 nec

2054 3252 2342 3324 habendo,
2366 3259 2582 3325 quanto
2614 3256 2812 3309 minus
2834 3260 2921 3309 est
2952 3256 3155 3309 beatus
3179 3254 3277 3325 qui
3310 3270 3421 3308 non
3455 3254 3691 3321 honore,

2054 3359 2168 3397 non
2220 3344 2608 3413 possessione,
2642 3361 2754 3399 non
2789 3343 3047 3415 qualibet
3077 3344 3189 3398 alia
3220 3360 3299 3407 re,
3352 3343 3480 3414 ipsa
3528 3343 3693 3396 beata

2051 3431 2166 3485 vita
2218 3431 2420 3487 nolens
2458 3433 2765 3502 deseritur,
2798 3432 3031 3504 quando
3078 3433 3126 3487 ei
3183 3432 3343 3486 nulla
3386 3432 3502 3485 vita
3535 3431 3691 3485 erit?

2052 3520 2214 3576 Unde
2244 3522 2351 3577 etsi
2384 3521 2582 3576 nullus
2614 3538 2819 3577 sensus
2853 3521 3220 3593 reliquintur,
3246 3538 3359 3591 quo
3383 3520 3693 3576 sitmisera

2050 3608 2376 3682 (propterea
2406 3610 2561 3666 enim
2593 3611 2761 3666 beata
2787 3612 2903 3666 vita
2942 3610 3209 3679 discedit,
3246 3610 3519 3680 quoniam
3568 3614 3693 3665 tota

2053 3699 2339 3772 discedit),
2384 3700 2559 3755 miser
2588 3706 2676 3755 est
2723 3705 2940 3769 tamen,
2975 3700 3254 3771 quamdiu
3310 3698 3507 3769 sentit,
3555 3700 3691 3771 quia

2052 3789 2163 3845 scit
2193 3807 2255 3845 se
2295 3788 2557 3845 nolente”
2606 3790 2868 3845 consumi
2917 3794 3150 3861 propter
3195 3789 3350 3861 quod
3402 3793 3606 3844 caetera
3638 3794 3697 3843 et

2053 3870 2207 3943 quod
2242 3888 2356 3942 pm
2386 3870 2607 3926 caeteris
2647 3870 2857 3942 diligit.
2900 3871 3022 3925 Non
3048 3869 3226 3941 igitur
3272 3873 3465 3941 potest
3494 3869 3611 3923 vita
3640 3873 3696 3924 et

2051 3960 2219 4015 beata
2248 3976 2396 4024 esse,
2429 3964 2484 4014 et
2515 3959 2805 4014 nolentem
2839 3959 3135 4014 desereres
3159 3975 3171 4014 :
3195 3960 3333 4030 quia
3365 3958 3569 4013 beatus
3598 3975 3696 4014 no-

2054 4049 2177 4103 lens
2208 4065 2380 4103 nemo
2412 4049 2515 4116 ﬁt;
2549 4065 2613 4103 ac
2646 4066 2744 4119 per
2774 4048 2881 4103 hoc
2912 4054 3132 4119 quanto
3166 4050 3352 4119 magis
3400 4047 3691 4102 nolentem

2051 4139 2369 4194 deserendo
2416 4139 2696 4193 miserum
2750 4138 2905 4207 facit,
2953 4154 3079 4208 quae
3111 4137 3159 4192 si
3213 4136 3430 4192 nolenti
3483 4141 3693 4207 przesto

2049 4232 2203 4282 esset
2250 4227 2529 4282 miserum
2575 4227 2824 4281 faceret?
2872 4227 2929 4281 Si
2981 4232 3176 4282 autem
3208 4225 3493 4280 volentem
3527 4226 3692 4281 dese-

2050 4315 2144 4387 rit,
2177 4316 2351 4371 etiam
2385 4315 2467 4371 sic
2499 4316 2789 4387 quomodo
2831 4317 2997 4370 beata
3044 4315 3159 4370 vita
3203 4318 3344 4377 erat,
3376 4331 3551 4386 quam
3599 4331 3695 4385 pe-

2050 4404 2200 4460 rire‘
2232 4404 2413 4459 voluit
2436 4406 2531 4476 qui
2556 4404 2854 4459 habebat?
2886 4404 3087 4459 Restat
3106 4407 3167 4458 ut
3188 4403 3383 4458 dicant
3415 4408 3691 4460 neutrum

2048 4509 2177 4549 esse
2206 4494 2265 4548 in
2298 4494 2494 4549 animo
2518 4493 2692 4561 beati;
2712 4493 2767 4547 id
2798 4497 2907 4561 est,
2926 4510 3060 4549 eum
3083 4492 3271 4548 deseri
3295 4510 3327 4547 a
3361 4493 3529 4548 beata
3548 4492 3686 4560 vita,

2047 4600 2181 4637 cum
2214 4599 2315 4654 per
2359 4586 2601 4636 mortem
2656 4582 2871 4637 deserit
2908 4586 3029 4636 tota
3077 4582 3211 4649 vita,
3245 4598 3351 4636 nec
3392 4580 3542 4636 nolle
3588 4597 3693 4636 nec

2047 4670 2208 4740 velle,
2241 4673 2311 4726 ad
2362 4676 2678 4742 utrumque
2728 4670 2881 4725 enim
2933 4676 3131 4741 parato
3179 4676 3234 4726 et
3272 4688 3435 4741 aequo
3489 4671 3693 4725 corde“

2047 4761 2384 4817 consistere.
2420 4759 2530 4815 Sed
2578 4777 2682 4815 nec
2717 4760 2828 4815 ista
2882 4760 3048 4815 beata
3076 4764 3165 4815 est
3212 4761 3345 4825 sita,
3377 4777 3504 4831 quas
3554 4759 3689 4814 talis

2045 4855 2153 4914 est,
2187 4854 2250 4904 ut
2281 4865 2455 4920 quem
2485 4849 2721 4904 beatum
2756 4850 2910 4918 facit,
2943 4865 3139 4904 amore
3169 4850 3295 4918 ejus
3330 4849 3569 4919 indigna
3591 4848 3687 4903 sit.

2047 4939 2346 5005 Quomodo
2394 4938 2551 4993 enim
2606 4943 2695 4992 est
2746 4938 2917 4993 beata
2960 4938 3096 5007 vita,
3143 4955 3319 5008 quam
3372 4954 3483 4992 non
3534 4941 3690 4992 amat

2043 5027 2250 5084 beatus
2270 5028 2298 5082 ?
2320 5029 2430 5083 Aut
2461 5028 2752 5099 quomodo
2782 5032 3030 5093 amatur,
3063 5028 3216 5099 quod
3252 5030 3447 5080 utrum
3478 5026 3688 5098 vigeat,

2046 5134 2120 5173 an
2151 5122 2367 5189 pereat,
2401 5117 2801 5173 indifferenter
2848 5116 3172 5187 accipitur?
3222 5115 3345 5170 Nisi
3395 5116 3539 5171 forte
3577 5116 3690 5171 vir-

2043 5210 2219 5274 tutes,
2258 5223 2405 5279 quas
2436 5211 2670 5279 propter
2704 5205 2886 5261 solam
2930 5204 3342 5259 beatitudinem
3395 5204 3479 5259 sic
3527 5221 3688 5261 ama-

2043 5313 2198 5363 mus,
2231 5296 2581 5369 persuadere
2604 5295 2770 5351 nobis
2801 5294 3037 5358 audent,
3072 5298 3135 5348 ut
3162 5294 3351 5365 ipsam
3377 5293 3689 5349 beatitudi-

2115 5540 2127 5572 ι
2164 5539 2282 5588 Am.
2322 5540 2376 5587 et
2406 5538 2550 5595 Mss.,
2580 5536 2625 5584 si
2646 5549 2817 5584 verum
2846 5534 3040 5584 volunt.

2105 5601 2128 5636 ²
2158 5601 2243 5649 Sic
2277 5602 2423 5654 Mss,
2451 5600 2518 5649 At
2547 5598 2693 5656 editi,
2721 5597 3011 5658 nolentem;
3041 5597 3218 5647 minus
3251 5602 3411 5648 recte.

2113 5665 2132 5698 ³
2165 5663 2325 5727 Edito
2358 5664 2502 5724 Lov.,
2535 5661 2779 5711 volentem
2808 5662 3054 5711 deserere.
3085 5662 3385 5727 Castigatur
3430 5677 3494 5711 ex
3536 5662 3693 5713 editis

2042 5725 2159 5777 aliis
2185 5729 2239 5775 et
2262 5725 2383 5774 Mss.

2105 5791 2126 5824 ⁸
2153 5789 2223 5851 In,
2238 5789 2384 5851 Msa,
2413 5787 2585 5851 ﬁnire.

2105 5851 2126 5885 ⁸
2153 5850 2310 5914 Editi,
2343 5849 2535 5903 animo.
2566 5850 2633 5905 At
2660 5849 2809 5913 Μαι..
2838 5849 3004 5903 corde.
