4160 6476
459 372 614 433 1023

458 519 591 558 nem
622 520 735 559 non
768 520 1029 561 anemus.
1057 506 1217 570 Quod
1241 510 1289 563 si
1313 510 1551 577 faciunt,
1583 513 1758 566 etiam
1797 511 1957 581 ipsas
1987 507 2096 563 uti-

458 608 568 662 que
597 610 793 648 amare
830 595 1188 663 desistimus,
1214 600 1446 668 quando
1470 599 1626 654 illam
1648 604 1883 670 propter
1920 615 2096 670 quam

458 681 644 736 solam
670 683 811 737 istas
852 685 1199 753 amavimus,
1244 702 1358 742 non
1382 705 1670 744 amamus.
1703 689 1921 744 Deinde
1956 704 2097 759 quo-

460 771 633 826 modo
665 772 771 827 erit
800 789 932 827 vera
961 777 1078 828 tam
1112 774 1212 830 illa
1242 782 1587 848 perspecta‘,
1608 783 1726 833 tam
1750 777 2098 845 examinata,

455 861 577 913 tam
602 859 875 930 eliquata,
909 866 1031 917 tam
1064 869 1218 919 certa
1239 867 1544 935 sententia,
1572 867 1768 921 beatos
1817 881 1944 919 esse
1975 881 2098 918 om-

456 964 561 1003 nes
592 948 856 1004 homines
888 950 1050 1019 velle,
1086 952 1133 1007 si
1165 953 1277 1024 ipsi
1301 954 1398 1024 qui
1424 956 1548 1024 jam
1583 955 1730 1010 beati
1764 958 1918 1019 sunt,
1946 952 2094 1006 beati

454 1052 582 1092 esse
605 1054 708 1093 nec
740 1038 968 1103 nolunt,
1004 1056 1106 1094 nec
1138 1040 1378 1095 volunt?
1424 1044 1537 1096 Aut
1570 1042 1615 1096 si
1648 1040 1868 1109 volunt,
1904 1044 1965 1093 ut
2003 1056 2097 1093 ve-

452 1125 597 1180 ritas
628 1125 859 1193 clamat,
894 1132 957 1181 ut
983 1133 1191 1183 natura
1213 1129 1527 1199 compellit,
1547 1130 1639 1184 cui
1663 1145 1893 1184 summe
1910 1129 2098 1183 bonus

450 1217 507 1269 et
534 1214 978 1270 immutabiliter
999 1217 1201 1273 beatus
1232 1218 1463 1273 Creator
1488 1218 1703 1272 indidit
1747 1219 1886 1283 hoc;
1919 1218 1967 1271 si
1999 1234 2095 1271 vo—

449 1301 598 1369 lunt,
631 1303 888 1372 inquam,
927 1305 1075 1359 beati
1109 1322 1234 1361 esse
1255 1308 1353 1377 qui
1387 1307 1538 1362 beati
1571 1312 1729 1374 sunt,
1777 1306 1927 1361 beati
1981 1323 2096 1360 non

453 1408 579 1447 esse
610 1392 811 1463 utique
843 1393 1129 1448 nolunt.Si
1153 1399 1348 1450 autem
1381 1396 1534 1450 beati
1570 1413 1683 1450 non
1716 1413 1843 1451 esse
1868 1395 2093 1462 nolunt,

454 1479 655 1547 procul
705 1481 880 1537 dubio
929 1482 1136 1539 nolunt
1182 1486 1448 1539 consumi
1503 1485 1689 1557 perire
1738 1485 1892 1555 quod
1946 1484 2096 1539 beati

454 1572 614 1624 sunt.
657 1569 770 1624 Nec
801 1570 911 1625 nisi
952 1571 1207 1627 viventes
1240 1573 1390 1628 beati
1425 1590 1553 1629 esse
1583 1577 1864 1645 possunt:
1892 1572 2099 1628 nolunt

450 1656 631 1730 igitur
654 1658 839 1729 perire
862 1661 1016 1732 quod
1037 1660 1251 1716 vivunt.
1270 1662 1635 1717 Immortales
1667 1679 1803 1734 ergo
1834 1678 1963 1717 esse
1989 1678 2098 1718 vo-

448 1745 598 1815 lunt,
622 1748 978 1819 quicumque
990 1766 1120 1805 vere
1140 1750 1293 1806 beati
1316 1751 1402 1806 vel
1421 1755 1557 1806 sunt
1577 1751 1807 1807 velesse
1829 1751 2092 1822 cupiunt.

447 1835 572 1892 Non
621 1840 815 1891 autem
857 1838 995 1892 vivit
1034 1839 1217 1909 beate,
1250 1840 1342 1895 cui
1375 1856 1490 1895 non
1524 1841 1689 1895 adest
1719 1841 1872 1911 quod
1931 1840 2092 1894 vult:

450 1923 612 1979 nullo
644 1925 817 1980 modo
842 1925 1022 1998 igitur
1059 1943 1187 1982 esse
1217 1928 1426 2000 poterit
1453 1928 1566 1983 vita
1600 1928 1878 1986 veraciter
1908 1928 2092 1997 beata,

452 2012 567 2068 nisi
601 2013 774 2069 fuerit
809 2015 1185 2086 sempiterna.

526 2102 759 2157 CAPUT
782 2102 872 2159 IX.
888 2136 956 2143 —
973 2105 1056 2160 42.
1083 2107 1201 2160 Non
1220 2106 1481 2163 humanis
1496 2108 2094 2179 argumentationibus,

452 2190 546 2246 sed
555 2191 688 2262 ﬁdei
702 2193 885 2247 auxili
911 2193 1143 2249 dicimus
1157 2195 1550 2251 beatitudinem
1561 2197 1820 2268 futuram
1843 2213 1953 2252 esse
1978 2212 2099 2251 vere

456 2280 883 2350 sempitermam.
913 2282 994 2337 Ea:
1021 2284 1157 2338 Filii
1185 2287 1287 2339 Dei
1315 2286 1696 2341 incarnatione
1730 2285 2009 2341 credibilis
2037 2287 2097 2355 ﬁt

456 2370 853 2425 immortalitas
867 2370 1245 2428 beatitudinis.
1258 2374 1410 2428 Hanc
1425 2379 1617 2429 utrum
1632 2376 1821 2447 capiat
1840 2375 2099 2429 humana

454 2462 684 2525 natura,
718 2477 895 2532 quam
924 2464 1119 2516 tamen
1152 2462 1595 2519 desiderabilem
1616 2464 1946 2529 conﬁtetur,
1982 2480 2098 2518 non

452 2561 631 2618 parva
662 2547 904 2618 quaestio
936 2552 1043 2604 est.
1070 2549 1180 2604 Sed
1204 2550 1252 2605 si
1276 2550 1424 2605 ﬁdes
1445 2551 1616 2618 adsit,
1659 2566 1787 2621 quae
1832 2550 1985 2606 inest
2015 2550 2098 2604 eis

451 2635 666 2706 quibus
688 2636 846 2691 dedit
878 2640 1225 2707 potestatem
1248 2638 1421 2695 Jesus
1444 2639 1595 2695 ﬁlios
1630 2640 1725 2694 Dei
1758 2639 1903 2705 ﬁeri,
1938 2638 2101 2695 nulla

455 2723 682 2794 questio
732 2728 839 2780 est.
892 2727 1177 2782 Humanis
1235 2728 1451 2798 quippe
1493 2727 2099 2799 argumentationibus

459 2812 580 2868 haec
611 2813 866 2869 invenire
914 2820 1214 2883 conantes,
1267 2816 1359 2871 vix
1407 2816 1577 2887 pauci
1614 2833 1823 2889 magno
1872 2817 2098 2888 praediti

456 2901 712 2973 ingenio,
746 2904 1111 2959 abundantes
1133 2905 1269 2973 otio,
1296 2906 1696 2978 doctrinisque
1726 2905 2101 2961 subtibilissi-

455 2990 567 3047 mis
588 2992 819 3058 eruditi,
845 2992 914 3048 ad
947 2994 1341 3065 indagandam
1364 2994 1545 3050 solius
1568 2995 1775 3050 animae
1806 2995 2101 3050 immorta-

454 3079 675 3135 litatem
708 3082 1007 3153 pervenire
1029 3086 1363 3153 potuerunt.
1390 3084 1697 3139 Uuitamen
1731 3083 1939 3139 animae
1970 3084 2099 3139 bea~

454 3172 575 3225 tam
607 3169 785 3225 vitam
818 3187 932 3225 non
966 3171 1312 3227 invenerunt
1342 3172 1636 3239 stabilem,
1659 3173 1714 3228 id
1746 3177 1834 3228 est
1863 3189 2056 3229 veram
2084 3190 2097 3228 :

457 3260 529 3315 ad
562 3259 828 3316 miserias
849 3278 977 3317 eam
1011 3262 1224 3334 quippe
1252 3263 1383 3318 vitae
1414 3263 1594 3334 hujus
1617 3264 1790 3319 etiam
1823 3264 2099 3335 postbea-

456 3348 766 3404 titudinem
800 3350 985 3405 redire
1015 3351 1304 3406 dixerunt.
1359 3352 1425 3407 Et
1456 3352 1555 3423 qui
1614 3368 1814 3408 eorum
1865 3353 1935 3407 de
1993 3352 2100 3407 hac

460 3439 818 3493 erubuerunt
849 3440 1156 3506 sententia,
1185 3445 1241 3495 et
1272 3441 1526 3496 animam
1548 3446 1852 3513 purgatam
1871 3440 1930 3495 in
1956 3457 2103 3496 sem-

460 3527 688 3598 piterna
710 3528 1092 3585 beatitudine?
1122 3530 1249 3585 sine
1282 3546 1521 3602 corpore
1551 3531 1948 3587 collocandum
1990 3547 2101 3602 pu-

458 3620 745 3688 taverunt,
769 3618 909 3673 talia
931 3618 1000 3673 de
1032 3619 1235 3674 mundi
1265 3626 1549 3675 retrorsus
1607 3621 1925 3675 aeternitate
1970 3636 2100 3675 sen-

461 3704 635 3772 tiunt,
672 3710 738 3761 ut
766 3706 913 3761 hanc
943 3708 1012 3763 de
1043 3708 1221 3763 animi
1254 3708 1600 3764 sententiam
1652 3726 1819 3765 suam
1869 3709 1980 3781 ipsi
2014 3726 2102 3764 re-

462 3794 753 3866 darguant
783 3812 796 3849 :
824 3796 978 3867 quod
1009 3796 1102 3851 hic
1134 3796 1375 3869 longum
1428 3803 1516 3853 est
1547 3798 1972 3868 demonstrare,
2001 3799 2102 3853 sed

456 3883 518 3939 in
559 3882 708 3938 libro
747 3884 1089 3940 duodecimo
1120 3887 1189 3941 de
1232 3886 1473 3941 Civitate
1508 3886 1631 3951 Dei,
1682 3886 1825 3942 satis
1856 3904 1889 3941 a
1937 3888 2105 3941 nobis

462 3976 569 4041 est,
603 3977 889 4043 quantum
918 3974 1189 4043 arbitror,
1219 3975 1569 4046 explicatum
1601 3974 1755 4045 (Cap.
1790 3976 1902 4046 20).
1937 3976 2106 4031 Fides

416 4064 653 4123 :autem
718 4061 830 4117 ista
879 4066 1064 4118 totum
1117 4063 1413 4117 hominem
1482 4062 1874 4118 immortalem
1951 4064 2105 4118 futu-

464 4166 618 4220 rum,
652 4150 751 4221 qui
781 4151 981 4222 utique
1027 4155 1255 4207 constat
1299 4169 1366 4207 ex
1400 4152 1897 4241 animaAcorpore,
1930 4158 1987 4208 et
2033 4154 2105 4210 ob

465 4238 574 4294 hoc
603 4256 732 4295 vere
762 4242 1019 4309 beatum,
1054 4257 1168 4295 non
1201 4238 1702 4311 argumentatione
1722 4241 2107 4311 humana,sed

464 4328 660 4384 divina
696 4330 1034 4385 auctoritate
1079 4328 1383 4401 promittit.
1416 4330 1485 4384 Et
1540 4329 1667 4385 ideo
1720 4348 1852 4385 cum
1888 4332 2107 4386 dictum

463 4422 617 4474 esset
664 4418 723 4472 in
763 4418 1252 4491 Evangelio,quod
1302 4418 1476 4474 Jesus
1525 4419 1749 4475 dederit
1791 4426 2110 4491 potestatem

459 4506 607 4576 ﬁlios
638 4507 735 4561 Dei
760 4507 886 4576 ﬁeri
898 4508 970 4561 iis
996 4509 1093 4578 qui
1122 4523 1245 4562 eum
1276 4517 1617 4578 receperunt,-
1648 4515 1703 4564 et
1734 4508 1873 4580 quid
1908 4510 1986 4564 sit
2028 4526 2109 4565 re-

462 4594 687 4666 cepisse
727 4612 883 4667 eum,
936 4596 1186 4651 breviter
1215 4595 1394 4653 fuisse
1440 4598 1789 4670 expositum,
1838 4599 2107 4667 dicendo,

463 4684 816 4739 Credentibus
848 4685 905 4739 in
935 4687 1157 4741 nomine
1181 4688 1337 4757 ejus;
1368 4703 1600 4758 quoque
1644 4688 1811 4743 modo
1856 4687 1961 4741 ﬁlii
2009 4688 2107 4744 Dei

464 4774 690 4844 ﬁerent,
724 4777 879 4828 esset
908 4775 1276 4844 adjunctum,
1329 4776 1433 4843 Qui
1456 4791 1567 4830 non
1617 4792 1686 4830 ex
1724 4777 2109 4847 sanguinibus,

462 4878 635 4935 neque
662 4878 734 4917 ex
762 4864 1037 4919 voluntate
1065 4866 1280 4932 carnis,
1301 4880 1473 4934 neque
1502 4881 1571 4919 ex
1590 4866 1871 4921 voluntate
1893 4868 2005 4920 viri
2021 4866 2113 4922 sed

464 4966 538 5007 ea:
564 4952 669 5008 Deo
697 4954 819 5007 nati
844 4961 976 5008 sunt
1001 4970 1013 5007 :
1037 4970 1109 5008 ne
1139 4953 1254 5008 ista
1279 4952 1584 5008 hominum
1618 4970 1793 5024 quam
1843 4955 2110 5011 videmus

466 5044 523 5095 et
552 5045 850 5112 gestamus
882 5042 1196 5097 inﬁrmitas
1228 5045 1449 5096 tantam
1481 5041 1878 5097 excellentiam
1911 5043 2110 5115 despe-

466 5132 639 5199 raret,
677 5128 828 5185 illico
856 5146 1147 5185 annexum
1180 5134 1289 5200 est,
1313 5131 1377 5184 Et
1398 5130 1618 5185 verbum
1638 5146 1761 5186 caro
1781 5134 1986 5202 factum
2006 5138 2103 5200 est,

462 5222 515 5273 et
545 5219 808 5274 habitavit
839 5220 897 5274 in
926 5220 1079 5274 nobis
1110 5220 1287 5289 (Joun.
1320 5236 1354 5285 ι,
1390 5219 1600 5291 12-14);
1634 5228 1691 5274 ut
1725 5237 1757 5274 a
1809 5221 2095 5277 contrario

470 5308 815 5363 suaderetur
862 5309 1013 5378 quod
1074 5306 1413 5363 incredibile
1460 5308 1783 5364 videbatur.
1836 5310 1891 5364 Si
1942 5312 2094 5366 enim

462 5402 672 5451 natura
703 5395 801 5451 Dei
824 5395 1001 5450 Filius
1023 5401 1255 5467 propter
1286 5396 1434 5452 ﬁlios
1455 5396 1758 5453 hominum
1784 5398 2107 5453 misericor-

464 5485 558 5539 dia
589 5484 776 5539 factus
806 5488 895 5539 est
922 5484 1178 5539 hominis
1209 5486 1387 5551 ﬁlius,-
1416 5486 1521 5541 hoc
1554 5491 1641 5542 est
1670 5487 1847 5556 enim,
1879 5488 2107 5542 Verbum

463 5589 594 5629 caro
619 5576 821 5643 factum
851 5582 945 5640 est,
977 5579 1030 5627 et
1080 5574 1347 5629 habitavit
1401 5578 1459 5629 in
1519 5578 1674 5631 nobis
1716 5575 2054 5631 hominibus
2087 5595 2100 5632 :

533 5787 729 5854 tﬁditi,
761 5789 1007 5854 perfecta.
1033 5789 1221 5839 Melius
1241 5789 1395 5854 _Mss.,
1425 5795 1711 5854 perspecta.

526 5852 548 5887 ³
579 5850 731 5915 Editi,
762 5850 817 5905 in
845 5850 1204 5919 sempiternam
1231 5850 1618 5909 beatitudinem.

1564 379 1664 438 DE
1708 377 2159 450 TRINITATE,
2210 377 2273 436 S.
2319 376 2746 437 AUGUSTINI

3702 378 3862 437 1024

2210 513 2428 578 quanto
2460 508 2925 576 estcredibilius,
2959 512 3169 564 natura
3199 508 3349 564 ﬁlios
3379 508 3637 565 hominis
3669 510 3861 583 gratia

2208 596 2305 650 Dei
2336 596 2485 651 ﬁlios
2521 597 2615 651 Dei
2649 597 2792 661 ﬁeri,
2825 602 2881 652 et
2913 597 3175 653 habitare
3210 599 3266 653 in
3301 603 3432 663 Deo,
3465 599 3523 652 in
3572 615 3687 670 quo
3734 598 3861 653 solo

2202 688 2259 738 et
2290 684 2357 738 de
2390 701 2502 754 quo
2538 682 2657 739 solo
2683 700 2810 739 esse
2840 685 3257 755 possuntbeati
3281 685 3859 757 participesimmor-

2203 772 2448 828 talitatis
2507 774 2633 843 ejus
2706 773 2932 839 etfecti;
2984 778 3215 844 prepter
3292 773 3444 845 quod
3504 774 3865 844 persuaden-

2202 862 2339 915 dum
2378 862 2469 916 Dei
2504 860 2683 916 Filius
2713 861 3002 933 particeps
3037 867 3246 917 nostrze
3297 862 3687 918 mortalitatis
3731 863 3866 919 effe-

2200 954 2331 1006 ctus
2362 950 2492 1004 est?

2271 1038 2495 1094 CAPUT
2524 1039 2590 1093 X.
2624 1071 2692 1079 —
2715 1040 2800 1094 13.
2836 1042 3219 1096 lncarnatione
3256 1040 3410 1095 Verbi
3440 1042 3859 1097 convenientior

2197 1143 2309 1181 non
2336 1130 2446 1197 fuit
2474 1128 2663 1183 modus
2692 1129 2837 1183 alius
2870 1130 3151 1184 liberandi
3172 1129 3414 1184 hominis
3435 1146 3467 1183 a
3488 1130 3862 1185 mortalitatis

2198 1219 2449 1271 miseria.
2483 1218 2673 1271 Merita
2703 1232 2829 1290 quae
2874 1219 3136 1273 dicuntur
3164 1222 3374 1285 nostra,
3413 1218 3554 1275 dona
3589 1228 3716 1273 sunt
3738 1220 3858 1275 Dei.

2200 1306 2307 1359 Eos
2330 1306 2527 1376 itaque
2553 1306 2652 1377 qui
2671 1308 2891 1374 dicunt,
2929 1309 3091 1362 Itane
3112 1308 3296 1363 defuit
3327 1308 3441 1362 Deo
3462 1308 3674 1363 modus
3703 1306 3859 1363 alius

2198 1410 2313 1465 quo
2345 1393 2616 1451 liberaret
2644 1395 2912 1451 homines
2942 1413 2976 1452 a
3008 1396 3243 1452 miseria
3261 1396 3631 1453 mortalitatis
3649 1397 3856 1468 hujus,

2200 1488 2263 1537 ut
2292 1483 2658 1555 unigenitum
2678 1484 2889 1540 Filium
2912 1484 3094 1539 Deum
3126 1484 3237 1541 sibi
3267 1486 3855 1555 coaeternum,homi-

2200 1588 2333 1627 nem
2366 1572 2489 1627 ﬁeri
2504 1572 2694 1641 vellet,
2714 1573 3009 1629 induendo
3029 1573 3352 1629 humanam
3383 1573 3642 1629 animam
3661 1578 3717 1630 et
3733 1591 3862 1629 car-

2200 1680 2357 1727 nem,
2379 1661 2802 1733 mortalemque
2833 1663 3050 1717 factum
3086 1666 3334 1717 mortem
3367 1662 3623 1734 perpeti?
3645 1680 3851 1733 parum

2200 1758 2257 1808 et
2288 1751 2371 1807 sic
2401 1750 2685 1820 refellere,
2718 1754 2783 1806 ut
2812 1751 2993 1807 istum
3028 1752 3270 1807 modum
3312 1768 3427 1825 quo
3457 1768 3567 1807 nos
3592 1767 3696 1823 per
3730 1752 3854 1807 Me-

2200 1842 2483 1897 diatorem
2507 1840 2677 1896 Deiet
2692 1840 2999 1896 hominum
3022 1840 3316 1896 hominem
3337 1840 3635 1896 Christum
3652 1840 3859 1897 Jesum

2200 1934 2351 1985 Deus
2370 1928 2615 1984 liberare
2632 1929 2933 2001 dignatur,
2965 1946 3301 1986 asseramus
3326 1930 3543 1984 bonum
3569 1933 3627 1985 et
3646 1930 3858 1985 divinas

2199 2034 2524 2089 congruum
2540 2018 2807 2090 dignitati
2825 2034 2838 2073 :
2854 2035 3055 2073 verum
3071 2020 3246 2074 etiam
3262 2022 3325 2073 ut
3337 2019 3719 2075 ostendamus
3738 2036 3855 2075 non

2199 2109 2380 2164 alium
2407 2107 2646 2161 modum
2670 2106 3011 2178 possibilem
3032 2112 3144 2162 Deo
3168 2107 3446 2175 defuisse,
3481 2109 3653 2179 cujus
3690 2112 3853 2180 pote-

2200 2196 2336 2252 stati
2368 2201 2575 2251 cuncta
2619 2195 2920 2266 aequaliter
2962 2197 3420 2267 subjacent;sed
3444 2196 3717 2253 sanandae
3752 2214 3857 2253 no-

2202 2288 2333 2340 strae
2364 2284 2611 2339 miserias
2659 2284 3186 2340 convenientiorem
3218 2286 3458 2340 modum
3503 2284 3688 2341 alium
3740 2302 3859 2341 non

2202 2373 2404 2439 fuisse,
2438 2389 2541 2428 nec
2571 2389 2698 2429 esse
2714 2373 3064 2444 oportuisse.
3090 2372 3237 2437 Quid
3260 2373 3417 2429 enim
3440 2378 3561 2430 tam
3586 2390 3857 2431 necessa-

2202 2461 2353 2517 rium
2389 2462 2499 2517 fuit
2527 2462 2598 2516 ad
2630 2462 2965 2534 erigendam
3000 2479 3165 2533 spem
3197 2470 3476 2529 nostram,
3510 2468 3859 2536 mentesque

2204 2550 2538 2607 mortalium
2571 2551 2903 2606 conditione
2943 2550 3130 2622 ipsius
3162 2550 3533 2607 mortalitatis
3570 2552 3852 2623 abjectas,

2202 2640 2275 2695 ab
2321 2639 2776 2695 immortalitatis
2822 2640 3224 2712 desperatione
3262 2639 3618 2710 liberandas,
3669 2657 3852 2713 quam

2204 2732 2269 2784 ut
2297 2729 2799 2783 demonstraretur
2822 2728 2990 2784 nobis
3011 2728 3339 2799 quantinos
3369 2729 3647 2800 penderet
3675 2735 3852 2798 Deus,

2204 2822 2609 2889 quantumque
2635 2816 2930 2889 diligeret?
2970 2817 3121 2881 Quid
3178 2833 3313 2872 vero
3343 2816 3525 2889 hujus
3565 2818 3648 2873 rei
3690 2823 3856 2875 tanto

2203 2907 2314 2961 isto
2347 2905 2559 2961 indicio
2587 2905 2955 2961 manifestius
2982 2910 3155 2976 atque
3186 2905 3546 2978 praeclarius,
3569 2923 3749 2978 quam
3782 2912 3852 2963 ut

2206 2994 2303 3050 Dei
2336 2994 2519 3051 Filius
2550 2993 2995 3050 immutabiliter
3015 2995 3291 3060 bonus,in
3322 3012 3383 3051 se
3418 2997 3850 3067 manens,quod

2204 3088 2346 3151 erat,
2376 3088 2478 3139 eta
2500 3082 2667 3140 nobis
2713 3101 2815 3155 pro
2840 3084 3007 3139 nobis
3054 3083 3342 3156 accipiens
3362 3085 3518 3156 quod
3565 3102 3679 3141 non
3714 3091 3862 3157 erat,

2206 3177 2413 3244 praater
2442 3189 2559 3226 sua:
2591 3176 2811 3227 naturae
2843 3172 3309 3241 detrimentum‘,
3346 3177 3557 3228 nostris
3580 3174 3863 3245 dignatus

2206 3261 2353 3316 inire
2367 3260 2750 3326 consortium,
2772 3262 2937 3333 prius
2968 3262 3017 3316 si
3044 3261 3162 3318 ullo
3184 3262 3338 3318 malo
3355 3279 3460 3318 suo
3477 3263 3684 3318 merito
3704 3263 3865 3320 male.

2206 3355 2408 3406 nostra
2425 3351 2793 3421 perferret;ac
2817 3350 3030 3420 sicjam
3055 3351 3428 3407 credentibus
3446 3356 3735 3422 quantum
3754 3368 3863 3408 nos

2207 3438 2412 3510 diligat
2441 3439 2614 3501 Deus,
2635 3443 2689 3494 et
2721 3440 2873 3510 quod
2906 3440 3365 3510 desperabamus
3394 3441 3523 3511 jam
3569 3442 3863 3511 speranti-

2208 3529 2340 3595 bus,
2375 3528 2528 3583 dona
2556 3528 2615 3582 in
2667 3544 2771 3583 nos
2816 3544 2921 3582 sua
2949 3528 3076 3584 sine
3124 3526 3261 3584 ullis
3293 3529 3462 3584 bonis
3496 3529 3721 3585 meritis
3754 3546 3865 3585 no-

2210 3617 2369 3685 stris,
2399 3615 2515 3671 imo
2549 3616 3012 3688 praecedentibus
3058 3622 3113 3673 et
3145 3616 3318 3673 malis
3349 3617 3573 3673 meritis
3619 3618 3868 3688 nostris,

2210 3706 2467 3761 indebita
2496 3705 2763 3777 largitate
2784 3707 3073 3761 conferret
3094 3705 3119 3760 ‘I

2282 3796 2369 3850 14.
2395 3795 2539 3858 Quia
2569 3800 2624 3849 et
2653 3811 2719 3850 ea
2747 3812 2870 3866 quae
2904 3795 3179 3850 dicuntur
3210 3795 3420 3851 merita
3450 3799 3670 3861 nostra,
3704 3796 3869 3853 dona

2212 3885 2515 3954 suntejus.
2548 3883 2619 3939 Ut
2648 3884 2805 3938 enim
2840 3884 2984 3939 ﬁdes
3015 3883 3388 3939 dilectionem
3422 3888 3695 3955 operetur
3738 3888 3872 3957 (Ga-

2213 3973 2309 4028 lat.
2335 3990 2389 4035 v,
2421 3973 2495 4039 6),
2522 3972 2766 4028 charitas
2788 3973 2882 4028 Dei
2907 3972 3108 4046 diﬂusa
3142 3976 3220 4028 est
3268 3974 3329 4027 in
3380 3973 3635 4029 cordibus
3664 3977 3875 4031 nostris

2211 4079 2310 4133 per
2338 4061 2602 4132 Spiritum
2634 4069 2880 4116 sanctum
2905 4063 3003 4132 qui
3016 4062 3176 4117 datus
3207 4066 3283 4117 est
3311 4063 3469 4117 nobis
3508 4067 3680 4130 (Rom.
3706 4080 3763 4129 v,
3787 4065 3869 4136 5).

2211 4152 2373 4205 Tunc
2404 4155 2491 4206 est
2520 4154 2716 4205 autem
2748 4151 2941 4220 datus,
2975 4151 3207 4221 quando
3244 4155 3336 4206 est
3364 4151 3539 4207 Jesus
3574 4167 3869 4208 resurrec-

2213 4240 2371 4294 tione
2396 4239 2769 4295 clariﬁcatus.
2820 4241 2982 4294 Tunc
3036 4240 3191 4295 enim
3235 4256 3369 4295 eum
3432 4257 3495 4295 se
3542 4241 3872 4298 missurum

2215 4346 2342 4384 esse
2373 4329 2639 4401 promisit
2671 4333 2726 4383 et
2756 4328 2917 4383 misit
2947 4328 3130 4399 (Joan.
3168 4346 3258 4398 xx,
3294 4329 3397 4396 2‘3;
3436 4345 3535 4397 v11,
3570 4328 3659 4397 39,
3691 4334 3743 4385 et
3772 4348 3870 4396 xv,

2212 4419 2304 4488 26)
2330 4434 2342 4473 :
2368 4417 2505 4489 quia
2533 4421 2692 4487 tunc,
2727 4416 2879 4472 sicut
2910 4417 2978 4472 de
3013 4416 3108 4472 illo
3140 4404 3420 4488 scriptum
3469 4422 3580 4485 est,
3618 4422 3677 4473 et
3723 4435 3874 4490 prae-

2216 4506 2458 4577 dictum,
2490 4506 2743 4561 Ascendit
2788 4508 2844 4561 in
2885 4507 3087 4571 altum,
3134 4508 3428 4578 captivavit
3468 4508 3867 4577 captivitatem,

2215 4597 2362 4652 dedit
2399 4596 2541 4652 dona
2586 4596 2900 4652 hominibus
2958 4596 3173 4668 (Ep/tes.
3229 4612 3306 4666 Iv,
3340 4598 3395 4663 8,
3427 4600 3482 4650 et
3516 4598 3662 4651 Psal.
3696 4614 3871 4663 vau,

2218 4686 2329 4758 19).
2367 4690 2497 4740 Hac
2535 4686 2688 4739 dona
2718 4690 2856 4739 sunt
2887 4685 3094 4739 merita
3124 4689 3345 4750 nostra,
3369 4685 3587 4756 quibus
3609 4685 3679 4740 ad
3706 4702 3879 4740 sum-

2218 4792 2379 4830 mum
2434 4776 2652 4829 bonum
2709 4772 3063 4828 immortalis
3107 4773 3491 4829 beatitudinis
3524 4774 3545 4808 ²
3606 4776 3879 4844 perveni-

2218 4881 2369 4919 mus.
2406 4864 2758 4919 Commendat
2794 4873 2999 4931 autem,
3033 4863 3225 4933 inquit
3254 4862 3589 4933 Apostolus,
3622 4864 3875 4921 charito-

2216 4967 2326 5013 tem
2355 4972 2512 5011 suam
2541 4957 2683 5010 Deus
2717 4957 2777 5010 in
2804 4957 2981 5021 nobis,
3016 4956 3274 5025 quoniam
3304 4970 3430 5009 cum
3458 4954 3635 5009 adhuc
3672 4970 3873 5025 pecca-

2217 5050 2360 5101 tores
2391 5060 2640 5107 essemus,
2688 5043 2933 5099 Christus
2959 5059 3060 5115 pro
3091 5043 3245 5098 nobis
3291 5052 3539 5100 mortuus
3570 5046 3667 5098 est.
3700 5044 3875 5100 Multo

2216 5136 2389 5206 magis
2436 5132 2741 5205 justiﬁcati
2790 5150 2935 5189 nunc
3000 5134 3060 5187 in
3132 5133 3403 5203 sanguine
3456 5135 3668 5204 ipsius,
3725 5135 3879 5190 salvi

2215 5226 2422 5279 erimus
2492 5222 2557 5277 ab
2633 5222 2727 5276 ira
2805 5237 2909 5293 per
2982 5222 3192 5292 ipsum.
3252 5220 3459 5277 Adhuc
3530 5221 3736 5291 addit,
3817 5226 3879 5278 et

2217 5313 2375 5379 dicit,
2436 5311 2496 5367 Si
2548 5312 2696 5365 enim
2753 5328 2877 5366 cum
2925 5312 3143 5365 inimici
3198 5326 3455 5379 essemus,
3512 5311 3873 5365 reconciliati

2214 5417 2401 5455 sumus
2431 5402 2532 5456 Deo
2552 5416 2650 5470 per
2680 5403 2909 5454 mortem
2938 5399 3072 5453 Filii
3101 5400 3239 5469 ejus;
3279 5399 3451 5453 multo
3480 5400 3654 5469 magis
3687 5416 3876 5455 recon-

2213 5491 2416 5557 ciliati,
2447 5490 2587 5544 salvi
2614 5490 2826 5544 erimus
2856 5489 2917 5542 in
2950 5489 3056 5542 vita
3088 5489 3281 5559 ipsius.
3329 5490 3483 5552 Quos
3533 5492 3875 5559 peccatores

2278 5733 2295 5766 ί
2330 5730 2412 5779 Er.
2445 5732 2496 5779 et
2524 5730 2666 5789 Lov.,
2692 5730 2886 5791 praeter
2915 5727 3101 5778 animo:
3128 5741 3232 5777 sua
3265 5729 3465 5778 natura
3501 5726 3873 5779 detrimentum

2213 5794 2393 5852 Abest,
2420 5793 2603 5841 animae
2624 5806 2654 5842 a
2682 5792 2805 5842 Mss.
2837 5795 2889 5841 et
2920 5791 3155 5842 editione
3177 5792 3296 5843 Am.

2276 5859 2297 5892 ³
2322 5855 2408 5911 Sic
2436 5855 2561 5911 Μοε.
2588 5854 2742 5921 Editi,
2775 5868 2921 5919 vero,
2949 5853 3357 5913 immortalitatis
3383 5853 3431 5911 et
3483 5852 3844 5910 beatitudinu.
