4160 6482
202 388 336 452 1037

200 528 310 583 suis
341 525 491 580 mala
522 524 771 598 quisque
801 525 1023 597 patitur
1044 528 1110 580 ut
1139 525 1615 597 corrigatur,dici
1639 524 1822 579 soleat

203 615 506 688 disciplina.
545 614 703 670 Unde
732 614 875 669 illud
909 620 998 670 est
1027 615 1083 669 in
1116 614 1375 687 Epistola
1422 614 1493 669 ad
1530 615 1815 677 Hebraeos,

199 708 320 775 Quis
340 707 482 760 enim
498 713 574 759 est
594 705 865 775 ﬁlius,cui
874 720 983 760 non
1003 706 1095 759 det
1114 702 1479 775 disciplinam
1498 708 1655 774 pater
1670 703 1787 774 ejus
1803 706 1828 756 .9

198 799 251 849 et
277 793 409 849 illud
443 793 766 849 evidentius
790 793 848 847 in
874 794 1101 862 eadem,
1127 793 1314 848 Omnis
1342 794 1492 848 enim
1520 792 1589 846 ad
1611 800 1824 863 tempus

198 880 487 954 disciplina
504 898 613 937 non
630 882 833 954 gaudii
850 882 1063 937 videtur
1076 898 1208 947 esse,
1231 881 1322 937 sed
1343 882 1587 937 tristitiae
1606 898 1625 934 :
1643 889 1826 951 postea

195 988 309 1028 vero
326 973 574 1045 fructum
592 971 885 1042 paciﬁcum
908 973 980 1027 iis
1001 974 1097 1043 qui
1112 988 1214 1043 per
1231 987 1351 1027 eam
1371 974 1673 1036 certarunt,
1698 969 1822 1025 red-

197 1061 277 1117 det
279 1061 510 1133 justitiae
524 1060 704 1129 (Hebr.
720 1062 889 1128 111,7,
908 1061 932 1114 1
948 1061 1016 1131 1).
1038 1062 1185 1116 Deus
1199 1076 1333 1132 ergo
1348 1059 1472 1131 ipse
1485 1075 1719 1115 summa
1732 1075 1823 1114 sa-

194 1149 623 1222 pientia,cultus
637 1154 829 1205 autem
840 1148 934 1204 Dei
948 1148 1236 1221 sapientia
1249 1148 1695 1217 esthominis,de
1709 1164 1827 1220 qua

196 1256 339 1295 nunc
354 1238 672 1310 loquimur.
707 1239 853 1294 Nam
873 1240 1146 1309 sapientia
1176 1241 1345 1311 hujus
1374 1236 1571 1292 mundi
1590 1238 1827 1292 stultitia

196 1333 270 1384 est
295 1329 435 1401 apud
462 1329 633 1383 Deum
665 1329 708 1395 (Ι
744 1328 862 1383 Cor.
900 1342 988 1398 III,
1023 1328 1130 1397 19).
1164 1328 1495 1383 Secundum
1540 1327 1687 1382 hanc
1717 1326 1825 1381 ita-

195 1434 300 1490 que
344 1417 713 1490 sapientiam,
766 1434 894 1490 quae
946 1416 1044 1473 Dei
1092 1416 1285 1472 cultus
1334 1420 1442 1481 est,
1494 1415 1574 1471 ait
1623 1419 1826 1471 sancta

196 1506 483 1578 Scriptura
525 1524 537 1561 :
579 1506 869 1562 Multitudo
919 1507 1255 1578 sapieutium
1299 1506 1510 1561 sanitas
1556 1514 1635 1561 est
1681 1505 1827 1561 orbis

193 1605 455 1652 terrarum
484 1596 639 1668 (Sap.
672 1613 748 1666 v1,
778 1596 893 1663 26).

261 1687 310 1740 2.
342 1686 451 1741 Sed
484 1685 532 1741 si
565 1685 636 1740 de
667 1684 955 1756 sapientia
1000 1683 1301 1754 disputare
1330 1680 1683 1754 sapientium
1715 1684 1824 1745 est,

194 1775 324 1846 quid
348 1790 588 1847 agemus
602 1772 629 1827 ?
645 1773 1086 1845 Numquidnam
1104 1772 1361 1843 proﬁteri
1375 1769 1724 1825 audebimus
1741 1786 1828 1824 sa-

196 1854 575 1935 pientiam,ne
606 1862 682 1917 sit
703 1866 902 1917 nostra
918 1861 990 1915 de
1022 1859 1119 1915 illa
1138 1860 1448 1931 impudens
1469 1857 1829 1930 disputatio?

194 1953 385 2008 Nonne
406 1951 756 2007 terrebimur
780 1949 1044 2022 exemplo
1060 1948 1393 2021 Pythagoras
1412 1951 1434 2003 Ρ
1454 1947 1553 2019 qui
1575 1963 1704 2002 cum
1729 1963 1829 2002 au-

194 2059 290 2097 sus
321 2058 433 2097 non
464 2040 673 2096 fuisset
702 2038 1023 2110 sapientem
1049 2043 1063 2072 ι
1097 2037 1377 2110 proﬁteri,
1413 2035 1825 2107 philosophum

194 2132 403 2203 potius,
420 2130 472 2184 id
491 2134 579 2185 est
600 2132 921 2183 amatorem
941 2126 1237 2198 sapientia;
1261 2141 1322 2180 se
1345 2141 1472 2179 esse
1495 2124 1822 2195 respondit:

192 2238 226 2275 a
247 2236 355 2291 quo
368 2220 425 2274 id
451 2235 659 2274 nomen
675 2223 936 2273 exortum
952 2215 1031 2269 ita
1043 2216 1316 2286 deinceps
1330 2213 1575 2285 posteris
1589 2212 1826 2285 placuit,

194 2314 253 2364 ut
272 2307 631 2380 quantalibet
646 2308 717 2362 de
731 2306 905 2361 rebus
928 2306 995 2360 ad
1021 2304 1366 2376 sapientiam
1397 2301 1828 2374 pertinentibus

194 2397 451 2454 doctrina
466 2397 716 2467 quisque
735 2393 821 2450 vel
840 2393 950 2449 sibi
968 2392 1054 2448 vel
1074 2392 1204 2447 aliis
1220 2392 1514 2447 videretur
1528 2389 1826 2455 excellere,

192 2504 305 2543 non
332 2486 444 2542 nisi
476 2484 864 2557 philosophus
888 2486 1209 2538 vocaretur.
1231 2483 1316 2535 An
1350 2480 1477 2535 ideo
1504 2479 1828 2551 sapientem

194 2576 446 2649 proﬁteri
466 2574 672 2631 talium
700 2572 1007 2628 hominum
1033 2570 1230 2625 nullus
1245 2569 1516 2634 audebat,
1537 2569 1672 2640 quia
1704 2566 1830 2623 sine

196 2666 311 2723 ullo
338 2670 571 2738 peccato
604 2663 886 2736 putabant
914 2676 1043 2717 esse
1075 2659 1395 2731 sapientem
1418 2658 1445 2712 ‘I
1485 2661 1602 2712 Hoc
1632 2660 1828 2711 autem

194 2760 390 2812 nostra
419 2753 720 2824 Scriptura
742 2768 856 2805 non
889 2750 1049 2814 dicit,
1064 2765 1190 2821 quae
1222 2747 1361 2802 dicit
1380 2763 1391 2801 :
1413 2746 1600 2819 Argue
1618 2746 1831 2817 sapien-

191 2850 317 2913 tem,
350 2852 400 2899 et
427 2843 636 2898 amabit
666 2850 715 2897 te
746 2842 924 2912 (Prov.
960 2856 1035 2904 Ix,
1070 2838 1144 2909 8).
1194 2836 1453 2891 Profecto
1484 2836 1639 2890 enim
1663 2834 1829 2903 judi-

191 2940 285 2991 cat
314 2933 523 2988 habere
547 2936 870 3004 peccatum,
894 2944 1069 3000 quem
1099 2932 1294 2982 censet
1317 2925 1699 2997 arguendum.
1718 2923 1828 2977 Sed

190 3037 297 3093 ego
330 3035 433 3074 nec
463 3019 544 3073 sic
576 3016 810 3087 quidem
846 3013 1168 3085 sapientem
1202 3028 1294 3066 me
1315 3011 1499 3065 audeo
1530 3007 1828 3080 proﬁteri:

190 3109 333 3165 satis
364 3112 453 3163 est
484 3104 647 3170 mihi,
667 3105 821 3176 quod
853 3104 1027 3158 etiam
1045 3101 1158 3174 ipsi
1189 3116 1399 3171 negare
1416 3116 1529 3154 non
1564 3100 1828 3169 possunt,

190 3213 320 3255 esse
351 3197 525 3253 etiam
576 3192 926 3266 philosophi,
960 3191 1016 3246 id
1068 3195 1156 3246 est
1184 3187 1463 3245 amatoris
1510 3185 1830 3258 sapientiae,

188 3288 263 3343 de
294 3284 581 3357 sapientia
602 3283 916 3355 disputare.
936 3280 1059 3335 Non
1083 3279 1238 3334 enim
1263 3278 1370 3332 hoc
1395 3274 1477 3331 illi
1502 3276 1688 3330 facere
1709 3274 1832 3329 des-

188 3377 457 3441 titerunt,
486 3374 582 3444 qui
634 3388 695 3428 se
744 3374 1029 3425 amatores
1076 3366 1373 3440 sapientiae
1421 3365 1616 3437 potius
1660 3379 1831 3434 quam

187 3465 488 3538 sapientes
517 3478 645 3519 esse
678 3458 918 3533 professi
953 3462 1111 3514 sunt.

262 3555 316 3610 3.
342 3553 715 3625 Disputantes
733 3552 925 3604 autem
942 3549 1012 3603 de
1025 3543 1618 3619 sapientia,deﬁnieru
1628 3546 1689 3597 nt
1705 3556 1831 3596 eam

186 3644 452 3700 dicentes
476 3659 489 3697 :
523 3638 822 3712 Sapientia
850 3641 940 3693 est
969 3652 1162 3692 rerum
1187 3635 1577 3689 humanarum
1610 3630 1834 3686 divina-

187 3747 444 3803 rumque
458 3728 721 3786 scientia.
738 3726 899 3782 Unde
919 3742 1024 3796 ego
1038 3739 1270 3796 quoque
1293 3724 1351 3777 in
1367 3722 1513 3783 libro
1537 3718 1861 3791 superiore'

185 3825 580 3890 utrarumque
602 3833 793 3872 rerum
808 3812 1285 3888 cognitionem,id
1307 3810 1734 3867 estdivinarum
1755 3810 1837 3860 at-

187 3928 308 3982 que
348 3910 766 3972 humanarum,
797 3909 855 3959 et
901 3902 1248 3975 sapientiam
1280 3905 1337 3958 et
1382 3898 1687 3955 scientiam
1720 3894 1835 3951 dici

184 4014 367 4073 posse
397 4014 511 4053 non
543 3994 696 4051 tacui
728 3994 868 4065 (Lib.
919 4010 1043 4059 x111,
1074 4009 1234 4063 capp.
1271 3991 1321 4057 1,
1356 3990 1464 4061 19).
1491 3988 1705 4042 Verum
1740 4001 1834 4040 se—

183 4088 452 4145 cundum
475 4081 1075 4140 hancdistinctionem
1091 4096 1207 4152 qua
1219 4080 1363 4134 dixit
1381 4075 1710 4149 Apostolus,
1726 4074 1837 4129 Alii

178 4180 357 4234 datur
374 4191 554 4232 sermo
572 4171 995 4244 sapientiae,alii
1012 4185 1186 4225 sermo
1205 4170 1373 4224 scient
1383 4170 1454 4224 ἐκ
1467 4168 1507 4239 (Ι
1522 4163 1833 4234 Cor.xn,8);

180 4269 306 4325 ista
357 4262 616 4321 deﬁnitio
660 4260 969 4316 dividenda
1000 4263 1106 4325 est,
1149 4262 1214 4313 ut
1259 4272 1454 4311 rerum
1506 4254 1835 4309 divinarum

179 4356 440 4413 scientia
468 4350 700 4424 proprie
722 4347 1007 4420 sapientia
1028 4349 1420 4417 nuncupatur,
1439 4344 1833 4398 humanarum

178 4450 390 4501 autem
416 4441 646 4515 proprie
676 4437 931 4494 scientiae
965 4452 1177 4491 nomen
1195 4434 1486 4490 obtineat:
1508 4433 1580 4486 de
1603 4447 1719 4502 qua
1739 4445 1836 4484 vo-

178 4534 417 4591 lumine
434 4530 603 4587 tertio
622 4528 845 4584 decimo
861 4526 1173 4597 disputavi,
1194 4540 1307 4579 non
1326 4522 1528 4593 utique
1549 4518 1837 4591 quidquid

180 4623 333 4680 sciri
361 4622 433 4678 ab
464 4618 702 4675 homine
727 4619 917 4689 potest
939 4614 1000 4668 in
1024 4614 1197 4669 rebus
1220 4612 1517 4677 humanis,
1541 4610 1639 4665 ubi
1663 4607 1841 4679 pluri-

180 4728 361 4768 mum
394 4722 831 4781 supervacanea:
872 4703 1144 4758 vanitatis
1174 4706 1230 4757 et
1270 4701 1451 4756 noxia:
1483 4696 1840 4754 curiositatis

177 4807 305 4869 est,
340 4800 479 4855 huic
509 4796 767 4852 scientiae
800 4793 1085 4861 tribuens,
1121 4791 1219 4845 sed
1252 4789 1396 4843 illud
1430 4786 1839 4843 tantummodo

180 4908 311 4963 quo
348 4890 487 4943 ﬁdes
511 4883 919 4952 saluberrima,
945 4898 1070 4953 quas
1101 4880 1170 4935 ad
1196 4894 1389 4933 verum
1418 4876 1839 4932 beatitudinem

176 4981 380 5043 ducit,
412 4977 691 5048 gignitur,
708 4972 984 5039 nutritur,
1001 4969 1353 5033 defenditur,
1376 4967 1844 5035 roboratur:qua

174 5066 442 5125 scientia
465 5081 577 5119 non
600 5061 812 5133 pollent
828 5058 1026 5114 ﬁdeles
1043 5055 1574 5129 plurimi,quainvis
1588 5054 1845 5126 polleant

175 5159 323 5230 ipsa
338 5156 453 5210 ﬁde
467 5148 983 5225 plurimum.Aliud
1000 5146 1254 5202 estenim
1272 5145 1418 5199 scire
1436 5141 1844 5198 tantummodo

174 5246 337 5319 quid
374 5244 548 5299 homo
570 5240 803 5296 credere
823 5237 1030 5292 debeat
1052 5242 1282 5307 propter
1302 5233 1739 5304 adipiscendam
1761 5230 1845 5285 vi-

171 5343 313 5393 tam
353 5335 748 5399 beatam,qure
782 5343 896 5381 non
930 5324 1277 5381 nisimterna
1305 5327 1422 5378 est:
1445 5321 1599 5376 aliud
1626 5326 1848 5387 autem,

173 5426 350 5482 scire
368 5417 868 5494 quemadmodum
888 5415 997 5470 hoc
1015 5414 1210 5487 ipsum
1233 5418 1288 5468 et
1309 5411 1419 5484 piis
1443 5411 1778 5483 opituletur,
1794 5414 1851 5465 et

171 5518 399 5571 contra
429 5508 643 5581 impios
676 5504 1043 5571 defendatur,
1079 5520 1255 5574 quam
1290 5502 1519 5574 proprio
1563 5500 1852 5573 appellare

167 5598 478 5662 vocabulo
511 5594 825 5653 scientiam
847 5592 1075 5646 videtur
1098 5594 1423 5663 Apostolus.
1452 5595 1527 5645 De
1549 5607 1665 5661 qua
1687 5590 1851 5662 prius

170 5710 332 5753 cum
366 5691 657 5761 loquerer,
692 5683 884 5755 ipsam
917 5681 1206 5753 praecipue
1232 5682 1408 5737 ﬁdem
1439 5681 1855 5737 commendare

168 5780 425 5846 curavi,
458 5795 491 5835 a
520 5771 943 5847 temporalibus
965 5776 1178 5826 aeterna
1206 5771 1459 5828 breviter
1487 5777 1622 5829 ante
1642 5770 1850 5829 distin-

251 5884 275 5927 ι
309 5878 456 5939 Editl
488 5872 815 5942 sapientium.
840 5870 907 5923 At
936 5869 1078 5935 Mss,
1108 5871 1407 5938 sapientem.

1344 385 1578 451 LIBER
1620 386 1991 461 QUARTUS
2040 384 2408 451 DECIMUS.

3426 398 3584 461 1038

1933 540 2139 594 guens,
2173 530 2347 596 atque
2369 526 2447 581 ibi
2471 528 2539 583 de
2561 529 2983 601 temporalibus
3006 531 3301 589 disserens
3326 550 3338 590 :
3366 540 3581 591 aeterna

1932 627 2064 667 vero
2086 613 2144 667 in
2168 613 2326 669 hunc
2348 616 2561 672 librum
2585 618 3060 691 ditfcrons,etium
3077 622 3148 677 de
3160 623 3336 679 rebus
3349 624 3581 679 aeternis

1926 700 2101 755 ﬁdem
2124 704 2504 773 temporalem
2521 706 2844 778 quidem,et
2856 710 3323 781 temporaliterin
3341 714 3580 768 creden-

1926 788 2075 843 tium
2094 791 2368 848 cordibus
2388 794 2673 867 habitare,
2690 798 3079 855 necessariam
3100 804 3317 855 tamem
3342 806 3580 873 propter

1929 878 2305 950 adipiscenda
2335 881 2466 955 ipsa
2501 888 2719 941 aeterna
2747 902 2876 942 esse
2925 889 3244 944 monstravi
3275 890 3414 961 (Lib.
3448 906 3577 959 χιιι,

1929 982 2051 1039 cap.
2082 969 2160 1035 7).
2186 969 2383 1025 Fidem
2416 988 2650 1045 quoque
2677 973 2745 1030 de
2768 975 3187 1047 temporalibus
3210 978 3405 1045 rebus,
3426 994 3575 1051 quas

1929 1072 2033 1127 pro
2066 1057 2232 1113 nobis
2266 1064 2518 1116 aeternus
2567 1061 2721 1131 fecit,
2755 1071 2808 1119 et
2848 1080 3060 1134 passus
3089 1068 3180 1121 est
3226 1065 3285 1121 in
3318 1066 3575 1130 homine,

1931 1160 2103 1213 quem
2135 1150 2250 1202 tem
2259 1149 2535 1220 poraliter
2555 1152 2758 1223 gessit,
2774 1156 2952 1225 atque
2971 1153 3045 1209 ad
3067 1157 3281 1209 aeterna
3297 1155 3580 1226 provexit,

1930 1233 2000 1287 ad
2033 1236 2299 1292 eamdem
2350 1242 2698 1295 aeternorum
2732 1241 3100 1313 adeptionem
3152 1243 3429 1314 prodesse
3458 1244 3578 1300 dis-

1930 1322 2084 1378 serui
2119 1341 2131 1379 :
2164 1324 2529 1398 virtutesque
2571 1328 2749 1400 ipsas,
2782 1330 2999 1402 quibus
3030 1331 3087 1385 in
3120 1330 3228 1387 hac
3274 1332 3579 1405 temporali

1932 1411 2283 1469 mortalitate
2317 1416 2650 1485 prudenter,
2684 1417 2924 1483 fortiter,
2960 1422 3372 1491 temperanter,
3406 1426 3463 1476 et
3484 1421 3581 1492 ju-

1930 1503 2017 1555 ste
2043 1501 2279 1570 vivitur,
2294 1504 2406 1560 nisi
2429 1505 2497 1560 ad
2518 1506 2954 1572 eamdem,licet
2973 1508 3354 1579 temporalem
3377 1510 3579 1578 ﬁdem,

1931 1603 2057 1658 quae
2089 1593 2285 1647 tamen
2330 1593 2401 1647 ad
2449 1598 2665 1650 aeterna
2696 1595 2983 1668 perducit,
3018 1596 3364 1665 referantur,
3411 1614 3579 1654 veras

1934 1692 2047 1732 non
2080 1694 2209 1735 esse
2240 1681 2483 1738 virtutes
2515 1683 2701 1755 (Ibid.,
2733 1700 2853 1756 cap.
2884 1685 2997 1756 20).

2011 1769 2243 1826 CAPUT
2275 1771 2343 1826 II.
2388 1803 2454 1812 —
2502 1772 2554 1826 4.
2606 1774 2669 1828 1η
2716 1774 2850 1843 ﬁdei
2891 1775 3206 1846 temporalis
3251 1777 3575 1846 retentione,

1930 1864 2384 1935 contemplatione
2398 1878 2465 1917 ac
2484 1861 2781 1919 dilectione
2805 1864 3035 1919 trinitas
3052 1864 3420 1937 quaedamsed
3436 1881 3575 1921 non-

1931 1952 2062 2007 dum
2089 1952 2308 2024 proprie
2339 1952 2516 2022 imago
2546 1952 2662 2007 Dei.
2698 1953 3084 2025 Quapropter,
3114 1954 3390 2024 quoniam
3426 1954 3580 2010 sicut

1934 2042 2215 2113 scriptum
2239 2040 2823 2110 est,Quamdiusumus
2838 2043 2895 2096 in
2915 2044 3582 2114 corpore,peregrinamur

1932 2149 1967 2186 a
1986 2132 2213 2186 Domino
2228 2147 2249 2191 ,'
2265 2146 2365 2201 per
2384 2129 2546 2199 ﬁdem
2566 2131 2714 2185 enim
2733 2131 3009 2186 ambulam
3020 2147 3219 2201 us,non
3232 2148 3332 2204 per
3346 2133 3582 2204 speciem

1931 2221 2004 2293 (ll
2031 2222 2157 2277 Cor.
2182 2236 2237 2287 ν,
2268 2220 2321 2285 6,
2345 2220 2438 2290 7);
2475 2219 2729 2289 profecto
2752 2220 3031 2290 quamdiu
3048 2221 3248 2291 justus
3270 2237 3339 2276 ex
3360 2222 3472 2276 ﬁde
3493 2221 3579 2277 vi-

1930 2310 2011 2364 vit
2032 2311 2208 2381 (Rom.
2235 2325 2273 2378 1,
2300 2307 2411 2377 17),
2436 2306 2703 2379 quamvis
2734 2309 3058 2363 secundum
3105 2308 3400 2365 hominem
3429 2309 3578 2365 inte-

1933 2398 2144 2454 riorem
2171 2395 2486 2463 vivat,licct
2500 2412 2602 2468 per
2622 2396 3283 2469 eamdemtemporalem
3306 2398 3482 2453 ﬁdem
3501 2399 3575 2453 ad

1931 2488 2229 2543 veritatem
2256 2484 2561 2551 nitatur,et
2583 2485 2783 2541 tendat
2794 2486 2866 2541 ad
2889 2490 3325 2557 aaterna,tamen
3340 2485 3399 2540 in
3419 2486 3577 2557 ejus-

1932 2577 2062 2632 dem
2088 2574 2220 2630 ﬁdei
2243 2572 2583 2644 temporalis
2604 2573 3457 2647 retentione,contemplatione,
3487 2574 3575 2630 di-

1933 2664 2196 2731 lectione,
2222 2663 2483 2718 nondum
2506 2661 2639 2718 talis
2662 2666 2750 2717 est
2772 2662 3100 2728 trinitas,ut
3124 2663 3216 2718 Dei
3233 2664 3360 2734 jam
3379 2662 3572 2737 imago

1932 2754 2177 2808 dicenda
2197 2751 2272 2807 sit
2300 2769 2313 2807 :
2341 2767 2413 2806 ne
2436 2751 2493 2805 in
2516 2751 2690 2806 rebus
2711 2750 3129 2823 temporalibus
3150 2751 3467 2807 constituta
3487 2752 3573 2806 vi-

1933 2843 2290 2912 deatur,quse
2312 2840 2721 2895 constituenda
2740 2840 2896 2895 estin
2912 2841 3162 2896 aeternis.
3180 2846 3335 2897 Mens
3353 2841 3572 2912 quippe

1932 2932 2191 2987 humana
2208 2946 2339 2984 cum
2364 2929 2533 2983 ﬁdem
2560 2946 2726 2985 suam
2752 2929 2925 2993 videt,
2946 2946 3060 3001 qua
3074 2930 3260 2986 credit
3278 2930 3432 3002 quod
3452 2946 3570 2986 non

1930 3021 2105 3090 videt,
2141 3037 2252 3074 non
2297 3018 2516 3090 aliquid
2567 3018 2986 3089 sempiternum
3036 3017 3211 3074 videt.
3257 3019 3381 3074 Non
3413 3024 3572 3074 enim

1933 3124 2164 3180 semper
2193 3107 2302 3162 hoc
2332 3106 2460 3171 erit,
2486 3105 2638 3176 quod
2673 3105 2877 3177 utique
2899 3122 3011 3160 non
3045 3105 3173 3176 erit,
3206 3108 3439 3177 quando
3462 3107 3577 3163 ista

1934 3195 2398 3271 peregrinatione
2430 3194 2615 3261 ﬁnita,
2640 3211 2755 3265 qua
2779 3188 3222 3266 peregrinamur
3251 3212 3284 3251 a
3304 3194 3574 3265 Domino,

1935 3292 1999 3342 ut
2022 3302 2121 3358 per
2144 3284 2315 3339 ﬁdem
2340 3283 2640 3338 ambulare
2662 3299 2898 3339 necesse
2919 3283 3243 3355 sit,species
3265 3283 3364 3339 illa
3385 3300 3582 3340 succe-

1936 3377 2051 3441 det,
2069 3391 2170 3447 per
2190 3389 2365 3445 quam
2388 3372 2720 3428 videbimus
2744 3372 2887 3428 facie
2908 3372 2978 3428 ad
3010 3373 3213 3428 faciem
3238 3372 3284 3444 (Ι
3306 3372 3429 3429 Cor.
3451 3389 3578 3441 xm,

1937 3464 2026 3537 12)
2048 3480 2061 3518 :
2088 3463 2242 3519 sicut
2261 3461 2433 3517 modo
2457 3478 2570 3516 non
2591 3461 3077 3529 videntes,tamen
3101 3461 3239 3532 quia
3259 3460 3575 3525 credimus.

1933 3554 2127 3609 videre
2157 3550 2534 3618 merebimur,
2568 3553 2743 3621 atque
2772 3550 2844 3605 ad
2876 3549 3128 3622 speciem
3151 3566 3258 3605 nos
3278 3566 3381 3621 per
3399 3549 3577 3606 ﬁdem

1935 3642 2244 3715 perductos
2274 3654 2403 3694 esse
2433 3637 2839 3710 gaudebimus.
2864 3638 3063 3709 Neque
3091 3638 3245 3694 enim
3270 3638 3399 3709 jam
3430 3638 3575 3693 ﬁdes

1935 3731 2064 3795 erit,
2091 3745 2209 3801 qua
2237 3727 2549 3783 credantur
2568 3744 2697 3799 quae
2728 3743 2843 3781 non
2865 3726 3161 3796 videntur;
3195 3727 3294 3782 sed
3326 3726 3572 3798 species,

1937 3836 2053 3892 qua
2072 3818 2379 3873 videantur
2399 3832 2526 3887 qua:
2548 3815 2953 3871 credebantur.
2969 3816 3131 3871 Tunc
3154 3830 3290 3887 ergo
3312 3815 3419 3871 etsi
3445 3814 3573 3872 vitis

1934 3908 2115 3979 hujus
2130 3904 2392 3961 mortalis
2410 3907 2717 3960 transactis
2732 3903 3194 3970 meminerimus,
3216 3908 3273 3959 et
3288 3903 3575 3959 credidis-

1937 4016 1999 4055 se
2032 4014 2138 4052 nos
2179 3992 2492 4064 aliquando
2524 4010 2646 4064 quas
2680 4009 2795 4049 non
2844 3992 3210 4061 videbamus,
3241 3992 3577 4049 memoriter

1937 4085 2379 4148 recoluerimus,
2408 4081 2465 4136 in
2502 4080 2808 4154 praeteritis
2840 4085 3016 4153 atque
3047 4081 3361 4137 transactis
3390 4082 3574 4155 depu-

1937 4175 2154 4234 tabitur
2188 4172 2328 4228 ﬁdes
2360 4172 2490 4241 ista,
2523 4187 2637 4226 non
2683 4170 2742 4225 in
2774 4169 3157 4241 praesentibus
3202 4171 3375 4226 rebus
3420 4187 3576 4227 sem-

1939 4278 2157 4337 perque
2190 4259 2564 4315 manentihus
2598 4276 2610 4314 :
2645 4275 2709 4313 ac
2739 4275 2841 4330 per
2864 4258 2970 4313 hoc
3004 4258 3180 4313 etiam
3212 4257 3443 4314 trinitas
3464 4259 3582 4315 ista

1938 4371 2065 4426 quas
2097 4366 2250 4406 nunc
2280 4349 2338 4403 in
2371 4348 2635 4420 ejusdem
2677 4348 2812 4403 ﬁdei
2858 4348 3159 4418 praesentis
3186 4364 3253 4403 ac
3283 4348 3579 4404 manentis

1941 4440 2245 4505 memoria,
2277 4437 2565 4507 contuitu,
2598 4436 2904 4491 dilectione
2935 4436 3219 4503 consistit,
3248 4441 3388 4492 tunc
3418 4440 3577 4492 tran-

1941 4536 2100 4588 sacta
2130 4533 2187 4583 et
2218 4525 2508 4599 praeterita
2539 4525 2860 4597 reperietur
2888 4541 3037 4593 esse,
3061 4542 3177 4581 non
3210 4542 3581 4598 permanens.

1943 4622 2020 4676 Ex
2050 4634 2165 4691 quo
2199 4614 2508 4687 colligitur,
2541 4619 2606 4670 ut
2638 4614 2684 4670 si
2712 4615 2835 4685 jam
2862 4613 3056 4685 imago
3089 4614 3188 4671 Dei
3222 4620 3310 4671 est
3340 4614 3452 4669 ista
3479 4614 3583 4668 tri-
3648 4646 3653 4650 -

1942 4710 2118 4772 nitas,
2150 4706 2324 4761 etiam
2360 4704 2487 4775 ipsa
2518 4720 2631 4758 non
2665 4704 2722 4757 in
2754 4703 2839 4758 eis
2870 4719 2997 4773 quas
3029 4719 3260 4775 semper
3290 4708 3448 4770 sunt,
3482 4702 3583 4758 sed

1942 4799 2001 4853 in
2035 4797 2208 4852 rebus
2237 4794 2317 4849 sit
2346 4791 2617 4847 habenda
2645 4791 3112 4859 transeuntibus.

2013 4884 2241 4943 CAPUT
2271 4882 2367 4937 IlI.
2400 4912 2468 4921 —
2497 4881 2812 4952 Difﬁcultas
2843 4889 3042 4937 contra
3067 4881 3121 4935 id
3150 4879 3293 4952 quod
3334 4895 3463 4935 mox
3502 4879 3588 4954 di-

1944 4981 2090 5033 ctum
2107 4982 2202 5038 est,
2227 4971 2482 5026 diluitur.
2509 4970 2668 5025 Absit
2690 4973 2884 5025 autem
2909 4974 2972 5024 ut
2992 4986 3121 5024 cum
3148 4968 3353 5025 animae
3379 4971 3591 5023 natura

1947 5066 2023 5122 sit
2044 5059 2417 5130 immortalis,
2442 5074 2547 5114 nec
2570 5060 2641 5114 ab
2661 5059 2827 5114 initio
2851 5076 2963 5129 quo
2989 5063 3177 5114 creata
3199 5062 3305 5123 est,
3327 5072 3590 5128 unquam

1948 5153 2222 5222 deinceps
2243 5165 2371 5204 esse
2385 5147 2712 5214 desistat,id
2730 5164 2843 5218 quo
2867 5146 3009 5201 nihil
3036 5146 3249 5202 melius
3268 5146 3593 5210 habet,non

1949 5259 2081 5300 cum
2113 5241 2240 5312 ejus
2263 5236 2705 5293 immortalitate
2727 5237 3020 5306 perduret.
3046 5236 3193 5302 Quid
3229 5252 3359 5290 vero
3382 5234 3595 5291 melius

1950 5336 2008 5390 in
2025 5335 2152 5404 ejus
2166 5334 2377 5386 natura
2390 5332 2651 5383 creatum
2677 5331 2786 5386 est.
2804 5343 2980 5398 quam
2995 5329 3146 5397 quod
3172 5328 3240 5383 ad
3257 5326 3346 5381 sui
3362 5326 3597 5382 Creato-

1951 5424 2032 5479 ris
2062 5419 2379 5491 imaginem
2412 5417 2561 5471 facta
2604 5421 2693 5471 est
2724 5416 2878 5486 (Gen.
2914 5433 2954 5485 1,
2985 5415 3125 5484 27)?
3173 5416 3296 5472 Non
3328 5415 3508 5485 igitur
3538 5414 3599 5471 in

1952 5512 2086 5568 ﬁdei
2110 5507 2449 5573 retentione,
2473 5502 2985 5575 contemplatione,
3001 5504 3464 5575 dilectione,quae
3486 5519 3600 5558 non

1954 5602 2065 5658 erit
2095 5612 2346 5669 semper,
2380 5592 2480 5649 sed
2510 5592 2567 5646 in
2598 5608 2664 5647 eo
2695 5593 2847 5663 quod
2882 5609 3114 5665 semper
3145 5593 3273 5659 erit,
3298 5591 3600 5648 invenien-

1955 5691 2031 5747 da
2058 5693 2147 5745 est
2176 5702 2355 5759 quam
2388 5682 2502 5737 dici
2534 5684 2795 5752 oporteat
2826 5681 3141 5754 imaginem
3176 5682 3298 5738 Dei.

2026 5782 2080 5837 5.
2104 5780 2187 5835 An
2211 5776 2403 5833 adhuc
2426 5775 2621 5828 utrum
2649 5770 2731 5828 ita
2754 5788 2812 5827 se
2836 5788 2928 5828 res
2950 5772 3179 5843 habeat,
3196 5774 3495 5845 aliquanto
3518 5770 3602 5826 di-

1957 5870 2235 5950 ligentius
2248 5869 2423 5942 atque
2435 5859 2766 5923 abstrusius
2778 5860 3430 5940 perscrutabimur?Dici
3441 5858 3599 5922 enim
