  <div class='ocr_page' id='page_1' title='image "/cluster/home/n/w/nwhite01/storage/ocr_20150623/42/umn.31951d02850084t/523.png"; bbox 0 0 4160 6464; ppageno 0'>
   <div class='ocr_carea' id='block_1_1' title="bbox 529 398 686 458">
    <p class='ocr_par' dir='ltr' id='par_1_1' title="bbox 529 398 686 458">
     <span class='ocr_line' id='line_1_1' title="bbox 529 398 686 458; baseline -0.006 0"><span class='ocrx_word' id='word_1_1' title='bbox 529 398 686 458; x_wconf 84' lang='grc'>1039</span> 
     </span>
    </p>
   </div>
   <div class='ocr_carea' id='block_1_2' title="bbox 522 529 2165 603">
    <p class='ocr_par' dir='ltr' id='par_1_2' title="bbox 522 529 2165 603">
     <span class='ocr_line' id='line_1_2' title="bbox 522 529 2165 603; baseline -0.002 -17"><span class='ocrx_word' id='word_1_2' title='bbox 522 534 733 601; x_wconf 81' lang='lat' dir='ltr'>potest,</span> <span class='ocrx_word' id='word_1_3' title='bbox 750 548 862 587; x_wconf 90' lang='lat' dir='ltr'>non</span> <span class='ocrx_word' id='word_1_4' title='bbox 887 531 1073 603; x_wconf 87' lang='lat' dir='ltr'>perire</span> <span class='ocrx_word' id='word_1_5' title='bbox 1094 530 1268 588; x_wconf 88' lang='lat' dir='ltr'>istam</span> <span class='ocrx_word' id='word_1_6' title='bbox 1286 530 1632 597; x_wconf 81' lang='lat' dir='ltr'>trinitatem,</span> <span class='ocrx_word' id='word_1_7' title='bbox 1655 530 1829 586; x_wconf 91' lang='lat' dir='ltr'>etiam</span> <span class='ocrx_word' id='word_1_8' title='bbox 1857 545 1990 585; x_wconf 93' lang='lat' dir='ltr'>cum</span> <span class='ocrx_word' id='word_1_9' title='bbox 2022 529 2165 584; x_wconf 82' lang='lat' dir='ltr'>fides</span> 
     </span>
    </p>
   </div>
   <div class='ocr_carea' id='block_1_3' title="bbox 519 618 2162 691">
    <p class='ocr_par' dir='ltr' id='par_1_3' title="bbox 519 618 2162 691">
     <span class='ocr_line' id='line_1_3' title="bbox 519 618 2162 691; baseline 0 -20"><span class='ocrx_word' id='word_1_10' title='bbox 519 620 646 690; x_wconf 89' lang='lat' dir='ltr'>ipsa</span> <span class='ocrx_word' id='word_1_11' title='bbox 663 620 985 675; x_wconf 88' lang='lat' dir='ltr'>transierit:</span> <span class='ocrx_word' id='word_1_12' title='bbox 1012 621 1148 691; x_wconf 88' lang='lat' dir='ltr'>quia</span> <span class='ocrx_word' id='word_1_13' title='bbox 1171 621 1323 676; x_wconf 84' lang='lat' dir='ltr'>sicut</span> <span class='ocrx_word' id='word_1_14' title='bbox 1347 636 1499 675; x_wconf 90' lang='lat' dir='ltr'>nunc</span> <span class='ocrx_word' id='word_1_15' title='bbox 1522 636 1645 675; x_wconf 90' lang='lat' dir='ltr'>eam</span> <span class='ocrx_word' id='word_1_16' title='bbox 1687 624 1742 674; x_wconf 92' lang='lat' dir='ltr'>et</span> <span class='ocrx_word' id='word_1_17' title='bbox 1778 618 2061 674; x_wconf 81' lang='lat' dir='ltr'>memoria</span> <span class='ocrx_word' id='word_1_18' title='bbox 2080 622 2162 672; x_wconf 89' lang='lat' dir='ltr'>te-</span> 
     </span>
    </p>
   </div>
   <div class='ocr_carea' id='block_1_4' title="bbox 519 704 2163 780">
    <p class='ocr_par' dir='ltr' id='par_1_4' title="bbox 519 704 2163 780">
     <span class='ocr_line' id='line_1_4' title="bbox 519 704 2163 780; baseline -0.002 -19"><span class='ocrx_word' id='word_1_19' title='bbox 519 723 748 773; x_wconf 84' lang='lat' dir='ltr'>nemus,</span> <span class='ocrx_word' id='word_1_20' title='bbox 774 713 829 763; x_wconf 91' lang='lat' dir='ltr'>et</span> <span class='ocrx_word' id='word_1_21' title='bbox 849 709 1195 780; x_wconf 80' lang='lat' dir='ltr'>cogitatione</span> <span class='ocrx_word' id='word_1_22' title='bbox 1235 709 1547 776; x_wconf 88' lang='lat' dir='ltr'>cernimus,</span> <span class='ocrx_word' id='word_1_23' title='bbox 1571 712 1629 763; x_wconf 91' lang='lat' dir='ltr'>et</span> <span class='ocrx_word' id='word_1_24' title='bbox 1649 706 1942 763; x_wconf 79' lang='lat' dir='ltr'>voluntate</span> <span class='ocrx_word' id='word_1_25' title='bbox 1973 704 2163 776; x_wconf 90' lang='lat' dir='ltr'>diligi-</span> 
     </span>
    </p>
   </div>
   <div class='ocr_carea' id='block_1_5' title="bbox 519 792 2165 861">
    <p class='ocr_par' dir='ltr' id='par_1_5' title="bbox 519 792 2165 861">
     <span class='ocr_line' id='line_1_5' title="bbox 519 792 2165 861; baseline -0.001 -13"><span class='ocrx_word' id='word_1_26' title='bbox 519 809 671 861; x_wconf 88' lang='lat' dir='ltr'>mus;</span> <span class='ocrx_word' id='word_1_27' title='bbox 702 795 781 850; x_wconf 89' lang='lat' dir='ltr'>ita</span> <span class='ocrx_word' id='word_1_28' title='bbox 801 797 1137 851; x_wconf 89' lang='lat' dir='ltr'>etiamtunc</span> <span class='ocrx_word' id='word_1_29' title='bbox 1158 812 1293 851; x_wconf 93' lang='lat' dir='ltr'>eum</span> <span class='ocrx_word' id='word_1_30' title='bbox 1311 812 1435 851; x_wconf 92' lang='lat' dir='ltr'>eam</span> <span class='ocrx_word' id='word_1_31' title='bbox 1459 812 1564 849; x_wconf 89' lang='lat' dir='ltr'>nos</span> <span class='ocrx_word' id='word_1_32' title='bbox 1587 795 1862 849; x_wconf 84' lang='lat' dir='ltr'>habuisse</span> <span class='ocrx_word' id='word_1_33' title='bbox 1884 792 2165 848; x_wconf 81' lang='lat' dir='ltr'>memoria</span> 
     </span>
    </p>
   </div>
   <div class='ocr_carea' id='block_1_6' title="bbox 516 882 2163 955">
    <p class='ocr_par' dir='ltr' id='par_1_6' title="bbox 516 882 2163 955">
     <span class='ocr_line' id='line_1_6' title="bbox 516 882 2163 955; baseline -0.001 -18"><span class='ocrx_word' id='word_1_34' title='bbox 516 883 868 954; x_wconf 85' lang='lat' dir='ltr'>tenebimus,</span> <span class='ocrx_word' id='word_1_35' title='bbox 900 889 956 939; x_wconf 89' lang='lat' dir='ltr'>et</span> <span class='ocrx_word' id='word_1_36' title='bbox 979 884 1320 951; x_wconf 90' lang='lat' dir='ltr'>recolemus,</span> <span class='ocrx_word' id='word_1_37' title='bbox 1344 890 1400 939; x_wconf 90' lang='lat' dir='ltr'>et</span> <span class='ocrx_word' id='word_1_38' title='bbox 1412 884 1519 939; x_wconf 92' lang='lat' dir='ltr'>hoc</span> <span class='ocrx_word' id='word_1_39' title='bbox 1541 889 1855 955; x_wconf 90' lang='lat' dir='ltr'>utrumque</span> <span class='ocrx_word' id='word_1_40' title='bbox 1874 882 2042 937; x_wconf 88' lang='lat' dir='ltr'>tertia</span> <span class='ocrx_word' id='word_1_41' title='bbox 2070 897 2163 935; x_wconf 89' lang='lat' dir='ltr'>vo-</span> 
     </span>
    </p>
   </div>
   <div class='ocr_carea' id='block_1_7' title="bbox 518 969 2161 1043">
    <p class='ocr_par' dir='ltr' id='par_1_7' title="bbox 518 969 2161 1043">
     <span class='ocr_line' id='line_1_7' title="bbox 518 969 2161 1043; baseline -0.001 -18"><span class='ocrx_word' id='word_1_42' title='bbox 518 969 741 1027; x_wconf 87' lang='lat' dir='ltr'>luntate</span> <span class='ocrx_word' id='word_1_43' title='bbox 763 974 1102 1043; x_wconf 73' lang='lat' dir='ltr'>jungemus,</span> <span class='ocrx_word' id='word_1_44' title='bbox 1128 973 1329 1028; x_wconf 90' lang='lat' dir='ltr'>eadem</span> <span class='ocrx_word' id='word_1_45' title='bbox 1351 972 1583 1028; x_wconf 83' lang='lat' dir='ltr'>trinitas</span> <span class='ocrx_word' id='word_1_46' title='bbox 1608 970 1986 1043; x_wconf 88' lang='lat' dir='ltr'>permanebit.</span> <span class='ocrx_word' id='word_1_47' title='bbox 2012 971 2161 1035; x_wconf 88' lang='lat' dir='ltr'>Quo-</span> 
     </span>
    </p>
   </div>
   <div class='ocr_carea' id='block_1_8' title="bbox 520 1060 2159 1133">
    <p class='ocr_par' dir='ltr' id='par_1_8' title="bbox 520 1060 2159 1133">
     <span class='ocr_line' id='line_1_8' title="bbox 520 1060 2159 1133; baseline 0.001 -19"><span class='ocrx_word' id='word_1_48' title='bbox 520 1062 677 1115; x_wconf 90' lang='lat' dir='ltr'>niam</span> <span class='ocrx_word' id='word_1_49' title='bbox 710 1062 759 1116; x_wconf 90' lang='lat' dir='ltr'>si</span> <span class='ocrx_word' id='word_1_50' title='bbox 791 1061 1017 1117; x_wconf 90' lang='lat' dir='ltr'>nullum</span> <span class='ocrx_word' id='word_1_51' title='bbox 1048 1063 1105 1116; x_wconf 91' lang='lat' dir='ltr'>in</span> <span class='ocrx_word' id='word_1_52' title='bbox 1133 1062 1301 1117; x_wconf 90' lang='lat' dir='ltr'>nobis</span> <span class='ocrx_word' id='word_1_53' title='bbox 1323 1062 1493 1133; x_wconf 89' lang='lat' dir='ltr'>quasi</span> <span class='ocrx_word' id='word_1_54' title='bbox 1520 1061 1827 1131; x_wconf 77' lang='lat' dir='ltr'>vestigium</span> <span class='ocrx_word' id='word_1_55' title='bbox 1866 1060 2159 1115; x_wconf 87' lang='lat' dir='ltr'>transiens</span> 
     </span>
    </p>
   </div>
   <div class='ocr_carea' id='block_1_9' title="bbox 517 1146 2156 1222">
    <p class='ocr_par' dir='ltr' id='par_1_9' title="bbox 517 1146 2156 1222">
     <span class='ocr_line' id='line_1_9' title="bbox 517 1146 2156 1222; baseline 0 -20"><span class='ocrx_word' id='word_1_56' title='bbox 517 1148 835 1220; x_wconf 83' lang='lat' dir='ltr'>reliquerit,</span> <span class='ocrx_word' id='word_1_57' title='bbox 861 1151 1115 1222; x_wconf 88' lang='lat' dir='ltr'>profecto</span> <span class='ocrx_word' id='word_1_58' title='bbox 1140 1167 1244 1206; x_wconf 90' lang='lat' dir='ltr'>nec</span> <span class='ocrx_word' id='word_1_59' title='bbox 1261 1150 1321 1205; x_wconf 92' lang='lat' dir='ltr'>in</span> <span class='ocrx_word' id='word_1_60' title='bbox 1344 1149 1625 1205; x_wconf 84' lang='lat' dir='ltr'>memoria</span> <span class='ocrx_word' id='word_1_61' title='bbox 1646 1153 1845 1205; x_wconf 91' lang='lat' dir='ltr'>nostra</span> <span class='ocrx_word' id='word_1_62' title='bbox 1887 1149 2015 1219; x_wconf 87' lang='lat' dir='ltr'>ejus</span> <span class='ocrx_word' id='word_1_63' title='bbox 2051 1146 2156 1203; x_wconf 88' lang='lat' dir='ltr'>ali-</span> 
     </span>
    </p>
   </div>
   <div class='ocr_carea' id='block_1_10' title="bbox 514 1237 2155 1311">
    <p class='ocr_par' dir='ltr' id='par_1_10' title="bbox 514 1237 2155 1311">
     <span class='ocr_line' id='line_1_10' title="bbox 514 1237 2155 1311; baseline 0.001 -20"><span class='ocrx_word' id='word_1_64' title='bbox 514 1238 656 1308; x_wconf 91' lang='lat' dir='ltr'>quid</span> <span class='ocrx_word' id='word_1_65' title='bbox 689 1238 1034 1294; x_wconf 90' lang='lat' dir='ltr'>habebimus</span> <span class='ocrx_word' id='word_1_66' title='bbox 1078 1256 1192 1311; x_wconf 92' lang='lat' dir='ltr'>quo</span> <span class='ocrx_word' id='word_1_67' title='bbox 1247 1255 1616 1294; x_wconf 83' lang='lat' dir='ltr'>recurremus</span> <span class='ocrx_word' id='word_1_68' title='bbox 1645 1254 1772 1294; x_wconf 89' lang='lat' dir='ltr'>eam</span> <span class='ocrx_word' id='word_1_69' title='bbox 1804 1237 2155 1310; x_wconf 60' lang='lat' dir='ltr'>praeteritam</span> 
     </span>
    </p>
   </div>
   <div class='ocr_carea' id='block_1_11' title="bbox 511 1327 2153 1400">
    <p class='ocr_par' dir='ltr' id='par_1_11' title="bbox 511 1327 2153 1400">
     <span class='ocr_line' id='line_1_11' title="bbox 511 1327 2153 1400; baseline 0.001 -19"><span class='ocrx_word' id='word_1_70' title='bbox 511 1327 903 1399; x_wconf 85' lang='lat' dir='ltr'>recordantes,</span> <span class='ocrx_word' id='word_1_71' title='bbox 918 1334 1092 1400; x_wconf 90' lang='lat' dir='ltr'>atque</span> <span class='ocrx_word' id='word_1_72' title='bbox 1110 1328 1166 1382; x_wconf 90' lang='lat' dir='ltr'>id</span> <span class='ocrx_word' id='word_1_73' title='bbox 1185 1333 1501 1399; x_wconf 91' lang='lat' dir='ltr'>utrumque</span> <span class='ocrx_word' id='word_1_74' title='bbox 1529 1328 1849 1383; x_wconf 88' lang='lat' dir='ltr'>intentione</span> <span class='ocrx_word' id='word_1_75' title='bbox 1867 1327 2033 1383; x_wconf 83' lang='lat' dir='ltr'>tertia</span> <span class='ocrx_word' id='word_1_76' title='bbox 2059 1343 2153 1382; x_wconf 91' lang='lat' dir='ltr'>co-</span> 
     </span>
    </p>
   </div>
   <div class='ocr_carea' id='block_1_12' title="bbox 510 1414 2155 1489">
    <p class='ocr_par' dir='ltr' id='par_1_12' title="bbox 510 1414 2155 1489">
     <span class='ocr_line' id='line_1_12' title="bbox 510 1414 2155 1489; baseline 0.002 -20"><span class='ocrx_word' id='word_1_77' title='bbox 510 1414 800 1485; x_wconf 90' lang='lat' dir='ltr'>pulantes,</span> <span class='ocrx_word' id='word_1_78' title='bbox 825 1422 881 1471; x_wconf 93' lang='lat' dir='ltr'>et</span> <span class='ocrx_word' id='word_1_79' title='bbox 903 1418 1057 1489; x_wconf 90' lang='lat' dir='ltr'>quod</span> <span class='ocrx_word' id='word_1_80' title='bbox 1083 1423 1207 1472; x_wconf 88' lang='lat' dir='ltr'>erat</span> <span class='ocrx_word' id='word_1_81' title='bbox 1228 1416 1449 1472; x_wconf 86' lang='lat' dir='ltr'>scilicet</span> <span class='ocrx_word' id='word_1_82' title='bbox 1468 1416 1526 1471; x_wconf 89' lang='lat' dir='ltr'>in</span> <span class='ocrx_word' id='word_1_83' title='bbox 1560 1415 1862 1484; x_wconf 88' lang='lat' dir='ltr'>memoria,</span> <span class='ocrx_word' id='word_1_84' title='bbox 1883 1432 1999 1472; x_wconf 89' lang='lat' dir='ltr'>non</span> <span class='ocrx_word' id='word_1_85' title='bbox 2017 1415 2155 1472; x_wconf 90' lang='lat' dir='ltr'>inde</span> 
     </span>
    </p>
   </div>
   <div class='ocr_carea' id='block_1_13' title="bbox 507 1504 2150 1577">
    <p class='ocr_par' dir='ltr' id='par_1_13' title="bbox 507 1504 2150 1577">
     <span class='ocr_line' id='line_1_13' title="bbox 507 1504 2150 1577; baseline 0.001 -19"><span class='ocrx_word' id='word_1_86' title='bbox 507 1504 899 1574; x_wconf 83' lang='lat' dir='ltr'>cogitantibus</span> <span class='ocrx_word' id='word_1_87' title='bbox 915 1506 1102 1575; x_wconf 90' lang='lat' dir='ltr'>nobis,</span> <span class='ocrx_word' id='word_1_88' title='bbox 1124 1511 1182 1561; x_wconf 92' lang='lat' dir='ltr'>et</span> <span class='ocrx_word' id='word_1_89' title='bbox 1216 1506 1370 1577; x_wconf 92' lang='lat' dir='ltr'>quod</span> <span class='ocrx_word' id='word_1_90' title='bbox 1395 1505 1529 1562; x_wconf 91' lang='lat' dir='ltr'>inde</span> <span class='ocrx_word' id='word_1_91' title='bbox 1558 1504 1905 1577; x_wconf 85' lang='lat' dir='ltr'>cogitatione</span> <span class='ocrx_word' id='word_1_92' title='bbox 1938 1505 2150 1560; x_wconf 84' lang='lat' dir='ltr'>forma-</span> 
     </span>
    </p>
   </div>
   <div class='ocr_carea' id='block_1_14' title="bbox 506 1593 2149 1665">
    <p class='ocr_par' dir='ltr' id='par_1_14' title="bbox 506 1593 2149 1665">
     <span class='ocr_line' id='line_1_14' title="bbox 506 1593 2149 1665; baseline 0.002 -19"><span class='ocrx_word' id='word_1_93' title='bbox 506 1596 624 1647; x_wconf 88' lang='lat' dir='ltr'>tur.</span> <span class='ocrx_word' id='word_1_94' title='bbox 657 1593 766 1648; x_wconf 90' lang='lat' dir='ltr'>Sed</span> <span class='ocrx_word' id='word_1_95' title='bbox 816 1594 916 1665; x_wconf 90' lang='lat' dir='ltr'>qui</span> <span class='ocrx_word' id='word_1_96' title='bbox 950 1594 1057 1650; x_wconf 92' lang='lat' dir='ltr'>hoc</span> <span class='ocrx_word' id='word_1_97' title='bbox 1090 1595 1253 1665; x_wconf 89' lang='lat' dir='ltr'>dicit,</span> <span class='ocrx_word' id='word_1_98' title='bbox 1281 1611 1395 1649; x_wconf 93' lang='lat' dir='ltr'>non</span> <span class='ocrx_word' id='word_1_99' title='bbox 1440 1594 1721 1650; x_wconf 88' lang='lat' dir='ltr'>discernit</span> <span class='ocrx_word' id='word_1_100' title='bbox 1768 1593 1943 1650; x_wconf 90' lang='lat' dir='ltr'>aliam</span> <span class='ocrx_word' id='word_1_101' title='bbox 1994 1610 2149 1649; x_wconf 91' lang='lat' dir='ltr'>nunc</span> 
     </span>
    </p>
   </div>
   <div class='ocr_carea' id='block_1_15' title="bbox 505 1685 2147 1757">
    <p class='ocr_par' dir='ltr' id='par_1_15' title="bbox 505 1685 2147 1757">
     <span class='ocr_line' id='line_1_15' title="bbox 505 1685 2147 1757; baseline 0.001 -19"><span class='ocrx_word' id='word_1_102' title='bbox 505 1700 633 1739; x_wconf 91' lang='lat' dir='ltr'>esse</span> <span class='ocrx_word' id='word_1_103' title='bbox 660 1685 1001 1751; x_wconf 88' lang='lat' dir='ltr'>trinitatem,</span> <span class='ocrx_word' id='word_1_104' title='bbox 1026 1685 1260 1755; x_wconf 87' lang='lat' dir='ltr'>quando</span> <span class='ocrx_word' id='word_1_105' title='bbox 1284 1690 1626 1757; x_wconf 67' lang='lat' dir='ltr'>praesentem</span> <span class='ocrx_word' id='word_1_106' title='bbox 1660 1686 1833 1739; x_wconf 81' lang='lat' dir='ltr'>fidem</span> <span class='ocrx_word' id='word_1_107' title='bbox 1858 1690 2147 1753; x_wconf 92' lang='lat' dir='ltr'>tenemus,</span> 
     </span>
    </p>
   </div>
   <div class='ocr_carea' id='block_1_16' title="bbox 503 1772 2146 1843">
    <p class='ocr_par' dir='ltr' id='par_1_16' title="bbox 503 1772 2146 1843">
     <span class='ocr_line' id='line_1_16' title="bbox 503 1772 2146 1843; baseline 0.001 -18"><span class='ocrx_word' id='word_1_108' title='bbox 503 1772 791 1840; x_wconf 87' lang='lat' dir='ltr'>videmus,</span> <span class='ocrx_word' id='word_1_109' title='bbox 825 1790 1093 1829; x_wconf 90' lang='lat' dir='ltr'>amamus</span> <span class='ocrx_word' id='word_1_110' title='bbox 1123 1773 1180 1827; x_wconf 93' lang='lat' dir='ltr'>in</span> <span class='ocrx_word' id='word_1_111' title='bbox 1228 1774 1422 1840; x_wconf 86' lang='lat' dir='ltr'>nobis;</span> <span class='ocrx_word' id='word_1_112' title='bbox 1470 1774 1644 1827; x_wconf 88' lang='lat' dir='ltr'>aliam</span> <span class='ocrx_word' id='word_1_113' title='bbox 1690 1778 1830 1828; x_wconf 90' lang='lat' dir='ltr'>tunc</span> <span class='ocrx_word' id='word_1_114' title='bbox 1871 1774 2146 1843; x_wconf 73' lang='lat' dir='ltr'>futuram,</span> 
     </span>
    </p>
   </div>
   <div class='ocr_carea' id='block_1_17' title="bbox 506 1861 2147 1933">
    <p class='ocr_par' dir='ltr' id='par_1_17' title="bbox 506 1861 2147 1933">
     <span class='ocr_line' id='line_1_17' title="bbox 506 1861 2147 1933; baseline 0.002 -19"><span class='ocrx_word' id='word_1_115' title='bbox 506 1863 739 1932; x_wconf 84' lang='lat' dir='ltr'>quando</span> <span class='ocrx_word' id='word_1_116' title='bbox 774 1877 887 1916; x_wconf 91' lang='lat' dir='ltr'>non</span> <span class='ocrx_word' id='word_1_117' title='bbox 919 1863 1130 1933; x_wconf 87' lang='lat' dir='ltr'>ipsam,</span> <span class='ocrx_word' id='word_1_118' title='bbox 1145 1862 1241 1917; x_wconf 91' lang='lat' dir='ltr'>sed</span> <span class='ocrx_word' id='word_1_119' title='bbox 1263 1862 1390 1932; x_wconf 86' lang='lat' dir='ltr'>ejus</span> <span class='ocrx_word' id='word_1_120' title='bbox 1418 1861 2000 1932; x_wconf 84' lang='lat' dir='ltr'>velutimaginarium</span> <span class='ocrx_word' id='word_1_121' title='bbox 2023 1879 2147 1917; x_wconf 90' lang='lat' dir='ltr'>ves-</span> 
     </span>
    </p>
   </div>
   <div class='ocr_carea' id='block_1_18' title="bbox 502 1950 2147 2021">
    <p class='ocr_par' dir='ltr' id='par_1_18' title="bbox 502 1950 2147 2021">
     <span class='ocr_line' id='line_1_18' title="bbox 502 1950 2147 2021; baseline 0.002 -18"><span class='ocrx_word' id='word_1_122' title='bbox 502 1950 710 2021; x_wconf 90' lang='lat' dir='ltr'>tigium</span> <span class='ocrx_word' id='word_1_123' title='bbox 738 1951 794 2005; x_wconf 88' lang='lat' dir='ltr'>in</span> <span class='ocrx_word' id='word_1_124' title='bbox 830 1950 1109 2006; x_wconf 85' lang='lat' dir='ltr'>memoria</span> <span class='ocrx_word' id='word_1_125' title='bbox 1140 1951 1525 2016; x_wconf 88' lang='lat' dir='ltr'>reconditum,</span> <span class='ocrx_word' id='word_1_126' title='bbox 1575 1950 1971 2007; x_wconf 86' lang='lat' dir='ltr'>recordatione</span> <span class='ocrx_word' id='word_1_127' title='bbox 2015 1968 2147 2007; x_wconf 89' lang='lat' dir='ltr'>con—</span> 
     </span>
    </p>
   </div>
   <div class='ocr_carea' id='block_1_19' title="bbox 500 2038 2148 2111">
    <p class='ocr_par' dir='ltr' id='par_1_19' title="bbox 500 2038 2148 2111">
     <span class='ocr_line' id='line_1_19' title="bbox 500 2038 2148 2111; baseline 0.004 -19"><span class='ocrx_word' id='word_1_128' title='bbox 500 2039 821 2107; x_wconf 91' lang='lat' dir='ltr'>tuebimur,</span> <span class='ocrx_word' id='word_1_129' title='bbox 855 2044 910 2094; x_wconf 89' lang='lat' dir='ltr'>et</span> <span class='ocrx_word' id='word_1_130' title='bbox 939 2040 1053 2095; x_wconf 91' lang='lat' dir='ltr'>duo</span> <span class='ocrx_word' id='word_1_131' title='bbox 1081 2038 1222 2107; x_wconf 77' lang='lat' dir='ltr'>haec,</span> <span class='ocrx_word' id='word_1_132' title='bbox 1255 2040 1313 2094; x_wconf 89' lang='lat' dir='ltr'>id</span> <span class='ocrx_word' id='word_1_133' title='bbox 1345 2044 1454 2105; x_wconf 89' lang='lat' dir='ltr'>est,</span> <span class='ocrx_word' id='word_1_134' title='bbox 1488 2040 1639 2111; x_wconf 89' lang='lat' dir='ltr'>quod</span> <span class='ocrx_word' id='word_1_135' title='bbox 1674 2044 1798 2095; x_wconf 90' lang='lat' dir='ltr'>erat</span> <span class='ocrx_word' id='word_1_136' title='bbox 1839 2042 1897 2095; x_wconf 92' lang='lat' dir='ltr'>in</span> <span class='ocrx_word' id='word_1_137' title='bbox 1930 2057 2148 2098; x_wconf 87' lang='lat' dir='ltr'>memo-</span> 
     </span>
    </p>
   </div>
   <div class='ocr_carea' id='block_1_20' title="bbox 501 2128 2145 2200">
    <p class='ocr_par' dir='ltr' id='par_1_20' title="bbox 501 2128 2145 2200">
     <span class='ocr_line' id='line_1_20' title="bbox 501 2128 2145 2200; baseline 0.002 -17"><span class='ocrx_word' id='word_1_138' title='bbox 501 2128 586 2183; x_wconf 87' lang='lat' dir='ltr'>ria</span> <span class='ocrx_word' id='word_1_139' title='bbox 617 2128 942 2196; x_wconf 87' lang='lat' dir='ltr'>retinentis,</span> <span class='ocrx_word' id='word_1_140' title='bbox 976 2133 1032 2184; x_wconf 91' lang='lat' dir='ltr'>et</span> <span class='ocrx_word' id='word_1_141' title='bbox 1062 2129 1218 2200; x_wconf 91' lang='lat' dir='ltr'>quod</span> <span class='ocrx_word' id='word_1_142' title='bbox 1248 2128 1383 2184; x_wconf 91' lang='lat' dir='ltr'>inde</span> <span class='ocrx_word' id='word_1_143' title='bbox 1416 2129 1778 2200; x_wconf 89' lang='lat' dir='ltr'>imprimitur</span> <span class='ocrx_word' id='word_1_144' title='bbox 1805 2130 1864 2184; x_wconf 95' lang='lat' dir='ltr'>in</span> <span class='ocrx_word' id='word_1_145' title='bbox 1896 2130 2018 2185; x_wconf 92' lang='lat' dir='ltr'>acie</span> <span class='ocrx_word' id='word_1_146' title='bbox 2051 2146 2145 2186; x_wconf 90' lang='lat' dir='ltr'>re-</span> 
     </span>
    </p>
   </div>
   <div class='ocr_carea' id='block_1_21' title="bbox 496 2217 2143 2292">
    <p class='ocr_par' dir='ltr' id='par_1_21' title="bbox 496 2217 2143 2292">
     <span class='ocr_line' id='line_1_21' title="bbox 496 2217 2143 2292; baseline 0.003 -21"><span class='ocrx_word' id='word_1_147' title='bbox 496 2217 813 2288; x_wconf 89' lang='lat' dir='ltr'>cordantis,</span> <span class='ocrx_word' id='word_1_148' title='bbox 844 2217 1013 2272; x_wconf 90' lang='lat' dir='ltr'>tertia</span> <span class='ocrx_word' id='word_1_149' title='bbox 1042 2218 1339 2273; x_wconf 88' lang='lat' dir='ltr'>voluntate</span> <span class='ocrx_word' id='word_1_150' title='bbox 1360 2219 1702 2289; x_wconf 90' lang='lat' dir='ltr'>jungemus.</span> <span class='ocrx_word' id='word_1_151' title='bbox 1727 2218 1886 2281; x_wconf 90' lang='lat' dir='ltr'>Quod</span> <span class='ocrx_word' id='word_1_152' title='bbox 1911 2224 1975 2274; x_wconf 92' lang='lat' dir='ltr'>ut</span> <span class='ocrx_word' id='word_1_153' title='bbox 2005 2237 2143 2292; x_wconf 91' lang='lat' dir='ltr'>pos-</span> 
     </span>
    </p>
   </div>
   <div class='ocr_carea' id='block_1_22' title="bbox 491 2305 2143 2379">
    <p class='ocr_par' dir='ltr' id='par_1_22' title="bbox 491 2305 2143 2379">
     <span class='ocr_line' id='line_1_22' title="bbox 491 2305 2143 2379; baseline 0.003 -18"><span class='ocrx_word' id='word_1_154' title='bbox 491 2305 569 2361; x_wconf 89' lang='lat' dir='ltr'>sit</span> <span class='ocrx_word' id='word_1_155' title='bbox 599 2305 866 2378; x_wconf 85' lang='lat' dir='ltr'>intelligi,</span> <span class='ocrx_word' id='word_1_156' title='bbox 900 2323 1209 2363; x_wconf 89' lang='lat' dir='ltr'>sumamus</span> <span class='ocrx_word' id='word_1_157' title='bbox 1247 2308 1580 2378; x_wconf 87' lang='lat' dir='ltr'>exemplum</span> <span class='ocrx_word' id='word_1_158' title='bbox 1623 2308 1693 2363; x_wconf 89' lang='lat' dir='ltr'>de</span> <span class='ocrx_word' id='word_1_159' title='bbox 1742 2309 2143 2379; x_wconf 86' lang='lat' dir='ltr'>corporalibus</span> 
     </span>
    </p>
   </div>
   <div class='ocr_carea' id='block_1_23' title="bbox 492 2394 2143 2466">
    <p class='ocr_par' dir='ltr' id='par_1_23' title="bbox 492 2394 2143 2466">
     <span class='ocr_line' id='line_1_23' title="bbox 492 2394 2143 2466; baseline 0.002 -17"><span class='ocrx_word' id='word_1_160' title='bbox 492 2394 687 2465; x_wconf 89' lang='lat' dir='ltr'>rebus,</span> <span class='ocrx_word' id='word_1_161' title='bbox 722 2394 790 2449; x_wconf 94' lang='lat' dir='ltr'>de</span> <span class='ocrx_word' id='word_1_162' title='bbox 820 2396 1035 2466; x_wconf 89' lang='lat' dir='ltr'>quibus</span> <span class='ocrx_word' id='word_1_163' title='bbox 1068 2396 1129 2450; x_wconf 91' lang='lat' dir='ltr'>in</span> <span class='ocrx_word' id='word_1_164' title='bbox 1157 2395 1303 2451; x_wconf 88' lang='lat' dir='ltr'>libro</span> <span class='ocrx_word' id='word_1_165' title='bbox 1338 2395 1647 2451; x_wconf 90' lang='lat' dir='ltr'>undecimo</span> <span class='ocrx_word' id='word_1_166' title='bbox 1678 2396 1822 2452; x_wconf 85' lang='lat' dir='ltr'>satis</span> <span class='ocrx_word' id='word_1_167' title='bbox 1853 2397 2028 2453; x_wconf 91' lang='lat' dir='ltr'>locuti</span> <span class='ocrx_word' id='word_1_168' title='bbox 2048 2414 2143 2452; x_wconf 91' lang='lat' dir='ltr'>su-</span> 
     </span>
    </p>
   </div>
   <div class='ocr_carea' id='block_1_24' title="bbox 491 2482 2138 2557">
    <p class='ocr_par' dir='ltr' id='par_1_24' title="bbox 491 2482 2138 2557">
     <span class='ocr_line' id='line_1_24' title="bbox 491 2482 2138 2557; baseline 0.003 -20"><span class='ocrx_word' id='word_1_169' title='bbox 491 2499 624 2538; x_wconf 90' lang='lat' dir='ltr'>mus</span> <span class='ocrx_word' id='word_1_170' title='bbox 654 2482 806 2555; x_wconf 75' lang='lat' dir='ltr'>(Cap.</span> <span class='ocrx_word' id='word_1_171' title='bbox 840 2485 874 2538; x_wconf 86' lang='lat'><strong><em>2</em></strong></span> <span class='ocrx_word' id='word_1_172' title='bbox 896 2491 948 2539; x_wconf 87' lang='lat' dir='ltr'>et</span> <span class='ocrx_word' id='word_1_173' title='bbox 974 2487 1164 2556; x_wconf 67' lang='lat' dir='ltr'>seqq).</span> <span class='ocrx_word' id='word_1_174' title='bbox 1191 2485 1407 2557; x_wconf 86' lang='lat' dir='ltr'>Nempe</span> <span class='ocrx_word' id='word_1_175' title='bbox 1437 2488 1509 2540; x_wconf 91' lang='lat' dir='ltr'>ab</span> <span class='ocrx_word' id='word_1_176' title='bbox 1541 2486 1914 2542; x_wconf 90' lang='lat' dir='ltr'>inferioribus</span> <span class='ocrx_word' id='word_1_177' title='bbox 1945 2490 2016 2542; x_wconf 92' lang='lat' dir='ltr'>ad</span> <span class='ocrx_word' id='word_1_178' title='bbox 2049 2504 2138 2542; x_wconf 88' lang='lat' dir='ltr'>su-</span> 
     </span>
    </p>
   </div>
   <div class='ocr_carea' id='block_1_25' title="bbox 489 2572 2141 2641">
    <p class='ocr_par' dir='ltr' id='par_1_25' title="bbox 489 2572 2141 2641">
     <span class='ocr_line' id='line_1_25' title="bbox 489 2572 2141 2641; baseline 0.004 -16"><span class='ocrx_word' id='word_1_179' title='bbox 489 2572 715 2641; x_wconf 87' lang='lat' dir='ltr'>periora</span> <span class='ocrx_word' id='word_1_180' title='bbox 746 2573 1147 2640; x_wconf 85' lang='lat' dir='ltr'>ascendentes,</span> <span class='ocrx_word' id='word_1_181' title='bbox 1179 2574 1267 2629; x_wconf 92' lang='lat' dir='ltr'>vel</span> <span class='ocrx_word' id='word_1_182' title='bbox 1294 2575 1366 2629; x_wconf 91' lang='lat' dir='ltr'>ab</span> <span class='ocrx_word' id='word_1_183' title='bbox 1386 2574 2141 2632; x_wconf 87' lang='lat' dir='ltr'>exterioribusadinteriora</span> 
     </span>
    </p>
   </div>
   <div class='ocr_carea' id='block_1_26' title="bbox 490 2660 2137 2734">
    <p class='ocr_par' dir='ltr' id='par_1_26' title="bbox 490 2660 2137 2734">
     <span class='ocr_line' id='line_1_26' title="bbox 490 2660 2137 2734; baseline 0.004 -19"><span class='ocrx_word' id='word_1_184' title='bbox 490 2660 903 2732; x_wconf 82' lang='lat' dir='ltr'>ingredientes,</span> <span class='ocrx_word' id='word_1_185' title='bbox 930 2662 1184 2733; x_wconf 89' lang='lat' dir='ltr'>primam</span> <span class='ocrx_word' id='word_1_186' title='bbox 1228 2662 1555 2734; x_wconf 89' lang='lat' dir='ltr'>reperimus</span> <span class='ocrx_word' id='word_1_187' title='bbox 1576 2664 1897 2719; x_wconf 86' lang='lat' dir='ltr'>trinitatem</span> <span class='ocrx_word' id='word_1_188' title='bbox 1921 2666 1978 2720; x_wconf 89' lang='lat' dir='ltr'>in</span> <span class='ocrx_word' id='word_1_189' title='bbox 2012 2683 2137 2722; x_wconf 87' lang='lat' dir='ltr'>cor-</span> 
     </span>
    </p>
   </div>
   <div class='ocr_carea' id='block_1_27' title="bbox 490 2749 2134 2828">
    <p class='ocr_par' dir='ltr' id='par_1_27' title="bbox 490 2749 2134 2828">
     <span class='ocr_line' id='line_1_27' title="bbox 490 2749 2134 2828; baseline 0.005 -25"><span class='ocrx_word' id='word_1_190' title='bbox 490 2765 628 2822; x_wconf 90' lang='lat' dir='ltr'>pore</span> <span class='ocrx_word' id='word_1_191' title='bbox 660 2749 812 2821; x_wconf 90' lang='lat' dir='ltr'>quod</span> <span class='ocrx_word' id='word_1_192' title='bbox 836 2750 1083 2817; x_wconf 88' lang='lat' dir='ltr'>videtur,</span> <span class='ocrx_word' id='word_1_193' title='bbox 1109 2755 1165 2805; x_wconf 90' lang='lat' dir='ltr'>et</span> <span class='ocrx_word' id='word_1_194' title='bbox 1195 2752 1315 2806; x_wconf 89' lang='lat' dir='ltr'>acie</span> <span class='ocrx_word' id='word_1_195' title='bbox 1344 2752 1593 2807; x_wconf 90' lang='lat' dir='ltr'>videntis</span> <span class='ocrx_word' id='word_1_196' title='bbox 1620 2769 1745 2825; x_wconf 84' lang='lat' dir='ltr'>quae</span> <span class='ocrx_word' id='word_1_197' title='bbox 1789 2771 1919 2809; x_wconf 90' lang='lat' dir='ltr'>cum</span> <span class='ocrx_word' id='word_1_198' title='bbox 1962 2756 2134 2828; x_wconf 87' lang='lat' dir='ltr'>videt,</span> 
     </span>
    </p>
   </div>
   <div class='ocr_carea' id='block_1_28' title="bbox 491 2838 2137 2913">
    <p class='ocr_par' dir='ltr' id='par_1_28' title="bbox 491 2838 2137 2913">
     <span class='ocr_line' id='line_1_28' title="bbox 491 2838 2137 2913; baseline 0.004 -20"><span class='ocrx_word' id='word_1_199' title='bbox 491 2838 627 2893; x_wconf 90' lang='lat' dir='ltr'>inde</span> <span class='ocrx_word' id='word_1_200' title='bbox 662 2842 962 2906; x_wconf 74' lang='lat' dir='ltr'>formatur,</span> <span class='ocrx_word' id='word_1_201' title='bbox 997 2844 1054 2895; x_wconf 90' lang='lat' dir='ltr'>et</span> <span class='ocrx_word' id='word_1_202' title='bbox 1084 2840 1141 2894; x_wconf 95' lang='lat' dir='ltr'>in</span> <span class='ocrx_word' id='word_1_203' title='bbox 1173 2839 1487 2896; x_wconf 88' lang='lat' dir='ltr'>voluntatis</span> <span class='ocrx_word' id='word_1_204' title='bbox 1533 2840 1855 2897; x_wconf 90' lang='lat' dir='ltr'>intentione</span> <span class='ocrx_word' id='word_1_205' title='bbox 1887 2860 2013 2913; x_wconf 62' lang='lat' dir='ltr'>quae</span> <span class='ocrx_word' id='word_1_206' title='bbox 2048 2849 2137 2899; x_wconf 87' lang='lat' dir='ltr'>ut-</span> 
     </span>
    </p>
   </div>
   <div class='ocr_carea' id='block_1_29' title="bbox 491 2928 2135 2999">
    <p class='ocr_par' dir='ltr' id='par_1_29' title="bbox 491 2928 2135 2999">
     <span class='ocr_line' id='line_1_29' title="bbox 491 2928 2135 2999; baseline 0.004 -19"><span class='ocrx_word' id='word_1_207' title='bbox 491 2943 737 2997; x_wconf 87' lang='lat' dir='ltr'>rumque</span> <span class='ocrx_word' id='word_1_208' title='bbox 794 2929 1116 2999; x_wconf 87' lang='lat' dir='ltr'>conjungit.</span> <span class='ocrx_word' id='word_1_209' title='bbox 1164 2928 1311 2982; x_wconf 81' lang='lat' dir='ltr'>Huic</span> <span class='ocrx_word' id='word_1_210' title='bbox 1340 2928 1587 2983; x_wconf 89' lang='lat' dir='ltr'>trinitati</span> <span class='ocrx_word' id='word_1_211' title='bbox 1629 2930 1881 2985; x_wconf 91' lang='lat' dir='ltr'>similem</span> <span class='ocrx_word' id='word_1_212' title='bbox 1922 2934 2135 2987; x_wconf 88' lang='lat' dir='ltr'>consti-</span> 
     </span>
    </p>
   </div>
   <div class='ocr_carea' id='block_1_30' title="bbox 491 3017 2135 3092">
    <p class='ocr_par' dir='ltr' id='par_1_30' title="bbox 491 3017 2135 3092">
     <span class='ocr_line' id='line_1_30' title="bbox 491 3017 2135 3092; baseline 0.005 -23"><span class='ocrx_word' id='word_1_213' title='bbox 491 3020 754 3083; x_wconf 89' lang='lat' dir='ltr'>tuamus,</span> <span class='ocrx_word' id='word_1_214' title='bbox 785 3033 917 3071; x_wconf 91' lang='lat' dir='ltr'>eum</span> <span class='ocrx_word' id='word_1_215' title='bbox 953 3018 1097 3073; x_wconf 80' lang='lat' dir='ltr'>fides</span> <span class='ocrx_word' id='word_1_216' title='bbox 1128 3034 1254 3088; x_wconf 72' lang='lat' dir='ltr'>quae</span> <span class='ocrx_word' id='word_1_217' title='bbox 1286 3033 1439 3072; x_wconf 90' lang='lat' dir='ltr'>nunc</span> <span class='ocrx_word' id='word_1_218' title='bbox 1470 3017 1830 3086; x_wconf 87' lang='lat' dir='ltr'>inestnobis,</span> <span class='ocrx_word' id='word_1_219' title='bbox 1857 3023 2135 3092; x_wconf 90' lang='lat' dir='ltr'>tanquam</span> 
     </span>
    </p>
   </div>
   <div class='ocr_carea' id='block_1_31' title="bbox 490 3104 2137 3175">
    <p class='ocr_par' dir='ltr' id='par_1_31' title="bbox 490 3104 2137 3175">
     <span class='ocr_line' id='line_1_31' title="bbox 490 3104 2137 3175; baseline 0.004 -16"><span class='ocrx_word' id='word_1_220' title='bbox 490 3120 704 3175; x_wconf 91' lang='lat' dir='ltr'>corpus</span> <span class='ocrx_word' id='word_1_221' title='bbox 734 3104 878 3159; x_wconf 91' lang='lat' dir='ltr'>illud</span> <span class='ocrx_word' id='word_1_222' title='bbox 914 3107 971 3159; x_wconf 89' lang='lat' dir='ltr'>in</span> <span class='ocrx_word' id='word_1_223' title='bbox 1006 3106 1150 3173; x_wconf 90' lang='lat' dir='ltr'>loco,</span> <span class='ocrx_word' id='word_1_224' title='bbox 1188 3106 1268 3160; x_wconf 91' lang='lat' dir='ltr'>ita</span> <span class='ocrx_word' id='word_1_225' title='bbox 1297 3105 1354 3160; x_wconf 91' lang='lat' dir='ltr'>in</span> <span class='ocrx_word' id='word_1_226' title='bbox 1389 3110 1585 3161; x_wconf 86' lang='lat' dir='ltr'>nostra</span> <span class='ocrx_word' id='word_1_227' title='bbox 1617 3108 1899 3163; x_wconf 85' lang='lat' dir='ltr'>memoria</span> <span class='ocrx_word' id='word_1_228' title='bbox 1928 3111 2137 3165; x_wconf 91' lang='lat' dir='ltr'>consti-</span> 
     </span>
    </p>
   </div>
   <div class='ocr_carea' id='block_1_32' title="bbox 487 3194 2133 3267">
    <p class='ocr_par' dir='ltr' id='par_1_32' title="bbox 487 3194 2133 3267">
     <span class='ocr_line' id='line_1_32' title="bbox 487 3194 2133 3267; baseline 0.005 -20"><span class='ocrx_word' id='word_1_229' title='bbox 487 3197 614 3247; x_wconf 90' lang='lat' dir='ltr'>tuta</span> <span class='ocrx_word' id='word_1_230' title='bbox 645 3197 752 3260; x_wconf 90' lang='lat' dir='ltr'>est,</span> <span class='ocrx_word' id='word_1_231' title='bbox 780 3194 850 3249; x_wconf 93' lang='lat' dir='ltr'>de</span> <span class='ocrx_word' id='word_1_232' title='bbox 891 3210 1004 3265; x_wconf 94' lang='lat' dir='ltr'>quo</span> <span class='ocrx_word' id='word_1_233' title='bbox 1054 3194 1404 3249; x_wconf 88' lang='lat' dir='ltr'>informatur</span> <span class='ocrx_word' id='word_1_234' title='bbox 1445 3196 1714 3265; x_wconf 86' lang='lat' dir='ltr'>cogitatio</span> <span class='ocrx_word' id='word_1_235' title='bbox 1754 3199 2133 3267; x_wconf 87' lang='lat' dir='ltr'>recordantis,</span> 
     </span>
    </p>
   </div>
   <div class='ocr_carea' id='block_1_33' title="bbox 487 3281 2134 3357">
    <p class='ocr_par' dir='ltr' id='par_1_33' title="bbox 487 3281 2134 3357">
     <span class='ocr_line' id='line_1_33' title="bbox 487 3281 2134 3357; baseline 0.004 -20"><span class='ocrx_word' id='word_1_236' title='bbox 487 3282 639 3337; x_wconf 84' lang='lat' dir='ltr'>sicut</span> <span class='ocrx_word' id='word_1_237' title='bbox 659 3298 725 3336; x_wconf 83' lang='lat' dir='ltr'>ex</span> <span class='ocrx_word' id='word_1_238' title='bbox 749 3281 847 3338; x_wconf 93' lang='lat' dir='ltr'>illo</span> <span class='ocrx_word' id='word_1_239' title='bbox 872 3298 1108 3354; x_wconf 90' lang='lat' dir='ltr'>corpore</span> <span class='ocrx_word' id='word_1_240' title='bbox 1127 3282 1278 3338; x_wconf 88' lang='lat' dir='ltr'>acies</span> <span class='ocrx_word' id='word_1_241' title='bbox 1300 3283 1584 3339; x_wconf 89' lang='lat' dir='ltr'>intuentis</span> <span class='ocrx_word' id='word_1_242' title='bbox 1611 3300 1623 3337; x_wconf 90' lang='lat'><strong>:</strong></span> <span class='ocrx_word' id='word_1_243' title='bbox 1644 3285 1860 3355; x_wconf 91' lang='lat' dir='ltr'>quibus</span> <span class='ocrx_word' id='word_1_244' title='bbox 1882 3288 2134 3357; x_wconf 93' lang='lat' dir='ltr'>duobus,</span> 
     </span>
    </p>
   </div>
   <div class='ocr_carea' id='block_1_34' title="bbox 488 3370 2133 3443">
    <p class='ocr_par' dir='ltr' id='par_1_34' title="bbox 488 3370 2133 3443">
     <span class='ocr_line' id='line_1_34' title="bbox 488 3370 2133 3443; baseline 0.004 -18"><span class='ocrx_word' id='word_1_245' title='bbox 488 3376 552 3426; x_wconf 87' lang='lat' dir='ltr'>ut</span> <span class='ocrx_word' id='word_1_246' title='bbox 600 3370 833 3426; x_wconf 85' lang='lat' dir='ltr'>trinitas</span> <span class='ocrx_word' id='word_1_247' title='bbox 874 3372 1207 3443; x_wconf 89' lang='lat' dir='ltr'>impleatur,</span> <span class='ocrx_word' id='word_1_248' title='bbox 1240 3378 1662 3428; x_wconf 87' lang='lat' dir='ltr'>annumeratur</span> <span class='ocrx_word' id='word_1_249' title='bbox 1714 3376 1886 3431; x_wconf 90' lang='lat' dir='ltr'>tertia</span> <span class='ocrx_word' id='word_1_250' title='bbox 1932 3376 2133 3432; x_wconf 89' lang='lat' dir='ltr'>volun-</span> 
     </span>
    </p>
   </div>
   <div class='ocr_carea' id='block_1_35' title="bbox 486 3461 2133 3536">
    <p class='ocr_par' dir='ltr' id='par_1_35' title="bbox 486 3461 2133 3536">
     <span class='ocr_line' id='line_1_35' title="bbox 486 3461 2133 3536; baseline 0.003 -20"><span class='ocrx_word' id='word_1_251' title='bbox 486 3465 732 3531; x_wconf 69' lang='lat' dir='ltr'>tas,qua3</span> <span class='ocrx_word' id='word_1_252' title='bbox 755 3462 928 3516; x_wconf 80' lang='lat' dir='ltr'>fidem</span> <span class='ocrx_word' id='word_1_253' title='bbox 953 3462 1008 3515; x_wconf 90' lang='lat' dir='ltr'>in</span> <span class='ocrx_word' id='word_1_254' title='bbox 1034 3462 1319 3516; x_wconf 86' lang='lat' dir='ltr'>memoria</span> <span class='ocrx_word' id='word_1_255' title='bbox 1336 3461 1706 3517; x_wconf 88' lang='lat' dir='ltr'>constitutam</span> <span class='ocrx_word' id='word_1_256' title='bbox 1728 3468 1783 3519; x_wconf 89' lang='lat' dir='ltr'>et</span> <span class='ocrx_word' id='word_1_257' title='bbox 1817 3467 2133 3536; x_wconf 88' lang='lat' dir='ltr'>quamdam</span> 
     </span>
    </p>
   </div>
   <div class='ocr_carea' id='block_1_36' title="bbox 490 3549 2133 3625">
    <p class='ocr_par' dir='ltr' id='par_1_36' title="bbox 490 3549 2133 3625">
     <span class='ocr_line' id='line_1_36' title="bbox 490 3549 2133 3625; baseline 0.004 -20"><span class='ocrx_word' id='word_1_258' title='bbox 490 3551 617 3620; x_wconf 86' lang='lat' dir='ltr'>ejus</span> <span class='ocrx_word' id='word_1_259' title='bbox 650 3549 898 3622; x_wconf 72' lang='lat' dir='ltr'>efﬁgiem</span> <span class='ocrx_word' id='word_1_260' title='bbox 937 3550 996 3605; x_wconf 90' lang='lat' dir='ltr'>in</span> <span class='ocrx_word' id='word_1_261' title='bbox 1020 3551 1281 3605; x_wconf 90' lang='lat' dir='ltr'>contuitu</span> <span class='ocrx_word' id='word_1_262' title='bbox 1324 3552 1742 3608; x_wconf 90' lang='lat' dir='ltr'>recordationis</span> <span class='ocrx_word' id='word_1_263' title='bbox 1782 3552 2133 3625; x_wconf 86' lang='lat' dir='ltr'>impressam</span> 
     </span>
    </p>
   </div>
   <div class='ocr_carea' id='block_1_37' title="bbox 488 3639 2135 3713">
    <p class='ocr_par' dir='ltr' id='par_1_37' title="bbox 488 3639 2135 3713">
     <span class='ocr_line' id='line_1_37' title="bbox 488 3639 2135 3713; baseline 0.005 -21"><span class='ocrx_word' id='word_1_264' title='bbox 488 3640 779 3694; x_wconf 82' lang='lat' dir='ltr'>connectit</span> <span class='ocrx_word' id='word_1_265' title='bbox 809 3644 864 3694; x_wconf 91' lang='lat' dir='ltr'>et</span> <span class='ocrx_word' id='word_1_266' title='bbox 894 3639 1231 3711; x_wconf 86' lang='lat' dir='ltr'>conjungit;</span> <span class='ocrx_word' id='word_1_267' title='bbox 1251 3640 1403 3695; x_wconf 88' lang='lat' dir='ltr'>sicut</span> <span class='ocrx_word' id='word_1_268' title='bbox 1434 3640 1490 3693; x_wconf 92' lang='lat' dir='ltr'>in</span> <span class='ocrx_word' id='word_1_269' title='bbox 1512 3639 1608 3695; x_wconf 91' lang='lat' dir='ltr'>illa</span> <span class='ocrx_word' id='word_1_270' title='bbox 1631 3644 2135 3713; x_wconf 88' lang='lat' dir='ltr'>corporalistrini-</span> 
     </span>
    </p>
   </div>
   <div class='ocr_carea' id='block_1_38' title="bbox 490 3728 2135 3800">
    <p class='ocr_par' dir='ltr' id='par_1_38' title="bbox 490 3728 2135 3800">
     <span class='ocr_line' id='line_1_38' title="bbox 490 3728 2135 3800; baseline 0.004 -17"><span class='ocrx_word' id='word_1_271' title='bbox 490 3733 607 3783; x_wconf 89' lang='lat' dir='ltr'>tate</span> <span class='ocrx_word' id='word_1_272' title='bbox 636 3728 897 3796; x_wconf 90' lang='lat' dir='ltr'>visionis,</span> <span class='ocrx_word' id='word_1_273' title='bbox 926 3730 1170 3783; x_wconf 91' lang='lat' dir='ltr'>formam</span> <span class='ocrx_word' id='word_1_274' title='bbox 1194 3728 1451 3799; x_wconf 91' lang='lat' dir='ltr'>corporis</span> <span class='ocrx_word' id='word_1_275' title='bbox 1474 3730 1628 3798; x_wconf 92' lang='lat' dir='ltr'>quod</span> <span class='ocrx_word' id='word_1_276' title='bbox 1648 3730 1893 3800; x_wconf 91' lang='lat' dir='ltr'>videtur,</span> <span class='ocrx_word' id='word_1_277' title='bbox 1918 3738 1973 3787; x_wconf 91' lang='lat' dir='ltr'>et</span> <span class='ocrx_word' id='word_1_278' title='bbox 1994 3750 2135 3789; x_wconf 90' lang='lat' dir='ltr'>con-</span> 
     </span>
    </p>
   </div>
   <div class='ocr_carea' id='block_1_39' title="bbox 491 3817 2133 3895">
    <p class='ocr_par' dir='ltr' id='par_1_39' title="bbox 491 3817 2133 3895">
     <span class='ocr_line' id='line_1_39' title="bbox 491 3817 2133 3895; baseline 0.003 -23"><span class='ocrx_word' id='word_1_279' title='bbox 491 3818 895 3872; x_wconf 85' lang='lat' dir='ltr'>formationem</span> <span class='ocrx_word' id='word_1_280' title='bbox 925 3835 1049 3889; x_wconf 76' lang='lat' dir='ltr'>quaa</span> <span class='ocrx_word' id='word_1_281' title='bbox 1074 3817 1207 3871; x_wconf 83' lang='lat' dir='ltr'>fitin</span> <span class='ocrx_word' id='word_1_282' title='bbox 1226 3818 1516 3871; x_wconf 89' lang='lat' dir='ltr'>cernentis</span> <span class='ocrx_word' id='word_1_283' title='bbox 1542 3824 1799 3888; x_wconf 91' lang='lat' dir='ltr'>aspectu,</span> <span class='ocrx_word' id='word_1_284' title='bbox 1828 3822 2133 3895; x_wconf 89' lang='lat' dir='ltr'>conjungit</span> 
     </span>
    </p>
   </div>
   <div class='ocr_carea' id='block_1_40' title="bbox 484 3906 2131 3982">
    <p class='ocr_par' dir='ltr' id='par_1_40' title="bbox 484 3906 2131 3982">
     <span class='ocr_line' id='line_1_40' title="bbox 484 3906 2131 3982; baseline 0.002 -19"><span class='ocrx_word' id='word_1_285' title='bbox 484 3907 734 3963; x_wconf 87' lang='lat' dir='ltr'>intentio</span> <span class='ocrx_word' id='word_1_286' title='bbox 763 3906 1410 3962; x_wconf 88' lang='lat' dir='ltr'>voluntatis.Faciamus</span> <span class='ocrx_word' id='word_1_287' title='bbox 1432 3921 1567 3976; x_wconf 87' lang='lat' dir='ltr'>ergo</span> <span class='ocrx_word' id='word_1_288' title='bbox 1588 3908 1951 3977; x_wconf 87' lang='lat' dir='ltr'>corpusillud</span> <span class='ocrx_word' id='word_1_289' title='bbox 1977 3913 2131 3982; x_wconf 90' lang='lat' dir='ltr'>quod</span> 
     </span>
    </p>
   </div>
   <div class='ocr_carea' id='block_1_41' title="bbox 486 3993 2130 4064">
    <p class='ocr_par' dir='ltr' id='par_1_41' title="bbox 486 3993 2130 4064">
     <span class='ocr_line' id='line_1_41' title="bbox 486 3993 2130 4064; baseline 0.004 -15"><span class='ocrx_word' id='word_1_290' title='bbox 486 3997 847 4062; x_wconf 88' lang='lat' dir='ltr'>cernebatur,</span> <span class='ocrx_word' id='word_1_291' title='bbox 877 3996 1145 4050; x_wconf 89' lang='lat' dir='ltr'>interisse</span> <span class='ocrx_word' id='word_1_292' title='bbox 1171 3993 1486 4063; x_wconf 90' lang='lat' dir='ltr'>dilapsum,</span> <span class='ocrx_word' id='word_1_293' title='bbox 1504 4010 1605 4048; x_wconf 89' lang='lat' dir='ltr'>nec</span> <span class='ocrx_word' id='word_1_294' title='bbox 1629 3996 1752 4064; x_wconf 87' lang='lat' dir='ltr'>ejus</span> <span class='ocrx_word' id='word_1_295' title='bbox 1776 4001 2130 4056; x_wconf 87' lang='lat' dir='ltr'>remansisse</span> 
     </span>
    </p>
   </div>
   <div class='ocr_carea' id='block_1_42' title="bbox 480 4083 2125 4161">
    <p class='ocr_par' dir='ltr' id='par_1_42' title="bbox 480 4083 2125 4161">
     <span class='ocr_line' id='line_1_42' title="bbox 480 4083 2125 4161; baseline 0.002 -21"><span class='ocrx_word' id='word_1_296' title='bbox 480 4085 701 4155; x_wconf 83' lang='lat' dir='ltr'>aliquid</span> <span class='ocrx_word' id='word_1_297' title='bbox 722 4086 779 4139; x_wconf 90' lang='lat' dir='ltr'>in</span> <span class='ocrx_word' id='word_1_298' title='bbox 797 4085 913 4139; x_wconf 82' lang='lat' dir='ltr'>ulln</span> <span class='ocrx_word' id='word_1_299' title='bbox 937 4083 1159 4153; x_wconf 89' lang='lat' dir='ltr'>loco,ad</span> <span class='ocrx_word' id='word_1_300' title='bbox 1175 4084 1328 4153; x_wconf 87' lang='lat' dir='ltr'>quod</span> <span class='ocrx_word' id='word_1_301' title='bbox 1346 4083 1658 4137; x_wconf 87' lang='lat' dir='ltr'>videndum</span> <span class='ocrx_word' id='word_1_302' title='bbox 1687 4093 1944 4141; x_wconf 85' lang='lat' dir='ltr'>recurrat</span> <span class='ocrx_word' id='word_1_303' title='bbox 1962 4107 2125 4161; x_wconf 82' lang='lat' dir='ltr'>aspe-</span> 
     </span>
    </p>
   </div>
   <div class='ocr_carea' id='block_1_43' title="bbox 477 4171 2124 4246">
    <p class='ocr_par' dir='ltr' id='par_1_43' title="bbox 477 4171 2124 4246">
     <span class='ocr_line' id='line_1_43' title="bbox 477 4171 2124 4246; baseline 0.002 -17"><span class='ocrx_word' id='word_1_304' title='bbox 477 4180 635 4229; x_wconf 86' lang='lat' dir='ltr'>ctus:</span> <span class='ocrx_word' id='word_1_305' title='bbox 658 4174 942 4245; x_wconf 88' lang='lat' dir='ltr'>numquid</span> <span class='ocrx_word' id='word_1_306' title='bbox 968 4172 1107 4244; x_wconf 91' lang='lat' dir='ltr'>quia</span> <span class='ocrx_word' id='word_1_307' title='bbox 1132 4172 1320 4242; x_wconf 83' lang='lat' dir='ltr'>imago</span> <span class='ocrx_word' id='word_1_308' title='bbox 1354 4171 1431 4224; x_wconf 88' lang='lat' dir='ltr'>rei</span> <span class='ocrx_word' id='word_1_309' title='bbox 1456 4172 1905 4246; x_wconf 86' lang='lat' dir='ltr'>corporalisjam</span> <span class='ocrx_word' id='word_1_310' title='bbox 1934 4182 2124 4234; x_wconf 89' lang='lat' dir='ltr'>trans-</span> 
     </span>
    </p>
   </div>
   <div class='ocr_carea' id='block_1_44' title="bbox 475 4260 2125 4335">
    <p class='ocr_par' dir='ltr' id='par_1_44' title="bbox 475 4260 2125 4335">
     <span class='ocr_line' id='line_1_44' title="bbox 475 4260 2125 4335; baseline 0.002 -17"><span class='ocrx_word' id='word_1_311' title='bbox 475 4268 611 4318; x_wconf 73' lang='lat' dir='ltr'>aetze</span> <span class='ocrx_word' id='word_1_312' title='bbox 643 4269 814 4335; x_wconf 90' lang='lat' dir='ltr'>atque</span> <span class='ocrx_word' id='word_1_313' title='bbox 846 4262 1142 4333; x_wconf 57' lang='lat' dir='ltr'>praeteritae</span> <span class='ocrx_word' id='word_1_314' title='bbox 1187 4260 1515 4316; x_wconf 87' lang='lat' dir='ltr'>remanetin</span> <span class='ocrx_word' id='word_1_315' title='bbox 1542 4264 1839 4335; x_wconf 86' lang='lat' dir='ltr'>memoria,</span> <span class='ocrx_word' id='word_1_316' title='bbox 1876 4267 2125 4322; x_wconf 89' lang='lat' dir='ltr'>undein-</span> 
     </span>
    </p>
   </div>
   <div class='ocr_carea' id='block_1_45' title="bbox 473 4350 2122 4428">
    <p class='ocr_par' dir='ltr' id='par_1_45' title="bbox 473 4350 2122 4428">
     <span class='ocr_line' id='line_1_45' title="bbox 473 4350 2122 4428; baseline 0.004 -21"><span class='ocrx_word' id='word_1_317' title='bbox 473 4353 756 4407; x_wconf 84' lang='lat' dir='ltr'>formetur</span> <span class='ocrx_word' id='word_1_318' title='bbox 778 4350 1136 4406; x_wconf 87' lang='lat' dir='ltr'>recordantis</span> <span class='ocrx_word' id='word_1_319' title='bbox 1178 4350 1413 4404; x_wconf 84' lang='lat' dir='ltr'>obtutus</span> <span class='ocrx_word' id='word_1_320' title='bbox 1438 4354 1476 4417; x_wconf 78' lang='grc' dir='ltr'>ί,</span> <span class='ocrx_word' id='word_1_321' title='bbox 1521 4356 1694 4421; x_wconf 90' lang='lat' dir='ltr'>atque</span> <span class='ocrx_word' id='word_1_322' title='bbox 1721 4354 1775 4406; x_wconf 90' lang='lat' dir='ltr'>id</span> <span class='ocrx_word' id='word_1_323' title='bbox 1807 4359 2122 4428; x_wconf 91' lang='lat' dir='ltr'>utrumque</span> 
     </span>
    </p>
   </div>
   <div class='ocr_carea' id='block_1_46' title="bbox 470 4440 2121 4510">
    <p class='ocr_par' dir='ltr' id='par_1_46' title="bbox 470 4440 2121 4510">
     <span class='ocr_line' id='line_1_46' title="bbox 470 4440 2121 4510; baseline 0.004 -15"><span class='ocrx_word' id='word_1_324' title='bbox 470 4442 640 4496; x_wconf 85' lang='lat' dir='ltr'>tertia</span> <span class='ocrx_word' id='word_1_325' title='bbox 656 4440 977 4510; x_wconf 90' lang='lat' dir='ltr'>voluntatej</span> <span class='ocrx_word' id='word_1_326' title='bbox 990 4440 1463 4510; x_wconf 84' lang='lat' dir='ltr'>ungatur,eadem</span> <span class='ocrx_word' id='word_1_327' title='bbox 1488 4440 1717 4495; x_wconf 89' lang='lat' dir='ltr'>trinitas</span> <span class='ocrx_word' id='word_1_328' title='bbox 1732 4457 1859 4496; x_wconf 91' lang='lat' dir='ltr'>esse</span> <span class='ocrx_word' id='word_1_329' title='bbox 1876 4444 1906 4496; x_wconf 89' lang='lat' dir='ltr'>d</span> <span class='ocrx_word' id='word_1_330' title='bbox 1920 4444 2121 4502; x_wconf 90' lang='lat' dir='ltr'>iccnda</span> 
     </span>
    </p>
   </div>
   <div class='ocr_carea' id='block_1_47' title="bbox 468 4528 2117 4604">
    <p class='ocr_par' dir='ltr' id='par_1_47' title="bbox 468 4528 2117 4604">
     <span class='ocr_line' id='line_1_47' title="bbox 468 4528 2117 4604; baseline 0.003 -19"><span class='ocrx_word' id='word_1_331' title='bbox 468 4535 711 4601; x_wconf 74' lang='lat' dir='ltr'>est,quae</span> <span class='ocrx_word' id='word_1_332' title='bbox 732 4532 916 4585; x_wconf 85' lang='lat' dir='ltr'>fuerat</span> <span class='ocrx_word' id='word_1_333' title='bbox 944 4529 1175 4599; x_wconf 89' lang='lat' dir='ltr'>quando</span> <span class='ocrx_word' id='word_1_334' title='bbox 1197 4528 1416 4599; x_wconf 87' lang='lat' dir='ltr'>species</span> <span class='ocrx_word' id='word_1_335' title='bbox 1436 4528 1493 4581; x_wconf 93' lang='lat' dir='ltr'>in</span> <span class='ocrx_word' id='word_1_336' title='bbox 1516 4528 1639 4583; x_wconf 92' lang='lat' dir='ltr'>loco</span> <span class='ocrx_word' id='word_1_337' title='bbox 1662 4530 1832 4599; x_wconf 90' lang='lat' dir='ltr'>positi</span> <span class='ocrx_word' id='word_1_338' title='bbox 1857 4535 2117 4604; x_wconf 90' lang='lat' dir='ltr'>corporis</span> 
     </span>
    </p>
   </div>
   <div class='ocr_carea' id='block_1_48' title="bbox 468 4616 2115 4693">
    <p class='ocr_par' dir='ltr' id='par_1_48' title="bbox 468 4616 2115 4693">
     <span class='ocr_line' id='line_1_48' title="bbox 468 4616 2115 4693; baseline 0.001 -18"><span class='ocrx_word' id='word_1_339' title='bbox 468 4620 803 4675; x_wconf 80' lang='lat' dir='ltr'>videbatur?</span> <span class='ocrx_word' id='word_1_340' title='bbox 824 4618 947 4673; x_wconf 90' lang='lat' dir='ltr'>Non</span> <span class='ocrx_word' id='word_1_341' title='bbox 981 4616 1202 4688; x_wconf 91' lang='lat' dir='ltr'>utique,</span> <span class='ocrx_word' id='word_1_342' title='bbox 1230 4617 1327 4671; x_wconf 89' lang='lat' dir='ltr'>sed</span> <span class='ocrx_word' id='word_1_343' title='bbox 1357 4633 1597 4687; x_wconf 88' lang='lat' dir='ltr'>prorsus</span> <span class='ocrx_word' id='word_1_344' title='bbox 1620 4618 1734 4673; x_wconf 90' lang='lat' dir='ltr'>alia</span> <span class='ocrx_word' id='word_1_345' title='bbox 1760 4635 1771 4673; x_wconf 91' lang='lat'><strong>:</strong></span> <span class='ocrx_word' id='word_1_346' title='bbox 1797 4637 1932 4675; x_wconf 92' lang='lat' dir='ltr'>nam</span> <span class='ocrx_word' id='word_1_347' title='bbox 1975 4639 2115 4693; x_wconf 76' lang='lat' dir='ltr'>pree-</span> 
     </span>
    </p>
   </div>
   <div class='ocr_carea' id='block_1_49' title="bbox 464 4706 2114 4779">
    <p class='ocr_par' dir='ltr' id='par_1_49' title="bbox 464 4706 2114 4779">
     <span class='ocr_line' id='line_1_49' title="bbox 464 4706 2114 4779; baseline 0.003 -16"><span class='ocrx_word' id='word_1_348' title='bbox 464 4713 553 4763; x_wconf 90' lang='lat' dir='ltr'>ter</span> <span class='ocrx_word' id='word_1_349' title='bbox 568 4708 719 4779; x_wconf 88' lang='lat' dir='ltr'>quod</span> <span class='ocrx_word' id='word_1_350' title='bbox 753 4707 852 4762; x_wconf 89' lang='lat' dir='ltr'>illa</span> <span class='ocrx_word' id='word_1_351' title='bbox 865 4711 988 4762; x_wconf 88' lang='lat' dir='ltr'>erat</span> <span class='ocrx_word' id='word_1_352' title='bbox 1007 4706 1387 4771; x_wconf 84' lang='lat' dir='ltr'>extrinsecus,</span> <span class='ocrx_word' id='word_1_353' title='bbox 1408 4706 1527 4760; x_wconf 72' lang='lat' dir='ltr'>haec</span> <span class='ocrx_word' id='word_1_354' title='bbox 1551 4706 1904 4765; x_wconf 89' lang='lat' dir='ltr'>intrinsecus</span> <span class='ocrx_word' id='word_1_355' title='bbox 1921 4729 1934 4779; x_wconf 89' lang='lat'><strong>;</strong></span> <span class='ocrx_word' id='word_1_356' title='bbox 1956 4710 2114 4768; x_wconf 88' lang='lat' dir='ltr'>illam</span> 
     </span>
    </p>
   </div>
   <div class='ocr_carea' id='block_1_50' title="bbox 458 4794 2108 4870">
    <p class='ocr_par' dir='ltr' id='par_1_50' title="bbox 458 4794 2108 4870">
     <span class='ocr_line' id='line_1_50' title="bbox 458 4794 2108 4870; baseline 0.004 -19"><span class='ocrx_word' id='word_1_357' title='bbox 458 4798 715 4868; x_wconf 87' lang='lat' dir='ltr'>profecto</span> <span class='ocrx_word' id='word_1_358' title='bbox 756 4794 1245 4863; x_wconf 85' lang='lat' dir='ltr'>faciebatspecies</span> <span class='ocrx_word' id='word_1_359' title='bbox 1278 4794 1575 4864; x_wconf 65' lang='lat' dir='ltr'>praesentis</span> <span class='ocrx_word' id='word_1_360' title='bbox 1618 4798 1909 4866; x_wconf 88' lang='lat' dir='ltr'>corporis;</span> <span class='ocrx_word' id='word_1_361' title='bbox 1942 4800 2108 4870; x_wconf 85' lang='lat' dir='ltr'>hanc,</span> 
     </span>
    </p>
   </div>
   <div class='ocr_carea' id='block_1_51' title="bbox 457 4882 2111 4962">
    <p class='ocr_par' dir='ltr' id='par_1_51' title="bbox 457 4882 2111 4962">
     <span class='ocr_line' id='line_1_51' title="bbox 457 4882 2111 4962; baseline 0.004 -23"><span class='ocrx_word' id='word_1_362' title='bbox 457 4886 651 4959; x_wconf 85' lang='lat' dir='ltr'>imago</span> <span class='ocrx_word' id='word_1_363' title='bbox 685 4884 977 4958; x_wconf 67' lang='lat' dir='ltr'>prmteriti.</span> <span class='ocrx_word' id='word_1_364' title='bbox 1011 4885 1104 4939; x_wconf 89' lang='lat' dir='ltr'>Sic</span> <span class='ocrx_word' id='word_1_365' title='bbox 1125 4887 1181 4938; x_wconf 88' lang='lat' dir='ltr'>et</span> <span class='ocrx_word' id='word_1_366' title='bbox 1207 4883 1264 4937; x_wconf 91' lang='lat' dir='ltr'>in</span> <span class='ocrx_word' id='word_1_367' title='bbox 1291 4882 1398 4936; x_wconf 85' lang='lat' dir='ltr'>hac</span> <span class='ocrx_word' id='word_1_368' title='bbox 1423 4899 1503 4950; x_wconf 91' lang='lat' dir='ltr'>re,</span> <span class='ocrx_word' id='word_1_369' title='bbox 1536 4883 1607 4939; x_wconf 91' lang='lat' dir='ltr'>de</span> <span class='ocrx_word' id='word_1_370' title='bbox 1644 4901 1758 4954; x_wconf 89' lang='lat' dir='ltr'>qua</span> <span class='ocrx_word' id='word_1_371' title='bbox 1794 4904 1947 4941; x_wconf 91' lang='lat' dir='ltr'>nunc</span> <span class='ocrx_word' id='word_1_372' title='bbox 1994 4891 2111 4962; x_wconf 78' lang='lat' dir='ltr'>agi°</span> 
     </span>
    </p>
   </div>
   <div class='ocr_carea' id='block_1_52' title="bbox 455 4970 2109 5047">
    <p class='ocr_par' dir='ltr' id='par_1_52' title="bbox 455 4970 2109 5047">
     <span class='ocr_line' id='line_1_52' title="bbox 455 4970 2109 5047; baseline 0.001 -15"><span class='ocrx_word' id='word_1_373' title='bbox 455 4992 611 5042; x_wconf 87' lang='lat' dir='ltr'>mus,</span> <span class='ocrx_word' id='word_1_374' title='bbox 655 4981 712 5030; x_wconf 93' lang='lat' dir='ltr'>et</span> <span class='ocrx_word' id='word_1_375' title='bbox 756 4979 988 5047; x_wconf 86' lang='lat' dir='ltr'>propter</span> <span class='ocrx_word' id='word_1_376' title='bbox 1017 4989 1193 5045; x_wconf 84' lang='lat' dir='ltr'>quam</span> <span class='ocrx_word' id='word_1_377' title='bbox 1242 4970 1573 5043; x_wconf 83' lang='lat' dir='ltr'>putavimus</span> <span class='ocrx_word' id='word_1_378' title='bbox 1626 4974 2109 5034; x_wconf 87' lang='lat' dir='ltr'>adhibendumil-</span> 
     </span>
    </p>
   </div>
   <div class='ocr_carea' id='block_1_53' title="bbox 451 5060 2105 5137">
    <p class='ocr_par' dir='ltr' id='par_1_53' title="bbox 451 5060 2105 5137">
     <span class='ocr_line' id='line_1_53' title="bbox 451 5060 2105 5137; baseline 0.003 -20"><span class='ocrx_word' id='word_1_379' title='bbox 451 5062 552 5118; x_wconf 91' lang='lat' dir='ltr'>lud</span> <span class='ocrx_word' id='word_1_380' title='bbox 589 5064 941 5135; x_wconf 82' lang='lat' dir='ltr'>exemplum,</span> <span class='ocrx_word' id='word_1_381' title='bbox 964 5062 1105 5116; x_wconf 81' lang='lat' dir='ltr'>fides</span> <span class='ocrx_word' id='word_1_382' title='bbox 1125 5078 1251 5131; x_wconf 67' lang='lat' dir='ltr'>quas</span> <span class='ocrx_word' id='word_1_383' title='bbox 1288 5076 1442 5113; x_wconf 91' lang='lat' dir='ltr'>nunc</span> <span class='ocrx_word' id='word_1_384' title='bbox 1466 5060 1524 5113; x_wconf 92' lang='lat' dir='ltr'>in</span> <span class='ocrx_word' id='word_1_385' title='bbox 1556 5062 1750 5116; x_wconf 88' lang='lat' dir='ltr'>animo</span> <span class='ocrx_word' id='word_1_386' title='bbox 1778 5070 1972 5121; x_wconf 90' lang='lat' dir='ltr'>nostro</span> <span class='ocrx_word' id='word_1_387' title='bbox 1995 5072 2105 5137; x_wconf 89' lang='lat' dir='ltr'>est,</span> 
     </span>
    </p>
   </div>
   <div class='ocr_carea' id='block_1_54' title="bbox 448 5149 2100 5228">
    <p class='ocr_par' dir='ltr' id='par_1_54' title="bbox 448 5149 2100 5228">
     <span class='ocr_line' id='line_1_54' title="bbox 448 5149 2100 5228; baseline 0.002 -20"><span class='ocrx_word' id='word_1_388' title='bbox 448 5153 605 5208; x_wconf 79' lang='lat' dir='ltr'>velut</span> <span class='ocrx_word' id='word_1_389' title='bbox 636 5152 779 5208; x_wconf 90' lang='lat' dir='ltr'>illud</span> <span class='ocrx_word' id='word_1_390' title='bbox 822 5169 1034 5223; x_wconf 90' lang='lat' dir='ltr'>corpus</span> <span class='ocrx_word' id='word_1_391' title='bbox 1064 5151 1119 5203; x_wconf 91' lang='lat' dir='ltr'>in</span> <span class='ocrx_word' id='word_1_392' title='bbox 1155 5149 1296 5218; x_wconf 79' lang='lat' dir='ltr'>lOCu,</span> <span class='ocrx_word' id='word_1_393' title='bbox 1334 5149 1475 5202; x_wconf 90' lang='lat' dir='ltr'>dum</span> <span class='ocrx_word' id='word_1_394' title='bbox 1520 5154 1765 5219; x_wconf 84' lang='lat' dir='ltr'>tenetur,</span> <span class='ocrx_word' id='word_1_395' title='bbox 1802 5155 2100 5228; x_wconf 89' lang='lat' dir='ltr'>aspicitur,</span> 
     </span>
    </p>
   </div>
   <div class='ocr_carea' id='block_1_55' title="bbox 450 5237 2102 5316">
    <p class='ocr_par' dir='ltr' id='par_1_55' title="bbox 450 5237 2102 5316">
     <span class='ocr_line' id='line_1_55' title="bbox 450 5237 2102 5316; baseline 0.002 -19"><span class='ocrx_word' id='word_1_396' title='bbox 450 5248 701 5313; x_wconf 86' lang='lat' dir='ltr'>amatur,</span> <span class='ocrx_word' id='word_1_397' title='bbox 734 5242 1051 5312; x_wconf 84' lang='lat' dir='ltr'>quamdam</span> <span class='ocrx_word' id='word_1_398' title='bbox 1086 5239 1262 5293; x_wconf 82' lang='lat' dir='ltr'>efficit</span> <span class='ocrx_word' id='word_1_399' title='bbox 1290 5237 1611 5293; x_wconf 83' lang='lat' dir='ltr'>trinitatem</span> <span class='ocrx_word' id='word_1_400' title='bbox 1643 5257 1655 5294; x_wconf 87' lang='lat'><strong>:</strong></span> <span class='ocrx_word' id='word_1_401' title='bbox 1683 5242 1779 5295; x_wconf 89' lang='lat' dir='ltr'>sed</span> <span class='ocrx_word' id='word_1_402' title='bbox 1824 5261 1935 5297; x_wconf 88' lang='lat' dir='ltr'>non</span> <span class='ocrx_word' id='word_1_403' title='bbox 1976 5246 2102 5316; x_wconf 90' lang='lat' dir='ltr'>ipsa</span> 
     </span>
    </p>
   </div>
   <div class='ocr_carea' id='block_1_56' title="bbox 446 5326 2097 5402">
    <p class='ocr_par' dir='ltr' id='par_1_56' title="bbox 446 5326 2097 5402">
     <span class='ocr_line' id='line_1_56' title="bbox 446 5326 2097 5402; baseline 0.002 -16"><span class='ocrx_word' id='word_1_404' title='bbox 446 5332 573 5394; x_wconf 86' lang='lat' dir='ltr'>erit,</span> <span class='ocrx_word' id='word_1_405' title='bbox 603 5331 837 5402; x_wconf 89' lang='lat' dir='ltr'>quando</span> <span class='ocrx_word' id='word_1_406' title='bbox 865 5330 1008 5384; x_wconf 83' lang='lat' dir='ltr'>fides</span> <span class='ocrx_word' id='word_1_407' title='bbox 1032 5328 1148 5382; x_wconf 63' lang='lat' dir='ltr'>haec</span> <span class='ocrx_word' id='word_1_408' title='bbox 1188 5327 1246 5381; x_wconf 92' lang='lat' dir='ltr'>in</span> <span class='ocrx_word' id='word_1_409' title='bbox 1283 5326 1500 5393; x_wconf 86' lang='lat' dir='ltr'>animo,</span> <span class='ocrx_word' id='word_1_410' title='bbox 1528 5334 1677 5383; x_wconf 80' lang='lat' dir='ltr'>Sicut</span> <span class='ocrx_word' id='word_1_411' title='bbox 1708 5347 1920 5402; x_wconf 90' lang='lat' dir='ltr'>corpus</span> <span class='ocrx_word' id='word_1_412' title='bbox 1954 5333 2097 5390; x_wconf 92' lang='lat' dir='ltr'>illud</span> 
     </span>
    </p>
   </div>
   <div class='ocr_carea' id='block_1_57' title="bbox 443 5417 2094 5490">
    <p class='ocr_par' dir='ltr' id='par_1_57' title="bbox 443 5417 2094 5490">
     <span class='ocr_line' id='line_1_57' title="bbox 443 5417 2094 5490; baseline 0.004 -17"><span class='ocrx_word' id='word_1_413' title='bbox 443 5419 505 5475; x_wconf 90' lang='lat' dir='ltr'>in</span> <span class='ocrx_word' id='word_1_414' title='bbox 526 5419 652 5475; x_wconf 89' lang='lat' dir='ltr'>loco</span> <span class='ocrx_word' id='word_1_415' title='bbox 674 5421 801 5490; x_wconf 89' lang='lat' dir='ltr'>jam</span> <span class='ocrx_word' id='word_1_416' title='bbox 827 5436 941 5473; x_wconf 92' lang='lat' dir='ltr'>non</span> <span class='ocrx_word' id='word_1_417' title='bbox 962 5417 1088 5472; x_wconf 89' lang='lat' dir='ltr'>erit.</span> <span class='ocrx_word' id='word_1_418' title='bbox 1108 5419 1239 5481; x_wconf 67' lang='lat' dir='ltr'>Quae</span> <span class='ocrx_word' id='word_1_419' title='bbox 1262 5433 1393 5471; x_wconf 82' lang='lat' dir='ltr'>vero</span> <span class='ocrx_word' id='word_1_420' title='bbox 1418 5423 1555 5471; x_wconf 82' lang='lat' dir='ltr'>tunc</span> <span class='ocrx_word' id='word_1_421' title='bbox 1579 5418 1948 5488; x_wconf 84' lang='lat' dir='ltr'>erit,quando</span> <span class='ocrx_word' id='word_1_422' title='bbox 1968 5438 2094 5479; x_wconf 89' lang='lat' dir='ltr'>eam</span> 
     </span>
    </p>
   </div>
   <div class='ocr_carea' id='block_1_58' title="bbox 443 5506 2093 5580">
    <p class='ocr_par' dir='ltr' id='par_1_58' title="bbox 443 5506 2093 5580">
     <span class='ocr_line' id='line_1_58' title="bbox 443 5506 2093 5580; baseline 0.004 -19"><span class='ocrx_word' id='word_1_423' title='bbox 443 5508 885 5563; x_wconf 88' lang='lat' dir='ltr'>recordabimur</span> <span class='ocrx_word' id='word_1_424' title='bbox 906 5506 962 5560; x_wconf 94' lang='lat' dir='ltr'>in</span> <span class='ocrx_word' id='word_1_425' title='bbox 988 5506 1153 5561; x_wconf 86' lang='lat' dir='ltr'>nobis</span> <span class='ocrx_word' id='word_1_426' title='bbox 1175 5506 1375 5575; x_wconf 86' lang='lat' dir='ltr'>fuisse,</span> <span class='ocrx_word' id='word_1_427' title='bbox 1394 5522 1506 5560; x_wconf 92' lang='lat' dir='ltr'>non</span> <span class='ocrx_word' id='word_1_428' title='bbox 1530 5523 1675 5575; x_wconf 80' lang='lat' dir='ltr'>esse,</span> <span class='ocrx_word' id='word_1_429' title='bbox 1701 5508 1815 5562; x_wconf 91' lang='lat' dir='ltr'>alia</span> <span class='ocrx_word' id='word_1_430' title='bbox 1840 5511 2093 5580; x_wconf 87' lang='lat' dir='ltr'>profecto</span> 
     </span>
    </p>
   </div>
   <div class='ocr_carea' id='block_1_59' title="bbox 442 5596 2092 5670">
    <p class='ocr_par' dir='ltr' id='par_1_59' title="bbox 442 5596 2092 5670">
     <span class='ocr_line' id='line_1_59' title="bbox 442 5596 2092 5670; baseline 0.001 -18"><span class='ocrx_word' id='word_1_431' title='bbox 442 5598 569 5653; x_wconf 89' lang='lat' dir='ltr'>erit.</span> <span class='ocrx_word' id='word_1_432' title='bbox 595 5597 752 5651; x_wconf 86' lang='lat' dir='ltr'>lIanc</span> <span class='ocrx_word' id='word_1_433' title='bbox 776 5596 931 5651; x_wconf 92' lang='lat' dir='ltr'>enim</span> <span class='ocrx_word' id='word_1_434' title='bbox 957 5614 1079 5669; x_wconf 75' lang='lat' dir='ltr'>quze</span> <span class='ocrx_word' id='word_1_435' title='bbox 1110 5612 1264 5651; x_wconf 88' lang='lat' dir='ltr'>nunc</span> <span class='ocrx_word' id='word_1_436' title='bbox 1285 5600 1391 5661; x_wconf 87' lang='lat' dir='ltr'>est,</span> <span class='ocrx_word' id='word_1_437' title='bbox 1415 5596 1547 5647; x_wconf 68' lang='lat' dir='ltr'>facit</span> <span class='ocrx_word' id='word_1_438' title='bbox 1570 5612 1661 5651; x_wconf 90' lang='lat' dir='ltr'>res</span> <span class='ocrx_word' id='word_1_439' title='bbox 1691 5597 1816 5667; x_wconf 84' lang='lat' dir='ltr'>ipsa</span> <span class='ocrx_word' id='word_1_440' title='bbox 1838 5616 2092 5670; x_wconf 69' lang='lat' dir='ltr'>prcescns</span> 
     </span>
    </p>
   </div>
   <div class='ocr_carea' id='block_1_60' title="bbox 442 5682 2086 5765">
    <p class='ocr_par' dir='ltr' id='par_1_60' title="bbox 442 5682 2086 5765">
     <span class='ocr_line' id='line_1_60' title="bbox 442 5682 2086 5765; baseline 0.002 -22"><span class='ocrx_word' id='word_1_441' title='bbox 442 5691 497 5744; x_wconf 89' lang='lat' dir='ltr'>et</span> <span class='ocrx_word' id='word_1_442' title='bbox 544 5684 739 5742; x_wconf 90' lang='lat' dir='ltr'>animo</span> <span class='ocrx_word' id='word_1_443' title='bbox 783 5684 1070 5743; x_wconf 87' lang='lat' dir='ltr'>credentis</span> <span class='ocrx_word' id='word_1_444' title='bbox 1114 5684 1325 5741; x_wconf 82' lang='lat' dir='ltr'>afﬁxa:</span> <span class='ocrx_word' id='word_1_445' title='bbox 1361 5688 1419 5739; x_wconf 88' lang='lat' dir='ltr'>at</span> <span class='ocrx_word' id='word_1_446' title='bbox 1448 5682 1609 5739; x_wconf 88' lang='lat' dir='ltr'>illam</span> <span class='ocrx_word' id='word_1_447' title='bbox 1644 5701 1769 5757; x_wconf 70' lang='lat' dir='ltr'>quae</span> <span class='ocrx_word' id='word_1_448' title='bbox 1790 5690 1927 5746; x_wconf 90' lang='lat' dir='ltr'>tunc</span> <span class='ocrx_word' id='word_1_449' title='bbox 1958 5691 2086 5765; x_wconf 90' lang='lat' dir='ltr'>erit,</span> 
     </span>
    </p>
   </div>
   <div class='ocr_carea' id='block_1_61' title="bbox 502 5891 1253 5959">
    <p class='ocr_par' dir='ltr' id='par_1_61' title="bbox 502 5891 1253 5959">
     <span class='ocr_line' id='line_1_61' title="bbox 502 5891 1253 5959; baseline -0.008 -13"><span class='ocrx_word' id='word_1_450' title='bbox 502 5895 521 5935; x_wconf 77' lang='grc' dir='ltr'><strong><em>ι</em></strong></span> <span class='ocrx_word' id='word_1_451' title='bbox 554 5893 699 5956; x_wconf 60' lang='lat' dir='ltr'>Msa,</span> <span class='ocrx_word' id='word_1_452' title='bbox 732 5891 1002 5959; x_wconf 73' lang='lat' dir='ltr'>cogitantis</span> <span class='ocrx_word' id='word_1_453' title='bbox 1031 5891 1253 5941; x_wconf 75' lang='lat' dir='ltr'>obtutus.</span> 
     </span>
    </p>
   </div>
   <div class='ocr_carea' id='block_1_62' title="bbox 1645 395 2817 472">
    <p class='ocr_par' dir='ltr' id='par_1_62' title="bbox 1645 395 2817 472">
     <span class='ocr_line' id='line_1_62' title="bbox 1645 395 2817 472; baseline 0 -15"><span class='ocrx_word' id='word_1_454' title='bbox 1645 398 1746 457; x_wconf 83' lang='lat' dir='ltr'>DE</span> <span class='ocrx_word' id='word_1_455' title='bbox 1788 395 2236 472; x_wconf 78' lang='lat' dir='ltr'>TBINITATE,</span> <span class='ocrx_word' id='word_1_456' title='bbox 2286 396 2350 457; x_wconf 93' lang='lat' dir='ltr'>S.</span> <span class='ocrx_word' id='word_1_457' title='bbox 2397 396 2817 459; x_wconf 73' lang='lat' dir='ltr'>AUGUSTINI</span> 
     </span>
    </p>
   </div>
   <div class='ocr_carea' id='block_1_63' title="bbox 3772 392 3947 457">
    <p class='ocr_par' dir='ltr' id='par_1_63' title="bbox 3772 392 3947 457">
     <span class='ocr_line' id='line_1_63' title="bbox 3772 392 3947 457; baseline 0.006 -1"><span class='ocrx_word' id='word_1_458' title='bbox 3772 392 3947 457; x_wconf 74' lang='grc'>1040</span> 
     </span>
    </p>
   </div>
   <div class='ocr_carea' id='block_1_64' title="bbox 2273 528 3927 601">
    <p class='ocr_par' dir='ltr' id='par_1_64' title="bbox 2273 528 3927 601">
     <span class='ocr_line' id='line_1_64' title="bbox 2273 528 3927 601; baseline 0.001 -18"><span class='ocrx_word' id='word_1_459' title='bbox 2273 528 2443 584; x_wconf 86' lang='lat' dir='ltr'>faciet</span> <span class='ocrx_word' id='word_1_460' title='bbox 2466 529 2547 585; x_wconf 89' lang='lat' dir='ltr'>rei</span> <span class='ocrx_word' id='word_1_461' title='bbox 2571 529 2874 601; x_wconf 64' lang='lat' dir='ltr'>praeterita</span> <span class='ocrx_word' id='word_1_462' title='bbox 2933 528 3273 601; x_wconf 88' lang='lat' dir='ltr'>imaginatio</span> <span class='ocrx_word' id='word_1_463' title='bbox 3304 528 3363 584; x_wconf 91' lang='lat' dir='ltr'>in</span> <span class='ocrx_word' id='word_1_464' title='bbox 3400 528 3765 585; x_wconf 88' lang='lat' dir='ltr'>recordantis</span> <span class='ocrx_word' id='word_1_465' title='bbox 3801 544 3927 584; x_wconf 87' lang='lat' dir='ltr'>me-</span> 
     </span>
    </p>
   </div>
   <div class='ocr_carea' id='block_1_65' title="bbox 2275 618 2790 675">
    <p class='ocr_par' dir='ltr' id='par_1_65' title="bbox 2275 618 2790 675">
     <span class='ocr_line' id='line_1_65' title="bbox 2275 618 2790 675; baseline 0.004 -2"><span class='ocrx_word' id='word_1_466' title='bbox 2275 618 2461 673; x_wconf 88' lang='lat' dir='ltr'>moria</span> <span class='ocrx_word' id='word_1_467' title='bbox 2495 619 2790 675; x_wconf 89' lang='lat' dir='ltr'>derelicta.</span> 
     </span>
    </p>
   </div>
   <div class='ocr_carea' id='block_1_66' title="bbox 2341 707 3934 765">
    <p class='ocr_par' dir='ltr' id='par_1_66' title="bbox 2341 707 3934 765">
     <span class='ocr_line' id='line_1_66' title="bbox 2341 707 3934 765; baseline 0 -2"><span class='ocrx_word' id='word_1_468' title='bbox 2341 707 2573 763; x_wconf 84' lang='lat' dir='ltr'>CAPUT</span> <span class='ocrx_word' id='word_1_469' title='bbox 2598 708 2684 762; x_wconf 83' lang='lat' dir='ltr'>iV.</span> <span class='ocrx_word' id='word_1_470' title='bbox 2712 741 2775 748; x_wconf 93' lang='lat'>—</span> <span class='ocrx_word' id='word_1_471' title='bbox 2797 710 2847 762; x_wconf 86' lang='lat'>6.</span> <span class='ocrx_word' id='word_1_472' title='bbox 2884 710 2945 764; x_wconf 85' lang='lat' dir='ltr'>In</span> <span class='ocrx_word' id='word_1_473' title='bbox 2970 708 3386 763; x_wconf 76' lang='lat' dir='ltr'>immortalitate</span> <span class='ocrx_word' id='word_1_474' title='bbox 3404 709 3614 765; x_wconf 66' lang='lat' dir='ltr'>anima?</span> <span class='ocrx_word' id='word_1_475' title='bbox 3634 708 3934 763; x_wconf 77' lang='lat' dir='ltr'>rationalis</span> 
     </span>
    </p>
   </div>
   <div class='ocr_carea' id='block_1_67' title="bbox 2270 794 3931 867">
    <p class='ocr_par' dir='ltr' id='par_1_67' title="bbox 2270 794 3931 867">
     <span class='ocr_line' id='line_1_67' title="bbox 2270 794 3931 867; baseline 0.001 -20"><span class='ocrx_word' id='word_1_476' title='bbox 2270 795 2566 864; x_wconf 68' lang='lat' dir='ltr'>quaerenda</span> <span class='ocrx_word' id='word_1_477' title='bbox 2597 797 2772 866; x_wconf 82' lang='lat' dir='ltr'>imago</span> <span class='ocrx_word' id='word_1_478' title='bbox 2798 795 2910 850; x_wconf 58' lang='lat' dir='ltr'>Dei.</span> <span class='ocrx_word' id='word_1_479' title='bbox 2938 797 3172 850; x_wconf 78' lang='lat' dir='ltr'>Trinitas</span> <span class='ocrx_word' id='word_1_480' title='bbox 3194 797 3250 849; x_wconf 84' lang='lat' dir='ltr'>in</span> <span class='ocrx_word' id='word_1_481' title='bbox 3282 802 3460 850; x_wconf 85' lang='lat' dir='ltr'>mente</span> <span class='ocrx_word' id='word_1_482' title='bbox 3489 794 3753 867; x_wconf 88' lang='lat' dir='ltr'>quomodo</span> <span class='ocrx_word' id='word_1_483' title='bbox 3775 810 3931 850; x_wconf 83' lang='lat' dir='ltr'>mon-</span> 
     </span>
    </p>
   </div>
   <div class='ocr_carea' id='block_1_68' title="bbox 2267 882 3927 956">
    <p class='ocr_par' dir='ltr' id='par_1_68' title="bbox 2267 882 3927 956">
     <span class='ocr_line' id='line_1_68' title="bbox 2267 882 3927 956; baseline 0 -19"><span class='ocrx_word' id='word_1_484' title='bbox 2267 887 2439 937; x_wconf 83' lang='lat' dir='ltr'>strata</span> <span class='ocrx_word' id='word_1_485' title='bbox 2458 886 2545 938; x_wconf 85' lang='lat' dir='ltr'>sit.</span> <span class='ocrx_word' id='word_1_486' title='bbox 2572 884 2686 939; x_wconf 91' lang='lat' dir='ltr'>Nec</span> <span class='ocrx_word' id='word_1_487' title='bbox 2718 883 3012 956; x_wconf 88' lang='lat' dir='ltr'>illaigitur</span> <span class='ocrx_word' id='word_1_488' title='bbox 3039 882 3289 953; x_wconf 85' lang='lat' dir='ltr'>trinitas,</span> <span class='ocrx_word' id='word_1_489' title='bbox 3323 900 3451 954; x_wconf 62' lang='lat' dir='ltr'>quae</span> <span class='ocrx_word' id='word_1_490' title='bbox 3483 900 3641 939; x_wconf 90' lang='lat' dir='ltr'>nunc</span> <span class='ocrx_word' id='word_1_491' title='bbox 3670 900 3787 938; x_wconf 91' lang='lat' dir='ltr'>non</span> <span class='ocrx_word' id='word_1_492' title='bbox 3812 888 3927 953; x_wconf 90' lang='lat' dir='ltr'>est,</span> 
     </span>
    </p>
   </div>
   <div class='ocr_carea' id='block_1_69' title="bbox 2269 970 3928 1045">
    <p class='ocr_par' dir='ltr' id='par_1_69' title="bbox 2269 970 3928 1045">
     <span class='ocr_line' id='line_1_69' title="bbox 2269 970 3928 1045; baseline 0.002 -20"><span class='ocrx_word' id='word_1_493' title='bbox 2269 970 2461 1043; x_wconf 87' lang='lat' dir='ltr'>imago</span> <span class='ocrx_word' id='word_1_494' title='bbox 2486 972 2580 1027; x_wconf 93' lang='lat' dir='ltr'>Dei</span> <span class='ocrx_word' id='word_1_495' title='bbox 2613 972 2755 1041; x_wconf 87' lang='lat' dir='ltr'>erit;</span> <span class='ocrx_word' id='word_1_496' title='bbox 2788 990 2893 1028; x_wconf 91' lang='lat' dir='ltr'>nec</span> <span class='ocrx_word' id='word_1_497' title='bbox 2943 973 3055 1028; x_wconf 88' lang='lat' dir='ltr'>ista</span> <span class='ocrx_word' id='word_1_498' title='bbox 3086 972 3278 1044; x_wconf 88' lang='lat' dir='ltr'>imago</span> <span class='ocrx_word' id='word_1_499' title='bbox 3322 973 3420 1028; x_wconf 92' lang='lat' dir='ltr'>Dei</span> <span class='ocrx_word' id='word_1_500' title='bbox 3466 977 3575 1040; x_wconf 90' lang='lat' dir='ltr'>est,</span> <span class='ocrx_word' id='word_1_501' title='bbox 3619 989 3751 1045; x_wconf 65' lang='lat' dir='ltr'>quas</span> <span class='ocrx_word' id='word_1_502' title='bbox 3780 977 3928 1028; x_wconf 89' lang='lat' dir='ltr'>tunc</span> 
     </span>
    </p>
   </div>
   <div class='ocr_carea' id='block_1_70' title="bbox 2269 1060 3924 1132">
    <p class='ocr_par' dir='ltr' id='par_1_70' title="bbox 2269 1060 3924 1132">
     <span class='ocr_line' id='line_1_70' title="bbox 2269 1060 3924 1132; baseline 0.002 -18"><span class='ocrx_word' id='word_1_503' title='bbox 2269 1076 2382 1114; x_wconf 90' lang='lat' dir='ltr'>non</span> <span class='ocrx_word' id='word_1_504' title='bbox 2413 1062 2557 1116; x_wconf 89' lang='lat' dir='ltr'>erit:</span> <span class='ocrx_word' id='word_1_505' title='bbox 2584 1062 2685 1116; x_wconf 84' lang='lat' dir='ltr'>sed</span> <span class='ocrx_word' id='word_1_506' title='bbox 2726 1078 2793 1116; x_wconf 89' lang='lat' dir='ltr'>ea</span> <span class='ocrx_word' id='word_1_507' title='bbox 2826 1060 3278 1117; x_wconf 86' lang='lat' dir='ltr'>estinvenienda</span> <span class='ocrx_word' id='word_1_508' title='bbox 3303 1062 3361 1115; x_wconf 90' lang='lat' dir='ltr'>in</span> <span class='ocrx_word' id='word_1_509' title='bbox 3402 1062 3602 1116; x_wconf 91' lang='lat' dir='ltr'>anima</span> <span class='ocrx_word' id='word_1_510' title='bbox 3638 1061 3924 1132; x_wconf 88' lang='lat' dir='ltr'>hominis,</span> 
     </span>
    </p>
   </div>
   <div class='ocr_carea' id='block_1_71' title="bbox 2266 1148 3921 1222">
    <p class='ocr_par' dir='ltr' id='par_1_71' title="bbox 2266 1148 3921 1222">
     <span class='ocr_line' id='line_1_71' title="bbox 2266 1148 3921 1222; baseline 0.002 -19"><span class='ocrx_word' id='word_1_511' title='bbox 2266 1148 2321 1203; x_wconf 91' lang='lat' dir='ltr'>id</span> <span class='ocrx_word' id='word_1_512' title='bbox 2346 1154 2436 1205; x_wconf 92' lang='lat' dir='ltr'>est</span> <span class='ocrx_word' id='word_1_513' title='bbox 2468 1149 2758 1221; x_wconf 87' lang='lat' dir='ltr'>rationali,</span> <span class='ocrx_word' id='word_1_514' title='bbox 2785 1150 2903 1205; x_wconf 91' lang='lat' dir='ltr'>sive</span> <span class='ocrx_word' id='word_1_515' title='bbox 2943 1148 3343 1218; x_wconf 91' lang='lat' dir='ltr'>intellectuali,</span> <span class='ocrx_word' id='word_1_516' title='bbox 3368 1150 3564 1222; x_wconf 88' lang='lat' dir='ltr'>imago</span> <span class='ocrx_word' id='word_1_517' title='bbox 3599 1151 3921 1219; x_wconf 85' lang='lat' dir='ltr'>Creatoris,</span> 
     </span>
    </p>
   </div>
   <div class='ocr_carea' id='block_1_72' title="bbox 2264 1238 3919 1310">
    <p class='ocr_par' dir='ltr' id='par_1_72' title="bbox 2264 1238 3919 1310">
     <span class='ocr_line' id='line_1_72' title="bbox 2264 1238 3919 1310; baseline 0.003 -18"><span class='ocrx_word' id='word_1_518' title='bbox 2264 1253 2391 1308; x_wconf 73' lang='lat' dir='ltr'>quis</span> <span class='ocrx_word' id='word_1_519' title='bbox 2423 1238 2833 1295; x_wconf 89' lang='lat' dir='ltr'>immortaliter</span> <span class='ocrx_word' id='word_1_520' title='bbox 2860 1238 3285 1294; x_wconf 86' lang='lat' dir='ltr'>immortalitati</span> <span class='ocrx_word' id='word_1_521' title='bbox 3305 1239 3430 1310; x_wconf 87' lang='lat' dir='ltr'>ejus</span> <span class='ocrx_word' id='word_1_522' title='bbox 3446 1244 3533 1295; x_wconf 90' lang='lat' dir='ltr'>est</span> <span class='ocrx_word' id='word_1_523' title='bbox 3550 1239 3745 1294; x_wconf 88' lang='lat' dir='ltr'>insita.</span> <span class='ocrx_word' id='word_1_524' title='bbox 3766 1242 3919 1296; x_wconf 83' lang='lat' dir='ltr'>Nam</span> 
     </span>
    </p>
   </div>
   <div class='ocr_carea' id='block_1_73' title="bbox 2262 1327 3915 1399">
    <p class='ocr_par' dir='ltr' id='par_1_73' title="bbox 2262 1327 3915 1399">
     <span class='ocr_line' id='line_1_73' title="bbox 2262 1327 3915 1399; baseline 0.001 -17"><span class='ocrx_word' id='word_1_525' title='bbox 2262 1327 2411 1382; x_wconf 90' lang='lat' dir='ltr'>sicut</span> <span class='ocrx_word' id='word_1_526' title='bbox 2434 1328 2559 1399; x_wconf 88' lang='lat' dir='ltr'>ipsa</span> <span class='ocrx_word' id='word_1_527' title='bbox 2583 1327 2992 1384; x_wconf 88' lang='lat' dir='ltr'>immortalitas</span> <span class='ocrx_word' id='word_1_528' title='bbox 3009 1327 3216 1384; x_wconf 70' lang='lat' dir='ltr'>anima:</span> <span class='ocrx_word' id='word_1_529' title='bbox 3245 1328 3570 1384; x_wconf 90' lang='lat' dir='ltr'>secundum</span> <span class='ocrx_word' id='word_1_530' title='bbox 3593 1329 3915 1399; x_wconf 86' lang='lat' dir='ltr'>quemdam</span> 
     </span>
    </p>
   </div>
   <div class='ocr_carea' id='block_1_74' title="bbox 2263 1416 3912 1489">
    <p class='ocr_par' dir='ltr' id='par_1_74' title="bbox 2263 1416 3912 1489">
     <span class='ocr_line' id='line_1_74' title="bbox 2263 1416 3912 1489; baseline 0.002 -19"><span class='ocrx_word' id='word_1_531' title='bbox 2263 1417 2501 1471; x_wconf 91' lang='lat' dir='ltr'>modum</span> <span class='ocrx_word' id='word_1_532' title='bbox 2548 1416 2764 1473; x_wconf 89' lang='lat' dir='ltr'>dicitur</span> <span class='ocrx_word' id='word_1_533' title='bbox 2800 1434 2813 1472; x_wconf 90' lang='lat'><strong>:</strong></span> <span class='ocrx_word' id='word_1_534' title='bbox 2854 1417 3029 1473; x_wconf 87' lang='lat' dir='ltr'>habet</span> <span class='ocrx_word' id='word_1_535' title='bbox 3072 1416 3287 1489; x_wconf 90' lang='lat' dir='ltr'>quippe</span> <span class='ocrx_word' id='word_1_536' title='bbox 3325 1422 3382 1473; x_wconf 88' lang='lat' dir='ltr'>et</span> <span class='ocrx_word' id='word_1_537' title='bbox 3419 1416 3619 1473; x_wconf 89' lang='lat' dir='ltr'>anima</span> <span class='ocrx_word' id='word_1_538' title='bbox 3662 1422 3912 1474; x_wconf 88' lang='lat' dir='ltr'>mortem</span> 
     </span>
    </p>
   </div>
   <div class='ocr_carea' id='block_1_75' title="bbox 2261 1506 3923 1577">
    <p class='ocr_par' dir='ltr' id='par_1_75' title="bbox 2261 1506 3923 1577">
     <span class='ocr_line' id='line_1_75' title="bbox 2261 1506 3923 1577; baseline 0.002 -18"><span class='ocrx_word' id='word_1_539' title='bbox 2261 1520 2451 1571; x_wconf 91' lang='lat' dir='ltr'>suam,</span> <span class='ocrx_word' id='word_1_540' title='bbox 2476 1522 2606 1561; x_wconf 90' lang='lat' dir='ltr'>cum</span> <span class='ocrx_word' id='word_1_541' title='bbox 2625 1507 2745 1561; x_wconf 91' lang='lat' dir='ltr'>vita</span> <span class='ocrx_word' id='word_1_542' title='bbox 2766 1506 2931 1562; x_wconf 90' lang='lat' dir='ltr'>beata</span> <span class='ocrx_word' id='word_1_543' title='bbox 2951 1510 3128 1574; x_wconf 87' lang='lat' dir='ltr'>caret,</span> <span class='ocrx_word' id='word_1_544' title='bbox 3154 1522 3279 1577; x_wconf 75' lang='lat' dir='ltr'>qua:</span> <span class='ocrx_word' id='word_1_545' title='bbox 3296 1522 3433 1561; x_wconf 88' lang='lat' dir='ltr'>vera</span> <span class='ocrx_word' id='word_1_546' title='bbox 3453 1506 3664 1562; x_wconf 66' lang='lat' dir='ltr'>animm</span> <span class='ocrx_word' id='word_1_547' title='bbox 3686 1508 3807 1562; x_wconf 88' lang='lat' dir='ltr'>vita</span> <span class='ocrx_word' id='word_1_548' title='bbox 3830 1507 3923 1562; x_wconf 86' lang='lat' dir='ltr'>di-</span> 
     </span>
    </p>
   </div>
   <div class='ocr_carea' id='block_1_76' title="bbox 2260 1593 3917 1668">
    <p class='ocr_par' dir='ltr' id='par_1_76' title="bbox 2260 1593 3917 1668">
     <span class='ocr_line' id='line_1_76' title="bbox 2260 1593 3917 1668; baseline 0.004 -21"><span class='ocrx_word' id='word_1_549' title='bbox 2260 1593 2445 1647; x_wconf 92' lang='lat' dir='ltr'>cenda</span> <span class='ocrx_word' id='word_1_550' title='bbox 2465 1599 2573 1661; x_wconf 89' lang='lat' dir='ltr'>est;</span> <span class='ocrx_word' id='word_1_551' title='bbox 2590 1595 2690 1649; x_wconf 91' lang='lat' dir='ltr'>sed</span> <span class='ocrx_word' id='word_1_552' title='bbox 2707 1593 3056 1650; x_wconf 88' lang='lat' dir='ltr'>immortalis</span> <span class='ocrx_word' id='word_1_553' title='bbox 3078 1595 3206 1650; x_wconf 92' lang='lat' dir='ltr'>ideo</span> <span class='ocrx_word' id='word_1_554' title='bbox 3230 1597 3917 1668; x_wconf 87' lang='lat' dir='ltr'>nuncupatur,quoniam</span> 
     </span>
    </p>
   </div>
   <div class='ocr_carea' id='block_1_77' title="bbox 2261 1680 3918 1753">
    <p class='ocr_par' dir='ltr' id='par_1_77' title="bbox 2261 1680 3918 1753">
     <span class='ocr_line' id='line_1_77' title="bbox 2261 1680 3918 1753; baseline 0.004 -18"><span class='ocrx_word' id='word_1_555' title='bbox 2261 1680 2678 1753; x_wconf 90' lang='lat' dir='ltr'>qualicumque</span> <span class='ocrx_word' id='word_1_556' title='bbox 2704 1684 2839 1753; x_wconf 89' lang='lat' dir='ltr'>vita,</span> <span class='ocrx_word' id='word_1_557' title='bbox 2864 1684 3040 1738; x_wconf 91' lang='lat' dir='ltr'>etiam</span> <span class='ocrx_word' id='word_1_558' title='bbox 3076 1700 3209 1738; x_wconf 89' lang='lat' dir='ltr'>cum</span> <span class='ocrx_word' id='word_1_559' title='bbox 3254 1683 3586 1739; x_wconf 89' lang='lat' dir='ltr'>miserrima</span> <span class='ocrx_word' id='word_1_560' title='bbox 3619 1689 3731 1751; x_wconf 87' lang='lat' dir='ltr'>est,</span> <span class='ocrx_word' id='word_1_561' title='bbox 3756 1702 3918 1741; x_wconf 87' lang='lat' dir='ltr'>nun-</span> 
     </span>
    </p>
   </div>
   <div class='ocr_carea' id='block_1_78' title="bbox 2256 1770 3918 1843">
    <p class='ocr_par' dir='ltr' id='par_1_78' title="bbox 2256 1770 3918 1843">
     <span class='ocr_line' id='line_1_78' title="bbox 2256 1770 3918 1843; baseline 0.005 -20"><span class='ocrx_word' id='word_1_562' title='bbox 2256 1786 2429 1840; x_wconf 91' lang='lat' dir='ltr'>quam</span> <span class='ocrx_word' id='word_1_563' title='bbox 2462 1770 2677 1825; x_wconf 91' lang='lat' dir='ltr'>desinit</span> <span class='ocrx_word' id='word_1_564' title='bbox 2705 1774 2893 1827; x_wconf 84' lang='lat' dir='ltr'>vivere</span> <span class='ocrx_word' id='word_1_565' title='bbox 2920 1772 3032 1827; x_wconf 92' lang='lat' dir='ltr'>:ita</span> <span class='ocrx_word' id='word_1_566' title='bbox 3062 1772 3330 1843; x_wconf 90' lang='lat' dir='ltr'>quamvis</span> <span class='ocrx_word' id='word_1_567' title='bbox 3350 1773 3500 1827; x_wconf 89' lang='lat' dir='ltr'>ratio</span> <span class='ocrx_word' id='word_1_568' title='bbox 3531 1772 3617 1827; x_wconf 90' lang='lat' dir='ltr'>vel</span> <span class='ocrx_word' id='word_1_569' title='bbox 3652 1772 3918 1830; x_wconf 87' lang='lat' dir='ltr'>intellec-</span> 
     </span>
    </p>
   </div>
   <div class='ocr_carea' id='block_1_79' title="bbox 2256 1859 3913 1932">
    <p class='ocr_par' dir='ltr' id='par_1_79' title="bbox 2256 1859 3913 1932">
     <span class='ocr_line' id='line_1_79' title="bbox 2256 1859 3913 1932; baseline 0.004 -20"><span class='ocrx_word' id='word_1_570' title='bbox 2256 1861 2351 1913; x_wconf 90' lang='lat' dir='ltr'>tus</span> <span class='ocrx_word' id='word_1_571' title='bbox 2382 1876 2534 1913; x_wconf 92' lang='lat' dir='ltr'>nunc</span> <span class='ocrx_word' id='word_1_572' title='bbox 2570 1859 2627 1913; x_wconf 91' lang='lat' dir='ltr'>in</span> <span class='ocrx_word' id='word_1_573' title='bbox 2648 1877 2710 1914; x_wconf 90' lang='lat' dir='ltr'>ea</span> <span class='ocrx_word' id='word_1_574' title='bbox 2745 1860 2821 1914; x_wconf 91' lang='lat' dir='ltr'>sit</span> <span class='ocrx_word' id='word_1_575' title='bbox 2851 1860 3101 1931; x_wconf 88' lang='lat' dir='ltr'>sopitus,</span> <span class='ocrx_word' id='word_1_576' title='bbox 3131 1878 3288 1916; x_wconf 92' lang='lat' dir='ltr'>nunc</span> <span class='ocrx_word' id='word_1_577' title='bbox 3320 1878 3555 1932; x_wconf 87' lang='lat' dir='ltr'>parvus,</span> <span class='ocrx_word' id='word_1_578' title='bbox 3592 1878 3753 1918; x_wconf 88' lang='lat' dir='ltr'>nunc</span> <span class='ocrx_word' id='word_1_579' title='bbox 3786 1880 3913 1919; x_wconf 88' lang='lat' dir='ltr'>ma-</span> 
     </span>
    </p>
   </div>
   <div class='ocr_carea' id='block_1_80' title="bbox 2255 1947 3917 2019">
    <p class='ocr_par' dir='ltr' id='par_1_80' title="bbox 2255 1947 3917 2019">
     <span class='ocr_line' id='line_1_80' title="bbox 2255 1947 3917 2019; baseline 0.002 -19"><span class='ocrx_word' id='word_1_580' title='bbox 2255 1961 2407 2016; x_wconf 89' lang='lat' dir='ltr'>gnus</span> <span class='ocrx_word' id='word_1_581' title='bbox 2440 1952 2735 2017; x_wconf 89' lang='lat' dir='ltr'>appareat,</span> <span class='ocrx_word' id='word_1_582' title='bbox 2767 1964 3073 2019; x_wconf 90' lang='lat' dir='ltr'>nunquam</span> <span class='ocrx_word' id='word_1_583' title='bbox 3116 1948 3227 2003; x_wconf 88' lang='lat' dir='ltr'>nisi</span> <span class='ocrx_word' id='word_1_584' title='bbox 3262 1947 3562 2003; x_wconf 85' lang='lat' dir='ltr'>rationalis</span> <span class='ocrx_word' id='word_1_585' title='bbox 3593 1956 3651 2004; x_wconf 89' lang='lat' dir='ltr'>et</span> <span class='ocrx_word' id='word_1_586' title='bbox 3681 1948 3917 2005; x_wconf 89' lang='lat' dir='ltr'>intelle-</span> 
     </span>
    </p>
   </div>
   <div class='ocr_carea' id='block_1_81' title="bbox 2255 2036 3911 2109">
    <p class='ocr_par' dir='ltr' id='par_1_81' title="bbox 2255 2036 3911 2109">
     <span class='ocr_line' id='line_1_81' title="bbox 2255 2036 3911 2109; baseline 0.004 -21"><span class='ocrx_word' id='word_1_587' title='bbox 2255 2036 2466 2091; x_wconf 89' lang='lat' dir='ltr'>ctualis</span> <span class='ocrx_word' id='word_1_588' title='bbox 2484 2042 2573 2091; x_wconf 90' lang='lat' dir='ltr'>est</span> <span class='ocrx_word' id='word_1_589' title='bbox 2603 2037 2802 2093; x_wconf 89' lang='lat' dir='ltr'>anima</span> <span class='ocrx_word' id='word_1_590' title='bbox 2826 2036 3112 2107; x_wconf 77' lang='lat' dir='ltr'>humana;</span> <span class='ocrx_word' id='word_1_591' title='bbox 3139 2054 3203 2092; x_wconf 90' lang='lat' dir='ltr'>ac</span> <span class='ocrx_word' id='word_1_592' title='bbox 3228 2054 3330 2109; x_wconf 91' lang='lat' dir='ltr'>per</span> <span class='ocrx_word' id='word_1_593' title='bbox 3350 2036 3457 2092; x_wconf 92' lang='lat' dir='ltr'>hoc</span> <span class='ocrx_word' id='word_1_594' title='bbox 3489 2038 3538 2092; x_wconf 89' lang='lat' dir='ltr'>si</span> <span class='ocrx_word' id='word_1_595' title='bbox 3577 2040 3911 2095; x_wconf 87' lang='lat' dir='ltr'>secundum</span> 
     </span>
    </p>
   </div>
   <div class='ocr_carea' id='block_1_82' title="bbox 2254 2123 3913 2198">
    <p class='ocr_par' dir='ltr' id='par_1_82' title="bbox 2254 2123 3913 2198">
     <span class='ocr_line' id='line_1_82' title="bbox 2254 2123 3913 2198; baseline 0.004 -20"><span class='ocrx_word' id='word_1_596' title='bbox 2254 2123 2361 2179; x_wconf 94' lang='lat' dir='ltr'>hoc</span> <span class='ocrx_word' id='word_1_597' title='bbox 2380 2126 2529 2180; x_wconf 90' lang='lat' dir='ltr'>facta</span> <span class='ocrx_word' id='word_1_598' title='bbox 2545 2130 2633 2181; x_wconf 89' lang='lat' dir='ltr'>est</span> <span class='ocrx_word' id='word_1_599' title='bbox 2664 2127 2733 2181; x_wconf 90' lang='lat' dir='ltr'>ad</span> <span class='ocrx_word' id='word_1_600' title='bbox 2766 2125 3081 2198; x_wconf 87' lang='lat' dir='ltr'>imaginem</span> <span class='ocrx_word' id='word_1_601' title='bbox 3115 2126 3215 2183; x_wconf 92' lang='lat' dir='ltr'>Dei</span> <span class='ocrx_word' id='word_1_602' title='bbox 3248 2127 3400 2198; x_wconf 93' lang='lat' dir='ltr'>quod</span> <span class='ocrx_word' id='word_1_603' title='bbox 3438 2127 3523 2181; x_wconf 90' lang='lat' dir='ltr'>uti</span> <span class='ocrx_word' id='word_1_604' title='bbox 3560 2128 3786 2183; x_wconf 89' lang='lat' dir='ltr'>ratione</span> <span class='ocrx_word' id='word_1_605' title='bbox 3822 2132 3913 2184; x_wconf 89' lang='lat' dir='ltr'>at-</span> 
     </span>
    </p>
   </div>
   <div class='ocr_carea' id='block_1_83' title="bbox 2252 2213 3909 2287">
    <p class='ocr_par' dir='ltr' id='par_1_83' title="bbox 2252 2213 3909 2287">
     <span class='ocr_line' id='line_1_83' title="bbox 2252 2213 3909 2287; baseline 0.003 -20"><span class='ocrx_word' id='word_1_606' title='bbox 2252 2230 2363 2285; x_wconf 92' lang='lat' dir='ltr'>que</span> <span class='ocrx_word' id='word_1_607' title='bbox 2398 2213 2696 2270; x_wconf 87' lang='lat' dir='ltr'>intellectu</span> <span class='ocrx_word' id='word_1_608' title='bbox 2728 2216 2798 2270; x_wconf 92' lang='lat' dir='ltr'>ad</span> <span class='ocrx_word' id='word_1_609' title='bbox 2828 2215 3271 2287; x_wconf 89' lang='lat' dir='ltr'>intelligendum</span> <span class='ocrx_word' id='word_1_610' title='bbox 3322 2220 3380 2271; x_wconf 91' lang='lat' dir='ltr'>et</span> <span class='ocrx_word' id='word_1_611' title='bbox 3419 2216 3909 2287; x_wconf 87' lang='lat' dir='ltr'>conpisciendum</span> 
     </span>
    </p>
   </div>
   <div class='ocr_carea' id='block_1_84' title="bbox 2252 2303 3908 2376">
    <p class='ocr_par' dir='ltr' id='par_1_84' title="bbox 2252 2303 3908 2376">
     <span class='ocr_line' id='line_1_84' title="bbox 2252 2303 3908 2376; baseline 0.002 -19"><span class='ocrx_word' id='word_1_612' title='bbox 2252 2303 2431 2357; x_wconf 89' lang='lat' dir='ltr'>Deum</span> <span class='ocrx_word' id='word_1_613' title='bbox 2469 2307 2677 2375; x_wconf 92' lang='lat' dir='ltr'>potest,</span> <span class='ocrx_word' id='word_1_614' title='bbox 2700 2304 2953 2375; x_wconf 90' lang='lat' dir='ltr'>profecto</span> <span class='ocrx_word' id='word_1_615' title='bbox 2975 2305 3047 2360; x_wconf 91' lang='lat' dir='ltr'>ab</span> <span class='ocrx_word' id='word_1_616' title='bbox 3068 2304 3233 2359; x_wconf 90' lang='lat' dir='ltr'>initio</span> <span class='ocrx_word' id='word_1_617' title='bbox 3272 2321 3386 2376; x_wconf 88' lang='lat' dir='ltr'>quo</span> <span class='ocrx_word' id='word_1_618' title='bbox 3421 2320 3550 2359; x_wconf 90' lang='lat' dir='ltr'>esse</span> <span class='ocrx_word' id='word_1_619' title='bbox 3582 2306 3761 2376; x_wconf 78' lang='lat' dir='ltr'>coepit</span> <span class='ocrx_word' id='word_1_620' title='bbox 3789 2305 3908 2361; x_wconf 89' lang='lat' dir='ltr'>ista</span> 
     </span>
    </p>
   </div>
   <div class='ocr_carea' id='block_1_85' title="bbox 2250 2393 3907 2464">
    <p class='ocr_par' dir='ltr' id='par_1_85' title="bbox 2250 2393 3907 2464">
     <span class='ocr_line' id='line_1_85' title="bbox 2250 2393 3907 2464; baseline 0.004 -19"><span class='ocrx_word' id='word_1_621' title='bbox 2250 2396 2368 2446; x_wconf 92' lang='lat' dir='ltr'>tam</span> <span class='ocrx_word' id='word_1_622' title='bbox 2389 2409 2603 2464; x_wconf 89' lang='lat' dir='ltr'>magna</span> <span class='ocrx_word' id='word_1_623' title='bbox 2622 2397 2681 2448; x_wconf 91' lang='lat' dir='ltr'>et</span> <span class='ocrx_word' id='word_1_624' title='bbox 2712 2394 2859 2449; x_wconf 89' lang='lat' dir='ltr'>mira</span> <span class='ocrx_word' id='word_1_625' title='bbox 2878 2397 3108 2461; x_wconf 88' lang='lat' dir='ltr'>natura,</span> <span class='ocrx_word' id='word_1_626' title='bbox 3143 2393 3263 2449; x_wconf 89' lang='lat' dir='ltr'>sive</span> <span class='ocrx_word' id='word_1_627' title='bbox 3285 2394 3365 2448; x_wconf 89' lang='lat' dir='ltr'>ita</span> <span class='ocrx_word' id='word_1_628' title='bbox 3396 2393 3653 2450; x_wconf 89' lang='lat' dir='ltr'>obsoleta</span> <span class='ocrx_word' id='word_1_629' title='bbox 3674 2394 3752 2449; x_wconf 90' lang='lat' dir='ltr'>sit</span> <span class='ocrx_word' id='word_1_630' title='bbox 3780 2393 3907 2451; x_wconf 67' lang='lat' dir='ltr'>haec</span> 
     </span>
    </p>
   </div>
   <div class='ocr_carea' id='block_1_86' title="bbox 2249 2480 3903 2554">
    <p class='ocr_par' dir='ltr' id='par_1_86' title="bbox 2249 2480 3903 2554">
     <span class='ocr_line' id='line_1_86' title="bbox 2249 2480 3903 2554; baseline 0.002 -19"><span class='ocrx_word' id='word_1_631' title='bbox 2249 2480 2464 2553; x_wconf 89' lang='lat' dir='ltr'>imago,</span> <span class='ocrx_word' id='word_1_632' title='bbox 2499 2488 2563 2536; x_wconf 89' lang='lat' dir='ltr'>ut</span> <span class='ocrx_word' id='word_1_633' title='bbox 2596 2498 2739 2553; x_wconf 90' lang='lat' dir='ltr'>pene</span> <span class='ocrx_word' id='word_1_634' title='bbox 2769 2481 2932 2537; x_wconf 86' lang='lat' dir='ltr'>nulla</span> <span class='ocrx_word' id='word_1_635' title='bbox 2960 2482 3060 2553; x_wconf 85' lang='lat' dir='ltr'>sit,</span> <span class='ocrx_word' id='word_1_636' title='bbox 3088 2483 3207 2538; x_wconf 86' lang='lat' dir='ltr'>sive</span> <span class='ocrx_word' id='word_1_637' title='bbox 3235 2483 3486 2538; x_wconf 91' lang='lat' dir='ltr'>obscura</span> <span class='ocrx_word' id='word_1_638' title='bbox 3514 2486 3689 2554; x_wconf 88' lang='lat' dir='ltr'>atque</span> <span class='ocrx_word' id='word_1_639' title='bbox 3708 2484 3903 2539; x_wconf 85' lang='lat' dir='ltr'>defor-</span> 
     </span>
    </p>
   </div>
   <div class='ocr_carea' id='block_1_87' title="bbox 2249 2569 3901 2644">
    <p class='ocr_par' dir='ltr' id='par_1_87' title="bbox 2249 2569 3901 2644">
     <span class='ocr_line' id='line_1_87' title="bbox 2249 2569 3901 2644; baseline 0.002 -19"><span class='ocrx_word' id='word_1_640' title='bbox 2249 2570 2386 2637; x_wconf 91' lang='lat' dir='ltr'>mis,</span> <span class='ocrx_word' id='word_1_641' title='bbox 2417 2569 2535 2626; x_wconf 91' lang='lat' dir='ltr'>sive</span> <span class='ocrx_word' id='word_1_642' title='bbox 2570 2570 2725 2627; x_wconf 85' lang='lat' dir='ltr'>clara</span> <span class='ocrx_word' id='word_1_643' title='bbox 2745 2576 2802 2626; x_wconf 91' lang='lat' dir='ltr'>et</span> <span class='ocrx_word' id='word_1_644' title='bbox 2833 2570 3079 2643; x_wconf 89' lang='lat' dir='ltr'>pulchra</span> <span class='ocrx_word' id='word_1_645' title='bbox 3099 2572 3195 2637; x_wconf 87' lang='lat' dir='ltr'>sit,</span> <span class='ocrx_word' id='word_1_646' title='bbox 3230 2588 3465 2643; x_wconf 89' lang='lat' dir='ltr'>semper</span> <span class='ocrx_word' id='word_1_647' title='bbox 3493 2577 3601 2627; x_wconf 92' lang='lat' dir='ltr'>est.</span> <span class='ocrx_word' id='word_1_648' title='bbox 3635 2574 3901 2644; x_wconf 87' lang='lat' dir='ltr'>Denique</span> 
     </span>
    </p>
   </div>
   <div class='ocr_carea' id='block_1_88' title="bbox 2247 2658 3899 2732">
    <p class='ocr_par' dir='ltr' id='par_1_88' title="bbox 2247 2658 3899 2732">
     <span class='ocr_line' id='line_1_88' title="bbox 2247 2658 3899 2732; baseline 0.004 -20"><span class='ocrx_word' id='word_1_649' title='bbox 2247 2658 2670 2715; x_wconf 89' lang='lat' dir='ltr'>deformitatem</span> <span class='ocrx_word' id='word_1_650' title='bbox 2697 2660 3002 2732; x_wconf 88' lang='lat' dir='ltr'>dignitatis</span> <span class='ocrx_word' id='word_1_651' title='bbox 3034 2661 3160 2731; x_wconf 90' lang='lat' dir='ltr'>ejus</span> <span class='ocrx_word' id='word_1_652' title='bbox 3192 2661 3481 2717; x_wconf 90' lang='lat' dir='ltr'>miserans</span> <span class='ocrx_word' id='word_1_653' title='bbox 3512 2662 3709 2717; x_wconf 87' lang='lat' dir='ltr'>divina</span> <span class='ocrx_word' id='word_1_654' title='bbox 3738 2662 3899 2718; x_wconf 91' lang='lat' dir='ltr'>Scri-</span> 
     </span>
    </p>
   </div>
   <div class='ocr_carea' id='block_1_89' title="bbox 2247 2748 3899 2820">
    <p class='ocr_par' dir='ltr' id='par_1_89' title="bbox 2247 2748 3899 2820">
     <span class='ocr_line' id='line_1_89' title="bbox 2247 2748 3899 2820; baseline 0.004 -19"><span class='ocrx_word' id='word_1_655' title='bbox 2247 2750 2440 2818; x_wconf 88' lang='lat' dir='ltr'>ptura,</span> <span class='ocrx_word' id='word_1_656' title='bbox 2475 2749 2816 2820; x_wconf 85' lang='lat' dir='ltr'>Quanquam,</span> <span class='ocrx_word' id='word_1_657' title='bbox 2839 2748 3048 2820; x_wconf 82' lang='lat' dir='ltr'>inquit,</span> <span class='ocrx_word' id='word_1_658' title='bbox 3070 2752 3131 2803; x_wconf 85' lang='lat' dir='ltr'>in</span> <span class='ocrx_word' id='word_1_659' title='bbox 3162 2751 3427 2819; x_wconf 66' lang='lat' dir='ltr'>imagine‘</span> <span class='ocrx_word' id='word_1_660' title='bbox 3453 2751 3698 2806; x_wconf 81' lang='lat' dir='ltr'>ambulat</span> <span class='ocrx_word' id='word_1_661' title='bbox 3716 2752 3899 2819; x_wconf 87' lang='lat' dir='ltr'>homo,</span> 
     </span>
    </p>
   </div>
   <div class='ocr_carea' id='block_1_90' title="bbox 2248 2839 3905 2907">
    <p class='ocr_par' dir='ltr' id='par_1_90' title="bbox 2248 2839 3905 2907">
     <span class='ocr_line' id='line_1_90' title="bbox 2248 2839 3905 2907; baseline 0.004 -17"><span class='ocrx_word' id='word_1_662' title='bbox 2248 2840 2429 2891; x_wconf 81' lang='lat' dir='ltr'>tamen</span> <span class='ocrx_word' id='word_1_663' title='bbox 2458 2854 2595 2891; x_wconf 81' lang='lat' dir='ltr'>vane</span> <span class='ocrx_word' id='word_1_664' title='bbox 2639 2840 3029 2894; x_wconf 84' lang='lat' dir='ltr'>conturbatur:</span> <span class='ocrx_word' id='word_1_665' title='bbox 3074 2839 3442 2907; x_wconf 66' lang='lat' dir='ltr'>thesaurizat,</span> <span class='ocrx_word' id='word_1_666' title='bbox 3495 2842 3545 2894; x_wconf 88' lang='lat' dir='ltr'>et</span> <span class='ocrx_word' id='word_1_667' title='bbox 3589 2842 3763 2895; x_wconf 75' lang='lat' dir='ltr'>nescit</span> <span class='ocrx_word' id='word_1_668' title='bbox 3809 2845 3905 2896; x_wconf 84' lang='lat' dir='ltr'>cui</span> 
     </span>
    </p>
   </div>
   <div class='ocr_carea' id='block_1_91' title="bbox 2244 2927 3900 2999">
    <p class='ocr_par' dir='ltr' id='par_1_91' title="bbox 2244 2927 3900 2999">
     <span class='ocr_line' id='line_1_91' title="bbox 2244 2927 3900 2999; baseline 0.003 -20"><span class='ocrx_word' id='word_1_669' title='bbox 2244 2927 2592 2996; x_wconf 75' lang='lat' dir='ltr'>coagregabit</span> <span class='ocrx_word' id='word_1_670' title='bbox 2615 2943 2679 2981; x_wconf 88' lang='lat' dir='ltr'>ea</span> <span class='ocrx_word' id='word_1_671' title='bbox 2709 2928 2884 2997; x_wconf 80' lang='lat' dir='ltr'>(Psal.</span> <span class='ocrx_word' id='word_1_672' title='bbox 2920 2944 3158 2996; x_wconf 80' lang='lat' dir='ltr'>xxxvux,</span> <span class='ocrx_word' id='word_1_673' title='bbox 3188 2930 3266 2996; x_wconf 90' lang='lat'>7).</span> <span class='ocrx_word' id='word_1_674' title='bbox 3300 2928 3424 2983; x_wconf 89' lang='lat' dir='ltr'>Non</span> <span class='ocrx_word' id='word_1_675' title='bbox 3448 2929 3645 2999; x_wconf 88' lang='lat' dir='ltr'>itaque</span> <span class='ocrx_word' id='word_1_676' title='bbox 3676 2930 3900 2985; x_wconf 88' lang='lat' dir='ltr'>vanita-</span> 
     </span>
    </p>
   </div>
   <div class='ocr_carea' id='block_1_92' title="bbox 2244 3014 3901 3086">
    <p class='ocr_par' dir='ltr' id='par_1_92' title="bbox 2244 3014 3901 3086">
     <span class='ocr_line' id='line_1_92' title="bbox 2244 3014 3901 3086; baseline 0.003 -18"><span class='ocrx_word' id='word_1_677' title='bbox 2244 3019 2362 3069; x_wconf 90' lang='lat' dir='ltr'>tem</span> <span class='ocrx_word' id='word_1_678' title='bbox 2393 3014 2635 3086; x_wconf 89' lang='lat' dir='ltr'>imagini</span> <span class='ocrx_word' id='word_1_679' title='bbox 2660 3014 2757 3070; x_wconf 92' lang='lat' dir='ltr'>Dei</span> <span class='ocrx_word' id='word_1_680' title='bbox 2792 3016 3093 3081; x_wconf 89' lang='lat' dir='ltr'>tribueret,</span> <span class='ocrx_word' id='word_1_681' title='bbox 3126 3015 3239 3070; x_wconf 90' lang='lat' dir='ltr'>nisi</span> <span class='ocrx_word' id='word_1_682' title='bbox 3283 3017 3598 3071; x_wconf 87' lang='lat' dir='ltr'>deformem</span> <span class='ocrx_word' id='word_1_683' title='bbox 3630 3024 3901 3074; x_wconf 89' lang='lat' dir='ltr'>cerneret</span> 
     </span>
    </p>
   </div>
   <div class='ocr_carea' id='block_1_93' title="bbox 2246 3103 3904 3175">
    <p class='ocr_par' dir='ltr' id='par_1_93' title="bbox 2246 3103 3904 3175">
     <span class='ocr_line' id='line_1_93' title="bbox 2246 3103 3904 3175; baseline 0.004 -19"><span class='ocrx_word' id='word_1_684' title='bbox 2246 3103 2477 3157; x_wconf 88' lang='lat' dir='ltr'>factam.</span> <span class='ocrx_word' id='word_1_685' title='bbox 2513 3103 2625 3158; x_wconf 91' lang='lat' dir='ltr'>Nec</span> <span class='ocrx_word' id='word_1_686' title='bbox 2650 3108 2878 3158; x_wconf 88' lang='lat' dir='ltr'>tantum</span> <span class='ocrx_word' id='word_1_687' title='bbox 2908 3103 3097 3159; x_wconf 90' lang='lat' dir='ltr'>valere</span> <span class='ocrx_word' id='word_1_688' title='bbox 3141 3103 3300 3159; x_wconf 90' lang='lat' dir='ltr'>illam</span> <span class='ocrx_word' id='word_1_689' title='bbox 3347 3105 3803 3175; x_wconf 87' lang='lat' dir='ltr'>deformitatem,</span> <span class='ocrx_word' id='word_1_690' title='bbox 3837 3110 3904 3163; x_wconf 86' lang='lat' dir='ltr'>ut</span> 
     </span>
    </p>
   </div>
   <div class='ocr_carea' id='block_1_94' title="bbox 2246 3192 3901 3265">
    <p class='ocr_par' dir='ltr' id='par_1_94' title="bbox 2246 3192 3901 3265">
     <span class='ocr_line' id='line_1_94' title="bbox 2246 3192 3901 3265; baseline 0.003 -20"><span class='ocrx_word' id='word_1_691' title='bbox 2246 3192 2468 3246; x_wconf 89' lang='lat' dir='ltr'>auferat</span> <span class='ocrx_word' id='word_1_692' title='bbox 2486 3193 2638 3263; x_wconf 89' lang='lat' dir='ltr'>quod</span> <span class='ocrx_word' id='word_1_693' title='bbox 2658 3192 2848 3265; x_wconf 89' lang='lat' dir='ltr'>imago</span> <span class='ocrx_word' id='word_1_694' title='bbox 2866 3197 2954 3248; x_wconf 90' lang='lat' dir='ltr'>est</span> <span class='ocrx_word' id='word_1_695' title='bbox 2974 3193 3119 3248; x_wconf 89' lang='lat' dir='ltr'>satis</span> <span class='ocrx_word' id='word_1_696' title='bbox 3138 3193 3411 3264; x_wconf 88' lang='lat' dir='ltr'>ostendit,</span> <span class='ocrx_word' id='word_1_697' title='bbox 3426 3193 3693 3261; x_wconf 91' lang='lat' dir='ltr'>dicendo,</span> <span class='ocrx_word' id='word_1_698' title='bbox 3711 3196 3901 3263; x_wconf 84' lang='lat' dir='ltr'>Quan-</span> 
     </span>
    </p>
   </div>
   <div class='ocr_carea' id='block_1_95' title="bbox 2244 3281 3901 3354">
    <p class='ocr_par' dir='ltr' id='par_1_95' title="bbox 2244 3281 3901 3354">
     <span class='ocr_line' id='line_1_95' title="bbox 2244 3281 3901 3354; baseline 0.004 -20"><span class='ocrx_word' id='word_1_699' title='bbox 2244 3298 2409 3354; x_wconf 86' lang='lat' dir='ltr'>quam</span> <span class='ocrx_word' id='word_1_700' title='bbox 2440 3283 2499 3335; x_wconf 88' lang='lat' dir='ltr'>in</span> <span class='ocrx_word' id='word_1_701' title='bbox 2527 3284 2774 3353; x_wconf 85' lang='lat' dir='ltr'>imagine</span> <span class='ocrx_word' id='word_1_702' title='bbox 2797 3282 3036 3336; x_wconf 78' lang='lat' dir='ltr'>ambulat</span> <span class='ocrx_word' id='word_1_703' title='bbox 3066 3281 3242 3337; x_wconf 89' lang='lat' dir='ltr'>homo.</span> <span class='ocrx_word' id='word_1_704' title='bbox 3263 3282 3629 3354; x_wconf 88' lang='lat' dir='ltr'>Quapropter</span> <span class='ocrx_word' id='word_1_705' title='bbox 3644 3300 3715 3338; x_wconf 82' lang='lat' dir='ltr'>ex</span> <span class='ocrx_word' id='word_1_706' title='bbox 3732 3289 3901 3340; x_wconf 89' lang='lat' dir='ltr'>utra-</span> 
     </span>
    </p>
   </div>
   <div class='ocr_carea' id='block_1_96' title="bbox 2246 3371 3895 3442">
    <p class='ocr_par' dir='ltr' id='par_1_96' title="bbox 2246 3371 3895 3442">
     <span class='ocr_line' id='line_1_96' title="bbox 2246 3371 3895 3442; baseline 0.004 -18"><span class='ocrx_word' id='word_1_707' title='bbox 2246 3385 2357 3441; x_wconf 91' lang='lat' dir='ltr'>que</span> <span class='ocrx_word' id='word_1_708' title='bbox 2378 3376 2535 3441; x_wconf 91' lang='lat' dir='ltr'>parte</span> <span class='ocrx_word' id='word_1_709' title='bbox 2554 3371 2834 3427; x_wconf 88' lang='lat' dir='ltr'>veraciter</span> <span class='ocrx_word' id='word_1_710' title='bbox 2850 3371 3216 3442; x_wconf 89' lang='lat' dir='ltr'>pronuntiari</span> <span class='ocrx_word' id='word_1_711' title='bbox 3240 3375 3430 3442; x_wconf 91' lang='lat' dir='ltr'>potest</span> <span class='ocrx_word' id='word_1_712' title='bbox 3452 3371 3564 3426; x_wconf 89' lang='lat' dir='ltr'>ista</span> <span class='ocrx_word' id='word_1_713' title='bbox 3581 3373 3895 3442; x_wconf 81' lang='lat' dir='ltr'>sententia,</span> 
     </span>
    </p>
   </div>
   <div class='ocr_carea' id='block_1_97' title="bbox 2246 3459 3894 3531">
    <p class='ocr_par' dir='ltr' id='par_1_97' title="bbox 2246 3459 3894 3531">
     <span class='ocr_line' id='line_1_97' title="bbox 2246 3459 3894 3531; baseline 0.004 -18"><span class='ocrx_word' id='word_1_714' title='bbox 2246 3465 2307 3514; x_wconf 90' lang='lat' dir='ltr'>ut</span> <span class='ocrx_word' id='word_1_715' title='bbox 2325 3460 2820 3530; x_wconf 88' lang='lat' dir='ltr'>quemadmodum</span> <span class='ocrx_word' id='word_1_716' title='bbox 2843 3459 3063 3514; x_wconf 89' lang='lat' dir='ltr'>dictum</span> <span class='ocrx_word' id='word_1_717' title='bbox 3086 3467 3193 3527; x_wconf 87' lang='lat' dir='ltr'>est,</span> <span class='ocrx_word' id='word_1_718' title='bbox 3212 3460 3537 3530; x_wconf 84' lang='lat' dir='ltr'>Quanquam</span> <span class='ocrx_word' id='word_1_719' title='bbox 3563 3464 3618 3515; x_wconf 87' lang='lat' dir='ltr'>in</span> <span class='ocrx_word' id='word_1_720' title='bbox 3643 3463 3894 3531; x_wconf 82' lang='lat' dir='ltr'>imagine</span> 
     </span>
    </p>
   </div>
   <div class='ocr_carea' id='block_1_98' title="bbox 2244 3548 3892 3620">
    <p class='ocr_par' dir='ltr' id='par_1_98' title="bbox 2244 3548 3892 3620">
     <span class='ocr_line' id='line_1_98' title="bbox 2244 3548 3892 3620; baseline 0.002 -17"><span class='ocrx_word' id='word_1_721' title='bbox 2244 3549 2491 3603; x_wconf 79' lang='lat' dir='ltr'>ambulat</span> <span class='ocrx_word' id='word_1_722' title='bbox 2519 3548 2694 3617; x_wconf 89' lang='lat' dir='ltr'>homo,</span> <span class='ocrx_word' id='word_1_723' title='bbox 2720 3552 2907 3604; x_wconf 78' lang='lat' dir='ltr'>tamen</span> <span class='ocrx_word' id='word_1_724' title='bbox 2936 3564 3073 3604; x_wconf 86' lang='lat' dir='ltr'>vane</span> <span class='ocrx_word' id='word_1_725' title='bbox 3100 3550 3497 3611; x_wconf 81' lang='lat' dir='ltr'>conturbatur;</span> <span class='ocrx_word' id='word_1_726' title='bbox 3528 3549 3609 3606; x_wconf 80' lang='lat' dir='ltr'>ita</span> <span class='ocrx_word' id='word_1_727' title='bbox 3638 3551 3892 3620; x_wconf 90' lang='lat' dir='ltr'>dicatur,</span> 
     </span>
    </p>
   </div>
   <div class='ocr_carea' id='block_1_99' title="bbox 2245 3638 3894 3709">
    <p class='ocr_par' dir='ltr' id='par_1_99' title="bbox 2245 3638 3894 3709">
     <span class='ocr_line' id='line_1_99' title="bbox 2245 3638 3894 3709; baseline 0.002 -17"><span class='ocrx_word' id='word_1_728' title='bbox 2245 3639 2586 3709; x_wconf 87' lang='lat' dir='ltr'>Quanquam</span> <span class='ocrx_word' id='word_1_729' title='bbox 2617 3655 2760 3694; x_wconf 90' lang='lat' dir='ltr'>vane</span> <span class='ocrx_word' id='word_1_730' title='bbox 2782 3639 3161 3693; x_wconf 85' lang='lat' dir='ltr'>conturbatur</span> <span class='ocrx_word' id='word_1_731' title='bbox 3192 3638 3391 3705; x_wconf 89' lang='lat' dir='ltr'>homo,</span> <span class='ocrx_word' id='word_1_732' title='bbox 3418 3643 3615 3694; x_wconf 90' lang='lat' dir='ltr'>tamen</span> <span class='ocrx_word' id='word_1_733' title='bbox 3648 3639 3708 3695; x_wconf 91' lang='lat' dir='ltr'>in</span> <span class='ocrx_word' id='word_1_734' title='bbox 3740 3640 3894 3697; x_wconf 89' lang='lat' dir='ltr'>ima-</span> 
     </span>
    </p>
   </div>
   <div class='ocr_carea' id='block_1_100' title="bbox 2244 3726 3896 3798">
    <p class='ocr_par' dir='ltr' id='par_1_100' title="bbox 2244 3726 3896 3798">
     <span class='ocr_line' id='line_1_100' title="bbox 2244 3726 3896 3798; baseline 0.004 -19"><span class='ocrx_word' id='word_1_735' title='bbox 2244 3728 2377 3798; x_wconf 91' lang='lat' dir='ltr'>gine</span> <span class='ocrx_word' id='word_1_736' title='bbox 2404 3726 2686 3783; x_wconf 90' lang='lat' dir='ltr'>ambulat.</span> <span class='ocrx_word' id='word_1_737' title='bbox 2720 3728 3058 3797; x_wconf 88' lang='lat' dir='ltr'>Quanquam</span> <span class='ocrx_word' id='word_1_738' title='bbox 3099 3727 3255 3781; x_wconf 91' lang='lat' dir='ltr'>enim</span> <span class='ocrx_word' id='word_1_739' title='bbox 3302 3743 3515 3798; x_wconf 88' lang='lat' dir='ltr'>magna</span> <span class='ocrx_word' id='word_1_740' title='bbox 3557 3732 3772 3784; x_wconf 91' lang='lat' dir='ltr'>natura</span> <span class='ocrx_word' id='word_1_741' title='bbox 3820 3730 3896 3785; x_wconf 90' lang='lat' dir='ltr'>sit</span> 
     </span>
    </p>
   </div>
   <div class='ocr_carea' id='block_1_101' title="bbox 2242 3816 3892 3889">
    <p class='ocr_par' dir='ltr' id='par_1_101' title="bbox 2242 3816 3892 3889">
     <span class='ocr_line' id='line_1_101' title="bbox 2242 3816 3892 3889; baseline 0.002 -19"><span class='ocrx_word' id='word_1_742' title='bbox 2242 3820 2435 3871; x_wconf 83' lang='lat' dir='ltr'>tamen</span> <span class='ocrx_word' id='word_1_743' title='bbox 2458 3816 2645 3876; x_wconf 85' lang='lat' dir='ltr'>vitiari</span> <span class='ocrx_word' id='word_1_744' title='bbox 2677 3816 2886 3887; x_wconf 90' lang='lat' dir='ltr'>potuit,</span> <span class='ocrx_word' id='word_1_745' title='bbox 2906 3816 3039 3885; x_wconf 89' lang='lat' dir='ltr'>quia</span> <span class='ocrx_word' id='word_1_746' title='bbox 3058 3832 3292 3871; x_wconf 88' lang='lat' dir='ltr'>summa</span> <span class='ocrx_word' id='word_1_747' title='bbox 3323 3833 3436 3871; x_wconf 88' lang='lat' dir='ltr'>non</span> <span class='ocrx_word' id='word_1_748' title='bbox 3456 3820 3575 3872; x_wconf 89' lang='lat' dir='ltr'>est:</span> <span class='ocrx_word' id='word_1_749' title='bbox 3603 3821 3661 3872; x_wconf 91' lang='lat' dir='ltr'>et</span> <span class='ocrx_word' id='word_1_750' title='bbox 3704 3834 3892 3889; x_wconf 83' lang='lat' dir='ltr'>quan-</span> 
     </span>
    </p>
   </div>
   <div class='ocr_carea' id='block_1_102' title="bbox 2242 3903 3896 3977">
    <p class='ocr_par' dir='ltr' id='par_1_102' title="bbox 2242 3903 3896 3977">
     <span class='ocr_line' id='line_1_102' title="bbox 2242 3903 3896 3977; baseline 0.001 -17"><span class='ocrx_word' id='word_1_751' title='bbox 2242 3922 2418 3977; x_wconf 89' lang='lat' dir='ltr'>quam</span> <span class='ocrx_word' id='word_1_752' title='bbox 2432 3906 2619 3961; x_wconf 89' lang='lat' dir='ltr'>vitiari</span> <span class='ocrx_word' id='word_1_753' title='bbox 2639 3906 2887 3976; x_wconf 90' lang='lat' dir='ltr'>potuerit</span> <span class='ocrx_word' id='word_1_754' title='bbox 2905 3906 3042 3977; x_wconf 90' lang='lat' dir='ltr'>quia</span> <span class='ocrx_word' id='word_1_755' title='bbox 3054 3920 3183 3960; x_wconf 91' lang='lat' dir='ltr'>sum</span> <span class='ocrx_word' id='word_1_756' title='bbox 3195 3922 3288 3960; x_wconf 87' lang='lat' dir='ltr'>ma</span> <span class='ocrx_word' id='word_1_757' title='bbox 3301 3922 3414 3961; x_wconf 92' lang='lat' dir='ltr'>non</span> <span class='ocrx_word' id='word_1_758' title='bbox 3429 3903 3741 3974; x_wconf 63' lang='lat' dir='ltr'>est,tameu</span> <span class='ocrx_word' id='word_1_759' title='bbox 3758 3908 3896 3977; x_wconf 89' lang='lat' dir='ltr'>quia</span> 
     </span>
    </p>
   </div>
   <div class='ocr_carea' id='block_1_103' title="bbox 2240 3998 3891 4071">
    <p class='ocr_par' dir='ltr' id='par_1_103' title="bbox 2240 3998 3891 4071">
     <span class='ocr_line' id='line_1_103' title="bbox 2240 3998 3891 4071; baseline 0.002 -20"><span class='ocrx_word' id='word_1_760' title='bbox 2240 4015 2483 4052; x_wconf 70' lang='lat' dir='ltr'>summm</span> <span class='ocrx_word' id='word_1_761' title='bbox 2509 4002 2725 4052; x_wconf 65' lang='lat' dir='ltr'>natura:</span> <span class='ocrx_word' id='word_1_762' title='bbox 2757 4012 2935 4068; x_wconf 81' lang='lat' dir='ltr'>capax</span> <span class='ocrx_word' id='word_1_763' title='bbox 2964 4002 3073 4060; x_wconf 90' lang='lat' dir='ltr'>est,</span> <span class='ocrx_word' id='word_1_764' title='bbox 3106 4001 3161 4051; x_wconf 85' lang='lat' dir='ltr'>et</span> <span class='ocrx_word' id='word_1_765' title='bbox 3192 4013 3319 4052; x_wconf 88' lang='lat' dir='ltr'>esse</span> <span class='ocrx_word' id='word_1_766' title='bbox 3350 3998 3642 4068; x_wconf 87' lang='lat' dir='ltr'>particeps</span> <span class='ocrx_word' id='word_1_767' title='bbox 3677 4005 3891 4071; x_wconf 86' lang='lat' dir='ltr'>potest,</span> 
     </span>
    </p>
   </div>
   <div class='ocr_carea' id='block_1_104' title="bbox 2241 4086 3893 4159">
    <p class='ocr_par' dir='ltr' id='par_1_104' title="bbox 2241 4086 3893 4159">
     <span class='ocr_line' id='line_1_104' title="bbox 2241 4086 3893 4159; baseline 0.001 -16"><span class='ocrx_word' id='word_1_768' title='bbox 2241 4105 2454 4159; x_wconf 86' lang='lat' dir='ltr'>magna</span> <span class='ocrx_word' id='word_1_769' title='bbox 2482 4093 2691 4143; x_wconf 87' lang='lat' dir='ltr'>natura</span> <span class='ocrx_word' id='word_1_770' title='bbox 2719 4092 2825 4143; x_wconf 88' lang='lat' dir='ltr'>est.</span> <span class='ocrx_word' id='word_1_771' title='bbox 2869 4088 3209 4151; x_wconf 72' lang='lat' dir='ltr'>Quaeramus</span> <span class='ocrx_word' id='word_1_772' title='bbox 3254 4087 3435 4159; x_wconf 90' lang='lat' dir='ltr'>igitur</span> <span class='ocrx_word' id='word_1_773' title='bbox 3473 4086 3530 4142; x_wconf 92' lang='lat' dir='ltr'>in</span> <span class='ocrx_word' id='word_1_774' title='bbox 3578 4088 3688 4144; x_wconf 91' lang='lat' dir='ltr'>hac</span> <span class='ocrx_word' id='word_1_775' title='bbox 3744 4090 3893 4145; x_wconf 87' lang='lat' dir='ltr'>ima-</span> 
     </span>
    </p>
   </div>
   <div class='ocr_carea' id='block_1_105' title="bbox 2236 4175 3892 4249">
    <p class='ocr_par' dir='ltr' id='par_1_105' title="bbox 2236 4175 3892 4249">
     <span class='ocr_line' id='line_1_105' title="bbox 2236 4175 3892 4249; baseline 0.002 -19"><span class='ocrx_word' id='word_1_776' title='bbox 2236 4177 2367 4249; x_wconf 86' lang='lat' dir='ltr'>gine</span> <span class='ocrx_word' id='word_1_777' title='bbox 2411 4178 2507 4232; x_wconf 90' lang='lat' dir='ltr'>Dei</span> <span class='ocrx_word' id='word_1_778' title='bbox 2543 4178 2856 4248; x_wconf 89' lang='lat' dir='ltr'>quamdam</span> <span class='ocrx_word' id='word_1_779' title='bbox 2905 4176 2994 4230; x_wconf 90' lang='lat' dir='ltr'>sui</span> <span class='ocrx_word' id='word_1_780' title='bbox 3044 4175 3273 4248; x_wconf 84' lang='lat' dir='ltr'>generis</span> <span class='ocrx_word' id='word_1_781' title='bbox 3329 4176 3679 4245; x_wconf 88' lang='lat' dir='ltr'>trinitatem,</span> <span class='ocrx_word' id='word_1_782' title='bbox 3726 4180 3892 4249; x_wconf 85' lang='lat' dir='ltr'>adju-</span> 
     </span>
    </p>
   </div>
   <div class='ocr_carea' id='block_1_106' title="bbox 2235 4265 3885 4338">
    <p class='ocr_par' dir='ltr' id='par_1_106' title="bbox 2235 4265 3885 4338">
     <span class='ocr_line' id='line_1_106' title="bbox 2235 4265 3885 4338; baseline 0.003 -18"><span class='ocrx_word' id='word_1_783' title='bbox 2235 4272 2403 4321; x_wconf 90' lang='lat' dir='ltr'>vante</span> <span class='ocrx_word' id='word_1_784' title='bbox 2452 4267 2578 4338; x_wconf 90' lang='lat' dir='ltr'>ipso</span> <span class='ocrx_word' id='word_1_785' title='bbox 2622 4266 2718 4336; x_wconf 88' lang='lat' dir='ltr'>qui</span> <span class='ocrx_word' id='word_1_786' title='bbox 2753 4283 2856 4321; x_wconf 92' lang='lat' dir='ltr'>nos</span> <span class='ocrx_word' id='word_1_787' title='bbox 2892 4266 3024 4321; x_wconf 88' lang='lat' dir='ltr'>fecit</span> <span class='ocrx_word' id='word_1_788' title='bbox 3054 4267 3122 4321; x_wconf 89' lang='lat' dir='ltr'>ad</span> <span class='ocrx_word' id='word_1_789' title='bbox 3159 4265 3475 4338; x_wconf 90' lang='lat' dir='ltr'>imaginem</span> <span class='ocrx_word' id='word_1_790' title='bbox 3528 4284 3723 4323; x_wconf 89' lang='lat' dir='ltr'>suam.</span> <span class='ocrx_word' id='word_1_791' title='bbox 3760 4269 3885 4325; x_wconf 89' lang='lat' dir='ltr'>Non</span> 
     </span>
    </p>
   </div>
   <div class='ocr_carea' id='block_1_107' title="bbox 2232 4354 3885 4427">
    <p class='ocr_par' dir='ltr' id='par_1_107' title="bbox 2232 4354 3885 4427">
     <span class='ocr_line' id='line_1_107' title="bbox 2232 4354 3885 4427; baseline 0.002 -17"><span class='ocrx_word' id='word_1_792' title='bbox 2232 4355 2385 4411; x_wconf 90' lang='lat' dir='ltr'>enim</span> <span class='ocrx_word' id='word_1_793' title='bbox 2416 4356 2583 4410; x_wconf 90' lang='lat' dir='ltr'>aliter</span> <span class='ocrx_word' id='word_1_794' title='bbox 2614 4372 2928 4427; x_wconf 88' lang='lat' dir='ltr'>possumus</span> <span class='ocrx_word' id='word_1_795' title='bbox 2960 4354 3078 4409; x_wconf 61' lang='lat' dir='ltr'>haec</span> <span class='ocrx_word' id='word_1_796' title='bbox 3102 4354 3807 4427; x_wconf 85' lang='lat' dir='ltr'>salubriterinvestigare,</span> <span class='ocrx_word' id='word_1_797' title='bbox 3828 4364 3885 4414; x_wconf 86' lang='lat' dir='ltr'>et</span> 
     </span>
    </p>
   </div>
   <div class='ocr_carea' id='block_1_108' title="bbox 2233 4442 3884 4517">
    <p class='ocr_par' dir='ltr' id='par_1_108' title="bbox 2233 4442 3884 4517">
     <span class='ocr_line' id='line_1_108' title="bbox 2233 4442 3884 4517; baseline 0.002 -18"><span class='ocrx_word' id='word_1_798' title='bbox 2233 4446 2545 4500; x_wconf 91' lang='lat' dir='ltr'>secundum</span> <span class='ocrx_word' id='word_1_799' title='bbox 2594 4444 2915 4515; x_wconf 89' lang='lat' dir='ltr'>sapientam</span> <span class='ocrx_word' id='word_1_800' title='bbox 2940 4461 3065 4515; x_wconf 70' lang='lat' dir='ltr'>quas</span> <span class='ocrx_word' id='word_1_801' title='bbox 3114 4444 3186 4498; x_wconf 91' lang='lat' dir='ltr'>ab</span> <span class='ocrx_word' id='word_1_802' title='bbox 3224 4442 3320 4498; x_wconf 92' lang='lat' dir='ltr'>illo</span> <span class='ocrx_word' id='word_1_803' title='bbox 3343 4448 3431 4499; x_wconf 90' lang='lat' dir='ltr'>est</span> <span class='ocrx_word' id='word_1_804' title='bbox 3466 4443 3689 4517; x_wconf 89' lang='lat' dir='ltr'>aliquid</span> <span class='ocrx_word' id='word_1_805' title='bbox 3720 4446 3884 4503; x_wconf 83' lang='lat' dir='ltr'>inve-</span> 
     </span>
    </p>
   </div>
   <div class='ocr_carea' id='block_1_109' title="bbox 2232 4531 3880 4604">
    <p class='ocr_par' dir='ltr' id='par_1_109' title="bbox 2232 4531 3880 4604">
     <span class='ocr_line' id='line_1_109' title="bbox 2232 4531 3880 4604; baseline 0.002 -16"><span class='ocrx_word' id='word_1_806' title='bbox 2232 4534 2355 4588; x_wconf 91' lang='lat' dir='ltr'>nire</span> <span class='ocrx_word' id='word_1_807' title='bbox 2379 4535 2508 4588; x_wconf 92' lang='lat' dir='ltr'>:sed</span> <span class='ocrx_word' id='word_1_808' title='bbox 2527 4549 2594 4587; x_wconf 88' lang='lat' dir='ltr'>ea</span> <span class='ocrx_word' id='word_1_809' title='bbox 2624 4533 2830 4603; x_wconf 77' lang='lat' dir='ltr'>quaein</span> <span class='ocrx_word' id='word_1_810' title='bbox 2865 4532 3267 4604; x_wconf 87' lang='lat' dir='ltr'>superioribus</span> <span class='ocrx_word' id='word_1_811' title='bbox 3292 4531 3480 4597; x_wconf 87' lang='lat' dir='ltr'>libris,</span> <span class='ocrx_word' id='word_1_812' title='bbox 3521 4539 3578 4588; x_wconf 92' lang='lat' dir='ltr'>et</span> <span class='ocrx_word' id='word_1_813' title='bbox 3622 4534 3880 4591; x_wconf 82' lang='lat' dir='ltr'>maxime</span> 
     </span>
    </p>
   </div>
   <div class='ocr_carea' id='block_1_110' title="bbox 2230 4619 3880 4690">
    <p class='ocr_par' dir='ltr' id='par_1_110' title="bbox 2230 4619 3880 4690">
     <span class='ocr_line' id='line_1_110' title="bbox 2230 4619 3880 4690; baseline 0.002 -14"><span class='ocrx_word' id='word_1_814' title='bbox 2230 4623 2286 4676; x_wconf 86' lang='lat' dir='ltr'>in</span> <span class='ocrx_word' id='word_1_815' title='bbox 2310 4622 2554 4687; x_wconf 89' lang='lat' dir='ltr'>decimo,</span> <span class='ocrx_word' id='word_1_816' title='bbox 2578 4623 2648 4676; x_wconf 91' lang='lat' dir='ltr'>de</span> <span class='ocrx_word' id='word_1_817' title='bbox 2679 4622 2874 4676; x_wconf 89' lang='lat' dir='ltr'>anima</span> <span class='ocrx_word' id='word_1_818' title='bbox 2895 4621 3156 4676; x_wconf 88' lang='lat' dir='ltr'>humana</span> <span class='ocrx_word' id='word_1_819' title='bbox 3182 4619 3270 4675; x_wconf 90' lang='lat' dir='ltr'>vel</span> <span class='ocrx_word' id='word_1_820' title='bbox 3304 4626 3497 4677; x_wconf 88' lang='lat' dir='ltr'>mente</span> <span class='ocrx_word' id='word_1_821' title='bbox 3522 4622 3805 4690; x_wconf 86' lang='lat' dir='ltr'>diximus,</span> <span class='ocrx_word' id='word_1_822' title='bbox 3831 4624 3880 4679; x_wconf 92' lang='lat' dir='ltr'>si</span> 
     </span>
    </p>
   </div>
   <div class='ocr_carea' id='block_1_111' title="bbox 2226 4710 3878 4781">
    <p class='ocr_par' dir='ltr' id='par_1_111' title="bbox 2226 4710 3878 4781">
     <span class='ocr_line' id='line_1_111' title="bbox 2226 4710 3878 4781; baseline 0.002 -16"><span class='ocrx_word' id='word_1_823' title='bbox 2226 4710 2457 4766; x_wconf 88' lang='lat' dir='ltr'>lectoris</span> <span class='ocrx_word' id='word_1_824' title='bbox 2479 4710 2562 4765; x_wconf 87' lang='lat' dir='ltr'>vel</span> <span class='ocrx_word' id='word_1_825' title='bbox 2597 4710 2877 4764; x_wconf 90' lang='lat' dir='ltr'>memoria</span> <span class='ocrx_word' id='word_1_826' title='bbox 2899 4714 3206 4764; x_wconf 88' lang='lat' dir='ltr'>teneantur</span> <span class='ocrx_word' id='word_1_827' title='bbox 3226 4714 3399 4781; x_wconf 88' lang='lat' dir='ltr'>atque</span> <span class='ocrx_word' id='word_1_828' title='bbox 3423 4710 3775 4779; x_wconf 89' lang='lat' dir='ltr'>recolantur,</span> <span class='ocrx_word' id='word_1_829' title='bbox 3791 4713 3878 4769; x_wconf 91' lang='lat' dir='ltr'>vel</span> 
     </span>
    </p>
   </div>
   <div class='ocr_carea' id='block_1_112' title="bbox 2226 4796 3877 4869">
    <p class='ocr_par' dir='ltr' id='par_1_112' title="bbox 2226 4796 3877 4869">
     <span class='ocr_line' id='line_1_112' title="bbox 2226 4796 3877 4869; baseline 0.001 -16"><span class='ocrx_word' id='word_1_830' title='bbox 2226 4798 2527 4869; x_wconf 89' lang='lat' dir='ltr'>diligentia</span> <span class='ocrx_word' id='word_1_831' title='bbox 2545 4804 2601 4851; x_wconf 84' lang='lat' dir='ltr'>in</span> <span class='ocrx_word' id='word_1_832' title='bbox 2621 4797 2840 4852; x_wconf 87' lang='lat' dir='ltr'>eisdem</span> <span class='ocrx_word' id='word_1_833' title='bbox 2862 4796 3001 4851; x_wconf 91' lang='lat' dir='ltr'>locis</span> <span class='ocrx_word' id='word_1_834' title='bbox 3026 4797 3083 4850; x_wconf 92' lang='lat' dir='ltr'>in</span> <span class='ocrx_word' id='word_1_835' title='bbox 3108 4796 3325 4867; x_wconf 90' lang='lat' dir='ltr'>quibus</span> <span class='ocrx_word' id='word_1_836' title='bbox 3344 4798 3674 4869; x_wconf 89' lang='lat' dir='ltr'>conscripta</span> <span class='ocrx_word' id='word_1_837' title='bbox 3712 4806 3877 4867; x_wconf 90' lang='lat' dir='ltr'>sunt,</span> 
     </span>
    </p>
   </div>
   <div class='ocr_carea' id='block_1_113' title="bbox 2223 4885 3877 4957">
    <p class='ocr_par' dir='ltr' id='par_1_113' title="bbox 2223 4885 3877 4957">
     <span class='ocr_line' id='line_1_113' title="bbox 2223 4885 3877 4957; baseline 0.002 -15"><span class='ocrx_word' id='word_1_838' title='bbox 2223 4893 2655 4954; x_wconf 84' lang='lat' dir='ltr'>recenseantur,</span> <span class='ocrx_word' id='word_1_839' title='bbox 2682 4903 2795 4941; x_wconf 88' lang='lat' dir='ltr'>non</span> <span class='ocrx_word' id='word_1_840' title='bbox 2819 4885 2913 4940; x_wconf 90' lang='lat' dir='ltr'>hic</span> <span class='ocrx_word' id='word_1_841' title='bbox 2944 4885 3293 4940; x_wconf 86' lang='lat' dir='ltr'>desiderabit</span> <span class='ocrx_word' id='word_1_842' title='bbox 3311 4885 3685 4957; x_wconf 78' lang='lat' dir='ltr'>prolixiorem</span> <span class='ocrx_word' id='word_1_843' title='bbox 3704 4890 3776 4945; x_wconf 84' lang='lat' dir='ltr'>de</span> <span class='ocrx_word' id='word_1_844' title='bbox 3795 4892 3877 4946; x_wconf 89' lang='lat' dir='ltr'>rei</span> 
     </span>
    </p>
   </div>
   <div class='ocr_carea' id='block_1_114' title="bbox 2221 4976 3185 5046">
    <p class='ocr_par' dir='ltr' id='par_1_114' title="bbox 2221 4976 3185 5046">
     <span class='ocr_line' id='line_1_114' title="bbox 2221 4976 3185 5046; baseline -0.003 -14"><span class='ocrx_word' id='word_1_845' title='bbox 2221 4982 2392 5032; x_wconf 66' lang='lat' dir='ltr'>tanta:</span> <span class='ocrx_word' id='word_1_846' title='bbox 2416 4976 2795 5046; x_wconf 89' lang='lat' dir='ltr'>inquisitione</span> <span class='ocrx_word' id='word_1_847' title='bbox 2826 4990 3185 5030; x_wconf 91' lang='lat' dir='ltr'>sermonem.</span> 
     </span>
    </p>
   </div>
   <div class='ocr_carea' id='block_1_115' title="bbox 2288 5062 3873 5135">
    <p class='ocr_par' dir='ltr' id='par_1_115' title="bbox 2288 5062 3873 5135">
     <span class='ocr_line' id='line_1_115' title="bbox 2288 5062 3873 5135; baseline 0.001 -17"><span class='ocrx_word' id='word_1_848' title='bbox 2288 5068 2342 5119; x_wconf 91' lang='lat'>7.</span> <span class='ocrx_word' id='word_1_849' title='bbox 2369 5066 2521 5120; x_wconf 87' lang='lat' dir='ltr'>Inter</span> <span class='ocrx_word' id='word_1_850' title='bbox 2538 5069 2743 5119; x_wconf 64' lang='lat' dir='ltr'>cratera</span> <span class='ocrx_word' id='word_1_851' title='bbox 2764 5080 2898 5135; x_wconf 91' lang='lat' dir='ltr'>ergo</span> <span class='ocrx_word' id='word_1_852' title='bbox 2914 5063 2972 5117; x_wconf 94' lang='lat' dir='ltr'>in</span> <span class='ocrx_word' id='word_1_853' title='bbox 2996 5063 3073 5116; x_wconf 91' lang='lat' dir='ltr'>lib</span> <span class='ocrx_word' id='word_1_854' title='bbox 3084 5080 3142 5117; x_wconf 91' lang='lat' dir='ltr'>ro</span> <span class='ocrx_word' id='word_1_855' title='bbox 3158 5062 3381 5117; x_wconf 92' lang='lat' dir='ltr'>decimo</span> <span class='ocrx_word' id='word_1_856' title='bbox 3397 5062 3873 5130; x_wconf 84' lang='lat' dir='ltr'>diximus,homi-</span> 
     </span>
    </p>
   </div>
   <div class='ocr_carea' id='block_1_116' title="bbox 2218 5151 3866 5223">
    <p class='ocr_par' dir='ltr' id='par_1_116' title="bbox 2218 5151 3866 5223">
     <span class='ocr_line' id='line_1_116' title="bbox 2218 5151 3866 5223; baseline -0.001 -13"><span class='ocrx_word' id='word_1_857' title='bbox 2218 5154 2308 5210; x_wconf 91' lang='lat' dir='ltr'>nis</span> <span class='ocrx_word' id='word_1_858' title='bbox 2334 5159 2585 5209; x_wconf 90' lang='lat' dir='ltr'>mentem</span> <span class='ocrx_word' id='word_1_859' title='bbox 2616 5170 2787 5208; x_wconf 92' lang='lat' dir='ltr'>nosse</span> <span class='ocrx_word' id='word_1_860' title='bbox 2817 5152 3191 5223; x_wconf 87' lang='lat' dir='ltr'>semetipsam</span> <span class='ocrx_word' id='word_1_861' title='bbox 3226 5151 3385 5222; x_wconf 85' lang='lat' dir='ltr'>(Cap.</span> <span class='ocrx_word' id='word_1_862' title='bbox 3419 5152 3494 5223; x_wconf 88' lang='lat'>7).</span> <span class='ocrx_word' id='word_1_863' title='bbox 3523 5151 3681 5206; x_wconf 91' lang='lat' dir='ltr'>Nihil</span> <span class='ocrx_word' id='word_1_864' title='bbox 3709 5157 3866 5208; x_wconf 90' lang='lat' dir='ltr'>enim</span> 
     </span>
    </p>
   </div>
   <div class='ocr_carea' id='block_1_117' title="bbox 2216 5239 3868 5312">
    <p class='ocr_par' dir='ltr' id='par_1_117' title="bbox 2216 5239 3868 5312">
     <span class='ocr_line' id='line_1_117' title="bbox 2216 5239 3868 5312; baseline 0 -14"><span class='ocrx_word' id='word_1_865' title='bbox 2216 5248 2333 5298; x_wconf 89' lang='lat' dir='ltr'>tam</span> <span class='ocrx_word' id='word_1_866' title='bbox 2369 5243 2527 5297; x_wconf 91' lang='lat' dir='ltr'>novit</span> <span class='ocrx_word' id='word_1_867' title='bbox 2558 5258 2746 5305; x_wconf 91' lang='lat' dir='ltr'>mens,</span> <span class='ocrx_word' id='word_1_868' title='bbox 2769 5257 2937 5312; x_wconf 89' lang='lat' dir='ltr'>quam</span> <span class='ocrx_word' id='word_1_869' title='bbox 2960 5241 3015 5294; x_wconf 91' lang='lat' dir='ltr'>id</span> <span class='ocrx_word' id='word_1_870' title='bbox 3039 5240 3192 5311; x_wconf 91' lang='lat' dir='ltr'>quod</span> <span class='ocrx_word' id='word_1_871' title='bbox 3218 5239 3328 5295; x_wconf 90' lang='lat' dir='ltr'>sibi</span> <span class='ocrx_word' id='word_1_872' title='bbox 3354 5245 3563 5311; x_wconf 72' lang='lat' dir='ltr'>praesto</span> <span class='ocrx_word' id='word_1_873' title='bbox 3584 5244 3677 5295; x_wconf 90' lang='lat' dir='ltr'>est</span> <span class='ocrx_word' id='word_1_874' title='bbox 3714 5256 3727 5295; x_wconf 89' lang='lat'>:</span> <span class='ocrx_word' id='word_1_875' title='bbox 3763 5258 3868 5298; x_wconf 87' lang='lat' dir='ltr'>nec</span> 
     </span>
    </p>
   </div>
   <div class='ocr_carea' id='block_1_118' title="bbox 2214 5330 3867 5403">
    <p class='ocr_par' dir='ltr' id='par_1_118' title="bbox 2214 5330 3867 5403">
     <span class='ocr_line' id='line_1_118' title="bbox 2214 5330 3867 5403; baseline 0 -15"><span class='ocrx_word' id='word_1_876' title='bbox 2214 5333 2393 5388; x_wconf 88' lang='lat' dir='ltr'>menti</span> <span class='ocrx_word' id='word_1_877' title='bbox 2427 5332 2613 5403; x_wconf 86' lang='lat' dir='ltr'>magis</span> <span class='ocrx_word' id='word_1_878' title='bbox 2644 5331 2965 5402; x_wconf 83' lang='lat' dir='ltr'>quidquam</span> <span class='ocrx_word' id='word_1_879' title='bbox 3000 5335 3206 5400; x_wconf 61' lang='lat' dir='ltr'>praesto</span> <span class='ocrx_word' id='word_1_880' title='bbox 3238 5333 3347 5396; x_wconf 89' lang='lat' dir='ltr'>est,</span> <span class='ocrx_word' id='word_1_881' title='bbox 3379 5346 3557 5401; x_wconf 89' lang='lat' dir='ltr'>quam</span> <span class='ocrx_word' id='word_1_882' title='bbox 3579 5330 3708 5401; x_wconf 89' lang='lat' dir='ltr'>ipsa</span> <span class='ocrx_word' id='word_1_883' title='bbox 3731 5332 3867 5388; x_wconf 83' lang='lat' dir='ltr'>sibi.</span> 
     </span>
    </p>
   </div>
   <div class='ocr_carea' id='block_1_119' title="bbox 2210 5418 3867 5492">
    <p class='ocr_par' dir='ltr' id='par_1_119' title="bbox 2210 5418 3867 5492">
     <span class='ocr_line' id='line_1_119' title="bbox 2210 5418 3867 5492; baseline 0 -15"><span class='ocrx_word' id='word_1_884' title='bbox 2210 5424 2279 5477; x_wconf 88' lang='lat' dir='ltr'>Et</span> <span class='ocrx_word' id='word_1_885' title='bbox 2310 5420 2443 5489; x_wconf 87' lang='lat' dir='ltr'>alia,</span> <span class='ocrx_word' id='word_1_886' title='bbox 2468 5425 2754 5492; x_wconf 89' lang='lat' dir='ltr'>quantum</span> <span class='ocrx_word' id='word_1_887' title='bbox 2778 5418 2921 5473; x_wconf 88' lang='lat' dir='ltr'>satis</span> <span class='ocrx_word' id='word_1_888' title='bbox 2953 5419 3143 5474; x_wconf 91' lang='lat' dir='ltr'>visum</span> <span class='ocrx_word' id='word_1_889' title='bbox 3167 5423 3252 5473; x_wconf 91' lang='lat' dir='ltr'>est</span> <span class='ocrx_word' id='word_1_890' title='bbox 3276 5418 3661 5475; x_wconf 89' lang='lat' dir='ltr'>adhibuimus</span> <span class='ocrx_word' id='word_1_891' title='bbox 3684 5420 3867 5477; x_wconf 82' lang='lat' dir='ltr'>docu-</span> 
     </span>
    </p>
   </div>
   <div class='ocr_carea' id='block_1_120' title="bbox 2210 5507 3559 5581">
    <p class='ocr_par' dir='ltr' id='par_1_120' title="bbox 2210 5507 3559 5581">
     <span class='ocr_line' id='line_1_120' title="bbox 2210 5507 3559 5581; baseline -0.004 -16"><span class='ocrx_word' id='word_1_892' title='bbox 2210 5514 2423 5575; x_wconf 91' lang='lat' dir='ltr'>menta,</span> <span class='ocrx_word' id='word_1_893' title='bbox 2460 5509 2673 5581; x_wconf 91' lang='lat' dir='ltr'>quibus</span> <span class='ocrx_word' id='word_1_894' title='bbox 2705 5507 2813 5562; x_wconf 89' lang='lat' dir='ltr'>hoc</span> <span class='ocrx_word' id='word_1_895' title='bbox 2843 5507 3167 5564; x_wconf 89' lang='lat' dir='ltr'>certissime</span> <span class='ocrx_word' id='word_1_896' title='bbox 3198 5507 3559 5579; x_wconf 88' lang='lat' dir='ltr'>probaretur.</span> 
     </span>
    </p>
   </div>
   <div class='ocr_carea' id='block_1_121' title="bbox 2277 5596 3865 5666">
    <p class='ocr_par' dir='ltr' id='par_1_121' title="bbox 2277 5596 3865 5666">
     <span class='ocr_line' id='line_1_121' title="bbox 2277 5596 3865 5666; baseline 0.002 -14"><span class='ocrx_word' id='word_1_897' title='bbox 2277 5597 2507 5653; x_wconf 75' lang='lat' dir='ltr'>CAPUT</span> <span class='ocrx_word' id='word_1_898' title='bbox 2526 5597 2592 5651; x_wconf 91' lang='lat' dir='ltr'>V.</span> <span class='ocrx_word' id='word_1_899' title='bbox 2623 5626 2691 5635; x_wconf 85' lang='lat'>——</span> <span class='ocrx_word' id='word_1_900' title='bbox 2722 5596 3032 5666; x_wconf 73' lang='lat' dir='ltr'>Infantiam</span> <span class='ocrx_word' id='word_1_901' title='bbox 3078 5613 3231 5651; x_wconf 77' lang='lat' dir='ltr'>mens</span> <span class='ocrx_word' id='word_1_902' title='bbox 3259 5614 3333 5651; x_wconf 88' lang='lat' dir='ltr'>an</span> <span class='ocrx_word' id='word_1_903' title='bbox 3358 5612 3415 5651; x_wconf 75' lang='lat' dir='ltr'>se</span> <span class='ocrx_word' id='word_1_904' title='bbox 3442 5596 3678 5652; x_wconf 75' lang='lat' dir='ltr'>noverit.</span> <span class='ocrx_word' id='word_1_905' title='bbox 3711 5596 3865 5663; x_wconf 87' lang='lat' dir='ltr'>Quid</span> 
     </span>
    </p>
   </div>
   <div class='ocr_carea' id='block_1_122' title="bbox 2202 5683 3863 5771">
    <p class='ocr_par' dir='ltr' id='par_1_122' title="bbox 2202 5683 3863 5771">
     <span class='ocr_line' id='line_1_122' title="bbox 2202 5683 3863 5771; baseline -0.002 -25"><span class='ocrx_word' id='word_1_906' title='bbox 2202 5692 2399 5761; x_wconf 89' lang='lat' dir='ltr'>itaque</span> <span class='ocrx_word' id='word_1_907' title='bbox 2421 5686 2731 5744; x_wconf 89' lang='lat' dir='ltr'>dicendum</span> <span class='ocrx_word' id='word_1_908' title='bbox 2752 5690 2841 5741; x_wconf 91' lang='lat' dir='ltr'>est</span> <span class='ocrx_word' id='word_1_909' title='bbox 2861 5686 3184 5742; x_wconf 84' lang='lat' dir='ltr'>deinfantis</span> <span class='ocrx_word' id='word_1_910' title='bbox 3204 5684 3501 5771; x_wconf 85' lang='lat' dir='ltr'>mente,ita</span> <span class='ocrx_word' id='word_1_911' title='bbox 3517 5683 3715 5742; x_wconf 87' lang='lat' dir='ltr'>adhuc</span> <span class='ocrx_word' id='word_1_912' title='bbox 3732 5704 3863 5761; x_wconf 84' lang='lat' dir='ltr'>par-</span> 
     </span>
    </p>
   </div>
   <div class='ocr_carea' id='block_1_123' title="bbox 2268 5890 3794 5963">
    <p class='ocr_par' dir='ltr' id='par_1_123' title="bbox 2268 5890 3794 5963">
     <span class='ocr_line' id='line_1_123' title="bbox 2268 5890 3794 5963; baseline 0.003 -17"><span class='ocrx_word' id='word_1_913' title='bbox 2268 5900 2285 5935; x_wconf 80' lang='grc' dir='ltr'><strong><em>ι</em></strong></span> <span class='ocrx_word' id='word_1_914' title='bbox 2315 5892 2469 5957; x_wconf 83' lang='lat' dir='ltr'>Editi,</span> <span class='ocrx_word' id='word_1_915' title='bbox 2491 5893 2548 5945; x_wconf 84' lang='lat' dir='ltr'>in</span> <span class='ocrx_word' id='word_1_916' title='bbox 2574 5890 2799 5963; x_wconf 71' lang='lat' dir='ltr'>imagine</span> <span class='ocrx_word' id='word_1_917' title='bbox 2827 5892 2943 5945; x_wconf 76' lang='lat' dir='ltr'>Dei.</span> <span class='ocrx_word' id='word_1_918' title='bbox 2972 5893 3149 5959; x_wconf 77' lang='lat' dir='ltr'>Abest,</span> <span class='ocrx_word' id='word_1_919' title='bbox 3180 5892 3292 5957; x_wconf 77' lang='lat' dir='ltr'>Dei,</span> <span class='ocrx_word' id='word_1_920' title='bbox 3325 5907 3357 5947; x_wconf 84' lang='lat' dir='ltr'>a</span> <span class='ocrx_word' id='word_1_921' title='bbox 3389 5891 3794 5961; x_wconf 73' lang='lat' dir='ltr'>manuscriptis.</span> 
     </span>
    </p>
   </div>
  </div>
