4160 6442
345 426 496 491 1041

338 564 459 620 vuli
490 566 547 620 et
576 562 634 619 in
666 566 785 619 tam
819 579 1032 637 magna
1052 564 1303 620 demersi
1326 582 1520 620 rerum
1545 565 1896 638 ignorantia,
1922 569 1985 619 ut

339 653 500 710 illius
526 654 743 709 mentis
766 654 1033 710 tenebras
1056 671 1222 710 mens
1234 654 1491 710 hominis
1506 672 1631 726 quae
1646 653 1870 725 aliquid
1892 670 1991 708 no-

336 742 421 798 vit
441 742 784 799 exhorreat?
806 744 891 797 An
916 742 1091 799 etiam
1115 743 1243 815 ipsa
1264 760 1325 799 se
1360 761 1530 799 nosse
1556 744 1846 799 credenda
1876 746 1983 810 est,

340 833 441 888 sed
470 832 695 888 intenta
718 831 895 887 nimis
918 832 973 886 in
991 848 1088 887 eas
1103 850 1193 888 res
1218 849 1364 903 quas
1386 850 1488 903 per
1508 832 1766 904 corporis
1781 848 1991 887 sensus

338 925 505 977 tanto
524 921 767 991 majore,
790 924 1006 992 quanto
1025 921 1256 976 noviore
1274 921 1446 992 coepit
1462 920 1841 977 delectatione
1862 936 1990 974 sen-

336 1012 468 1077 tire,
494 1027 608 1066 non
633 1011 899 1082 ignorare
923 1026 985 1065 se
1006 1014 1217 1081 potest,
1242 1012 1342 1066 sed
1370 1011 1624 1081 cogitare
1656 1025 1717 1065 se
1750 1027 1864 1065 non
1889 1025 1989 1081 po-

338 1100 500 1156 test?
524 1102 753 1165 Quanta
782 1116 950 1170 porro
976 1100 1297 1154 intentione
1320 1100 1377 1153 in
1404 1099 1515 1154 ista
1533 1116 1659 1171 quae
1684 1099 1825 1153 foris
1848 1103 1988 1154 sunt

338 1188 643 1245 sensibilis
661 1189 900 1254 feratur,
920 1188 1007 1243 vel
1026 1187 1162 1242 hinc
1179 1188 1369 1244 solum
1385 1188 1587 1259 conjici
1605 1194 1811 1259 potest,
1830 1189 1984 1259 quod

335 1279 485 1334 lucis
507 1278 687 1349 hujus
709 1277 1049 1333 haurienda;
1070 1277 1154 1332 sic
1176 1278 1344 1332 avida
1365 1281 1476 1344 est,
1499 1283 1564 1332 ut
1590 1278 1641 1331 si
1671 1277 1985 1348 quisquam

333 1367 534 1423 minus
552 1372 761 1423 cautus
778 1371 880 1421 aut
896 1366 1166 1422 nesciens
1183 1367 1320 1437 quid
1339 1366 1475 1422 inde
1494 1367 1679 1437 possit
1696 1366 1979 1432 accidere,

334 1461 683 1512 nocturnum
703 1455 901 1510 lumen
916 1455 1175 1526 posuerit
1191 1454 1291 1509 ubi
1305 1455 1455 1525 jacet
1471 1454 1684 1520 infans,
1701 1455 1757 1508 in
1771 1470 1839 1509 ea
1850 1472 1981 1526 par—

332 1548 391 1600 te
423 1545 495 1600 ad
529 1561 704 1615 quam
728 1544 982 1614 jacentis
1016 1543 1170 1598 oculi
1203 1543 1430 1614 possint
1477 1543 1821 1615 retorqueri,
1871 1559 1978 1598 nec

332 1633 525 1689 cervix
558 1632 743 1705 possit
767 1630 1004 1698 inflecti,
1034 1632 1119 1686 sic
1148 1633 1276 1703 ejus
1308 1632 1442 1687 inde
1474 1648 1586 1687 non
1618 1636 1982 1687 removeatur

332 1725 628 1793 aspectus,
664 1724 728 1776 ut
757 1719 1075 1775 nonnullos
1105 1737 1174 1775 ex
1195 1720 1303 1776 hoc
1328 1720 1502 1776 etiam
1527 1721 1831 1776 strabones
1854 1720 1975 1775 ﬁeri

333 1810 690 1875 noverimus,
724 1825 852 1864 eam
888 1810 1136 1864 formam
1168 1810 1501 1865 tenentibus
1544 1808 1748 1875 oculis,
1796 1826 1974 1882 quam

331 1899 548 1955 teneris
580 1903 635 1954 et
666 1896 945 1953 mollibus
976 1899 1337 1953 consuetudo
1368 1899 1620 1969 quodam
1653 1900 1825 1953 modo
1849 1898 1976 1952 inﬁ-

328 1987 432 2043 xit.
465 1988 550 2043 Ita
578 1991 637 2043 et
674 1987 734 2041 in
766 1985 915 2041 alios
946 1986 1207 2058 corporis
1237 2002 1469 2057 sensus,
1520 1992 1809 2057 quantum
1840 1986 1983 2043 sinit

328 2076 434 2132 illa
464 2081 624 2142 astas,
656 2075 981 2131 intentione
1007 2092 1068 2131 se
1090 2076 1259 2147 quasi
1289 2080 1585 2132 coarctant
1612 2076 1821 2131 animae
1854 2094 1981 2148 par-

326 2165 619 2229 vulorum,
654 2169 719 2219 ut
752 2163 1039 2237 quidquid
1076 2180 1177 2236 per
1206 2181 1440 2220 carnem
1463 2165 1705 2220 offendit
1727 2169 1829 2220 aut
1851 2164 1976 2220 alli-

329 2255 428 2321 cit,
451 2254 561 2311 hoc
582 2253 775 2309 solum
797 2253 1149 2309 abhorreant
1167 2253 1542 2309 vehementer
1560 2258 1661 2308 aut
1678 2257 1972 2325 appetant:

326 2363 438 2403 sua
463 2361 597 2402 vero
630 2344 909 2401 interiora
941 2361 1053 2399 non
1087 2344 1359 2415 cogitent,
1392 2360 1498 2399 nec
1527 2345 1974 2417 possintadmo-

329 2434 453 2491 neri
478 2439 543 2490 ut
566 2434 675 2490 hoc
699 2434 914 2489 faciant
939 2451 952 2502 ;
978 2432 1115 2505 quia
1135 2434 1395 2489 nondum
1419 2433 1788 2489 admonentis
1812 2433 1981 2505 signa

327 2529 636 2589 noverunt,
694 2522 793 2577 ubi
845 2522 1203 2594 praecipuum
1264 2521 1458 2577 locum
1488 2523 1663 2577 verba
1692 2522 1978 2590 obtinent,

329 2628 459 2684 qua)
490 2612 645 2667 sicut
676 2610 792 2667 alia
821 2627 1061 2683 prorsus
1095 2611 1387 2667 nesciunt.
1418 2611 1579 2676 Quod
1602 2616 1796 2666 autem
1820 2610 1977 2666 aliud

326 2702 405 2758 sit
435 2718 548 2757 non
580 2716 643 2757 se
676 2717 868 2767 nosse,
900 2700 1059 2755 aliud
1090 2716 1207 2756 non
1238 2717 1301 2756 se
1331 2700 1608 2772 cogitare,
1634 2701 1757 2771 jam
1790 2700 1850 2755 in
1882 2716 1977 2757 eo-

326 2792 462 2846 dem
490 2789 786 2846 volumine
816 2790 1184 2846 ostendimus
1216 2791 1360 2861 (Lz'b.
1396 2791 1481 2856 10,
1514 2807 1634 2860 cap.
1665 2792 1744 2860 5).

396 2879 450 2935 8.
472 2879 581 2934 Sed
607 2878 758 2934 hanc
780 2881 1008 2934 atatem
1031 2878 1399 2945 omittamus,
1431 2894 1558 2950 quae
1590 2894 1693 2934 nec
1730 2880 1976 2934 interro-

326 2968 451 3040 gari
484 2971 677 3039 potest
710 2966 850 3038 quid
885 2966 945 3021 in
976 2983 1038 3022 se
1065 2970 1290 3038 agatur,
1322 2970 1379 3022 et
1400 2983 1505 3021 nos
1526 2967 1638 3038 ipsi
1661 2968 1788 3037 ejus
1813 2966 1978 3023 valde

325 3056 491 3113 obliti
512 3073 741 3113 sumus.
768 3056 906 3110 Hinc
926 3059 1154 3111 tantum
1175 3059 1362 3110 certos
1384 3072 1487 3111 nos
1508 3072 1637 3111 esse
1662 3055 1973 3125 suffecerit,

327 3147 483 3219 quod
510 3162 639 3200 cum
654 3144 828 3201 homo
843 3145 912 3199 de
925 3144 1103 3199 animi
1120 3144 1210 3199 sui
1226 3149 1434 3200 natura
1446 3144 1681 3216 cogitari
1702 3144 1972 3216 potuerit,

325 3242 501 3307 atque
534 3235 794 3289 invenire
825 3234 978 3305 quod
1010 3249 1209 3288 verum
1244 3237 1353 3300 est,
1387 3233 1523 3288 alibi
1558 3250 1672 3287 non
1697 3232 1972 3299 inveniet,

324 3340 505 3394 quam
538 3340 714 3395 penes
744 3339 805 3377 se
844 3322 1060 3393 ipsum.
1117 3322 1375 3377 Inveniet
1420 3326 1637 3389 autem,
1672 3338 1786 3377 non
1818 3324 1973 3393 quod

325 3413 642 3479 nesciebat,
675 3412 774 3468 sed
810 3412 966 3467 unde
996 3427 1112 3465 non
1145 3410 1459 3481 cogitabat.
1493 3409 1640 3476 Quid
1670 3411 1825 3465 enim
1859 3411 1972 3467 sci-

325 3518 480 3571 mus,
517 3502 566 3556 si
600 3500 755 3573 quod
787 3502 875 3556 est
920 3498 981 3554 in
1012 3503 1211 3554 nostra
1243 3504 1435 3554 mente
1468 3501 1802 3567 nescimus;
1836 3516 1969 3555 cum

322 3590 526 3647 omnia
547 3607 673 3662 quin
698 3588 941 3654 scimus,
965 3604 1081 3642 non
1109 3587 1219 3643 nisi
1244 3592 1436 3643 mente
1457 3588 1604 3643 scire
1625 3588 1924 3659 possimus
1946 3590 1972 3644 ἲ

393 3678 629 3734 CAPUT
660 3677 755 3733 VI.
787 3708 855 3718 —
886 3679 947 3732 In
978 3685 1161 3731 mente
1182 3692 1239 3732 se
1258 3678 1436 3747 ipsam
1456 3678 1725 3747 cogitante
1745 3679 1972 3732 trinitas

316 3768 569 3841 quaedam
592 3768 858 3839 quomodo
879 3768 1106 3823 existat.
1135 3766 1275 3835 Quid
1298 3768 1356 3821 in
1378 3765 1739 3821 hactrinitate
1753 3769 1972 3838 praestet

316 3859 593 3929 cogitatio.
616 3857 803 3912 Tanta
819 3859 907 3911 est
924 3861 1121 3910 tamen
1142 3854 1511 3929 cogitationis
1524 3855 1637 3922 vis,
1652 3860 1830 3910 utnec
1844 3856 1972 3927 ipsa

322 3962 493 4002 mens
516 3946 769 4017 quodam
796 3945 968 3999 modo
990 3960 1053 3999 se
1073 3943 1131 3997 in
1156 3948 1471 4014 conspectu
1496 3960 1601 3998 suo
1632 3949 1829 4016 ponat,
1854 3945 1968 4000 nisi

320 4036 557 4108 quando
578 4051 640 4091 se
662 4034 884 4105 cogitat
907 4049 919 4087 :
948 4049 1011 4088 ac
1036 4049 1136 4104 per
1156 4032 1264 4088 hoc
1287 4031 1367 4087 ita
1389 4032 1530 4088 nihil
1566 4032 1624 4087 in
1656 4040 1969 4105 conspectu

317 4122 532 4182 mentis
552 4128 659 4191 est,
679 4122 793 4178 nisi
814 4122 967 4177 unde
987 4121 1296 4193 cogitatur,
1312 4124 1375 4175 ut
1392 4138 1493 4177 nec
1509 4122 1637 4193 ipsa
1650 4138 1837 4193 mens,
1853 4140 1970 4194 qua

318 4214 612 4286 cogitatur
624 4211 913 4283 quidquid
929 4210 1185 4282 cogitatu
1195 4208 1417 4275 r,aliter
1428 4210 1615 4281 possit
1627 4227 1754 4267 esse
1766 4211 1824 4267 in
1839 4228 1971 4268 con-

321 4306 529 4375 spectu
545 4318 670 4368 suo,
687 4299 801 4356 nisi
814 4316 875 4355 se
890 4299 1079 4371 ipsam
1094 4298 1421 4371 cogitando.
1439 4300 1736 4365 Quomodo
1750 4305 1965 4370 autem,

320 4391 557 4464 quando
579 4407 641 4447 se
664 4406 778 4445 non
803 4388 1039 4461 cogitat,
1060 4389 1120 4442 in
1140 4392 1452 4460 conspectu
1472 4405 1579 4443 suo
1599 4404 1712 4443 non
1733 4388 1965 4460 sitipsa,

319 4482 448 4538 sine
467 4497 527 4537 se
546 4479 992 4552 ipsanunquam
1008 4493 1135 4533 esse
1150 4477 1354 4549 possit,
1369 4477 1536 4548 quasi
1550 4476 1705 4531 aliud
1726 4477 1803 4533 sit
1818 4478 1964 4550 ipsa,

315 4570 476 4626 aliud
510 4571 856 4641 conspectus
887 4567 1038 4638 ejus,
1082 4566 1339 4621 invenire
1388 4583 1503 4622 non
1553 4583 1816 4638 possum.
1848 4572 1967 4624 Hoc

320 4658 541 4732 quippe
569 4659 639 4714 de
669 4657 835 4714 oculo
866 4656 1132 4728 corporis
1160 4672 1274 4711 non
1297 4655 1548 4710 absurde
1571 4655 1817 4712 dicitur:
1845 4657 1968 4729 ipse

320 4748 539 4822 quippe
562 4746 761 4803 oculos
779 4745 905 4801 loco
931 4762 1037 4801 suo
1064 4746 1213 4800 ﬁxus
1234 4752 1319 4800 est
1339 4744 1397 4799 in
1421 4760 1679 4816 corpore,
1700 4751 1967 4817 aspectus

321 4840 521 4894 autem
543 4837 668 4907 ejus
693 4836 751 4890 in
773 4851 841 4890 ea
863 4850 994 4905 quae
1011 4838 1171 4889 extra
1184 4834 1890 4907 sunttenditur,etusque
1908 4836 1965 4890 in

322 4926 520 4984 sidera
539 4924 888 4981 extenditur.
912 4924 1026 4979 Nec
1047 4927 1135 4979 est
1162 4921 1367 4979 oculus
1394 4921 1453 4977 in
1481 4928 1793 4995 conspectu
1820 4941 1926 4981 suo
1952 4950 1965 4992 ;

320 5011 799 5084 quandoquidem
822 5028 936 5067 non
961 5009 1249 5080 conspicit
1267 5026 1330 5065 se
1349 5008 1571 5082 ipsum,
1595 5010 1707 5065 nisi
1732 5012 1965 5084 speculo

316 5102 563 5173 objecto,
586 5101 873 5172 undejam
892 5098 1072 5157 locuti
1089 5115 1296 5156 sumus
1316 5100 1451 5170 (Lib.
1472 5100 1555 5167 10,
1574 5116 1687 5171 cap.
1704 5100 1786 5171 3):
1805 5103 1958 5173 quod

320 5206 440 5247 non
464 5189 527 5244 ﬁt
548 5188 753 5261 utique
775 5188 1010 5260 quando
1032 5203 1092 5243 se
1116 5204 1280 5243 mens
1303 5186 1361 5242 in
1385 5203 1490 5243 suo
1522 5194 1834 5260 conspectu
1868 5189 1958 5245 sui

321 5278 671 5351 cogitatione
698 5276 1021 5332 constituit.
1052 5275 1347 5346 Numquid
1372 5291 1507 5347 ergo
1531 5276 1643 5330 alia
1667 5293 1773 5333 sua
1805 5283 1966 5349 parte

320 5366 498 5424 aliam
511 5370 734 5439 partem
750 5382 918 5421 suam
930 5365 1103 5432 videt,
1120 5381 1251 5420 cum
1267 5381 1328 5420 se
1339 5364 1621 5436 conspicit
1635 5366 1960 5437 cogitando,

318 5457 473 5514 sicut
491 5455 622 5512 aliis
638 5456 918 5511 membris
936 5453 1173 5521 nostris,
1190 5454 1290 5524 qui
1310 5457 1448 5508 sunt
1466 5453 1639 5519 oculi,
1660 5454 1771 5511 alia
1788 5472 1964 5512 mem-

320 5546 426 5601 bra
450 5549 652 5602 nostra
673 5543 1091 5615 conspicimus,
1115 5559 1241 5614 quae
1264 5543 1325 5597 in
1351 5548 1548 5597 nostro
1571 5548 1817 5614 possunt
1837 5561 1965 5601 esse

314 5634 682 5708 conspectu?
712 5634 861 5698 Quid
896 5633 1010 5688 dici
1042 5632 1358 5688 absurdius
1390 5630 1475 5686 vel
1505 5632 1709 5687 sentiri
1732 5633 1964 5703 potest?

322 5725 481 5784 Unde
504 5724 684 5797 igitur
706 5723 967 5780 aufertur
988 5737 1175 5791 mens,
1200 5719 1314 5777 nisi
1335 5738 1367 5775 a
1389 5736 1449 5776 se
1472 5720 1600 5793 ipsa
1618 5722 1644 5775 ?
1664 5726 1720 5777 et
1742 5721 1838 5776 ubi
1862 5740 1960 5792 po-

321 5815 485 5877 nitur
504 5814 565 5872 in
588 5816 905 5887 conspectu
925 5827 1054 5881 suo,
1076 5809 1190 5868 nisi
1213 5814 1345 5868 ante
1366 5826 1429 5869 se
1448 5809 1808 5883 ipsamiNon
1827 5826 1962 5885 ergo

1500 429 1734 492 LIBER
1777 428 2147 501 QUARTUS
2194 432 2559 497 DECIMUS.

3588 440 3745 502 1049

2096 565 2171 620 ibi
2199 567 2306 621 erit
2335 570 2428 623 ubi
2457 575 2597 639 erat,
2626 573 2860 643 quando
2884 572 2941 631 in
2966 579 3282 648 conspectu
3305 592 3412 633 suo
3435 592 3549 632 non
3578 582 3700 634 erat
3727 596 3741 645 ;

2103 656 2241 727 quia
2261 656 2355 712 hic
2377 659 2583 729 posita,
2608 660 2743 717 inde
2760 662 2992 719 sublata
3007 669 3113 720 est.
3134 664 3241 720 Sed
3262 666 3308 720 si
3330 666 3743 737 conspicienda

2101 745 2425 818 migravit‘,
2446 755 2830 820 conspectura
2847 752 2944 807 ubi
2966 754 3353 809 manebit?An
3369 756 3534 826 quasi
3556 757 3739 828 gemi-

2098 841 2295 904 natur,
2330 841 2393 891 ut
2425 842 2481 892 et
2504 837 2620 893 illic
2644 840 2723 894 sit
2743 846 2800 895 et
2822 840 2937 911 hic,
2964 842 3021 897 id
3046 848 3151 911 est,
3177 848 3233 898 et
3258 844 3356 898 ubi
3379 845 3741 916 conspicere,

2096 928 2152 979 et
2174 924 2271 979 ubi
2296 926 2552 996 conspici
2577 929 2761 997 possit
2786 954 2801 995 ς
2828 932 2893 983 ut
2914 930 2969 984 in
2996 947 3056 986 se
3079 932 3156 985 sit
3186 932 3570 1002 conspiciens,
3604 940 3736 989 ante

2096 1028 2158 1067 se
2178 1013 2533 1084 conspicua?
2551 1016 2703 1071 Nihil
2724 1017 2932 1073 horum
2952 1020 3118 1074 nobis
3136 1021 3348 1075 veritas
3367 1021 3634 1076 consulta
3648 1039 3736 1078 re-

2094 1103 2663 1174 spondet:quoniam
2684 1108 2918 1177 quando
2937 1108 3047 1163 isto
3068 1110 3237 1164 modo
3253 1110 3598 1181 cogitamus,
3618 1127 3730 1166 non

2093 1191 2206 1245 nisi
2226 1207 2532 1262 corporum
2555 1194 2718 1248 ﬁctas
2736 1195 3021 1268 imagines
3040 1198 3382 1269 cogitamus,
3403 1200 3557 1269 quod
3578 1215 3735 1255 men-

2091 1281 2207 1334 tem
2223 1296 2333 1334 non
2350 1296 2478 1335 esse
2491 1283 2691 1352 paucis
2710 1284 3102 1340 certissimum
3124 1292 3211 1341 est
3226 1288 3543 1353 mentibus,
3560 1305 3591 1343 a
3611 1288 3736 1359 qui-

2087 1367 2200 1422 bus
2223 1371 2413 1438 potest
2433 1370 2502 1424 de
2532 1370 2641 1424 hac
2666 1388 2726 1427 re
2755 1373 2965 1429 veritas
2996 1375 3242 1431 conculi.
3278 1377 3523 1432 Proinde
3556 1381 3734 1433 restat

2088 1459 2153 1511 ut
2173 1455 2394 1527 aliquid
2417 1459 2716 1528 pertinens
2740 1461 2809 1515 ad
2835 1462 2962 1531 ejus
2985 1468 3257 1519 naturam
3280 1465 3357 1519 sit
3378 1471 3736 1537 conspectus

2086 1544 2237 1615 ejus,
2260 1549 2315 1599 et
2339 1545 2398 1598 in
2423 1561 2572 1616 eam,
2597 1549 2829 1618 quando
2848 1566 2908 1605 se
2927 1551 3162 1621 cogitat,
3184 1568 3297 1607 non
3318 1553 3485 1623 quasi
3506 1553 3728 1624 perloci

2086 1633 2361 1704 spatium,
2382 1634 2483 1688 sed
2502 1634 2841 1707 incorporea
2859 1640 3232 1695 conversione
3250 1646 3575 1697 revocetur:
3593 1659 3726 1697 cum

2085 1737 2219 1777 vero
2243 1738 2356 1777 non
2377 1738 2437 1778 se
2454 1723 2690 1795 cogitat,
2712 1743 2825 1781 non
2845 1727 2920 1780 sit
2938 1728 3173 1799 quidem
3193 1728 3249 1782 in
3265 1734 3577 1802 conspectu
3597 1747 3725 1803 suo,

2087 1826 2190 1866 nec
2214 1812 2282 1865 de
2304 1810 2403 1866 illa
2425 1828 2570 1868 suus
2592 1814 2872 1869 formetur
2887 1816 3148 1883 obtutus,
3166 1819 3265 1873 sed
3289 1822 3484 1873 tamen
3503 1819 3727 1876 noverit

2084 1916 2147 1955 se
2160 1904 2440 1972 tanquam
2456 1900 2582 1972 ipsa
2596 1904 2673 1957 sit
2686 1902 2794 1957 sibi
2811 1906 3215 1960 memoriasui.
3232 1906 3725 1962 Sicutmultarum

2084 1989 2525 2061 disciplinarum
2568 1992 2789 2062 peritus
2822 2010 2888 2047 ea
2917 2010 3042 2065 quae
3072 1996 3253 2066 novit,
3288 1996 3414 2065 ejus
3446 1997 3725 2053 memoria

2082 2079 2476 2147 continentur,
2498 2096 2601 2135 nec
2617 2086 2704 2135 est
2721 2080 2854 2137 inde
2871 2082 3089 2154 aliquid
3107 2082 3165 2138 in
3186 2090 3494 2156 conspectu
3514 2085 3725 2141 mentis

2081 2168 2229 2238 ejus,
2257 2168 2370 2222 nisi
2397 2169 2549 2224 unde
2568 2171 3102 2241 cogitat;cmterain
3125 2189 3338 2228 arcana
3350 2174 3500 2244 quad
3512 2191 3604 2229 2m
3620 2191 3722 2229 no-

2080 2255 2206 2311 titia
2230 2261 2369 2311 sunt
2390 2258 2707 2328 recondita,
2728 2275 2857 2329 quas
2878 2261 3158 2315 memoria
3175 2266 3567 2333 nuncupatur.
3588 2263 3722 2319 Ideo

2082 2344 2405 2399 trinitatem
2422 2344 2503 2399 sic
2518 2347 3098 2414 commendabamus,
3116 2349 3331 2403 utillud
3351 2351 3501 2405 unde
3518 2351 3729 2405 forma-

2082 2436 2180 2488 tur
2200 2433 2507 2505 cogitantis
2523 2434 2848 2503 obtutus,in
2865 2437 3146 2491 memoria
3160 2439 3727 2510 poneremus;ipsam

2081 2537 2213 2577 vero
2236 2522 2774 2588 conformationem,
2800 2528 3083 2595 tanquam
3108 2526 3425 2597 imaginem
3450 2527 3727 2599 queeinde

2082 2609 2443 2680 imprimitur
2460 2610 2691 2679 ;etillud
2707 2628 2821 2682 quo
2839 2617 3153 2685 utrumque
3166 2615 3560 2687 conjungitur,
3577 2633 3732 2672 amo-

2082 2716 2205 2755 rem
2228 2716 2328 2755 seu
2353 2699 2733 2756 voluntatem.
2761 2702 2921 2758 Mens
2937 2701 3118 2773 igitur
3134 2706 3364 2774 quando
3382 2704 3731 2777 cogitatione

2082 2782 2145 2844 se
2168 2788 2475 2859 conspicit,
2500 2788 2772 2862 intelligit
2794 2807 2857 2846 se
2884 2796 2941 2845 et
2963 2793 3324 2864 recognoscit
3347 2810 3360 2848 :
3385 2794 3572 2865 gignit
3592 2810 3727 2867 ergo

2080 2877 2238 2932 hunc
2264 2876 2623 2933 intellectum
2654 2884 2709 2933 et
2740 2879 3127 2950 cognitionem
3162 2897 3349 2936 suam.
3376 2881 3487 2937 Res
3511 2882 3725 2955 quippe

2079 2965 2420 3038 incorporea
2438 2965 2729 3022 intellecta
2751 2968 3134 3040 conspicitur,
3157 2974 3213 3025 et
3232 2970 3606 3043 intelligendo
3631 2988 3724 3028 co-

2079 3056 2399 3127 gnoscitur.
2423 3056 2537 3111 Nec
2558 3056 2639 3111 ita
2660 3073 2799 3112 sane
2831 3056 3018 3130 gignit
3048 3058 3220 3114 istam
3254 3060 3521 3115 notitiam
3555 3077 3723 3117 suam

2079 3145 2507 3216 mens,quando
2521 3146 2828 3216 cogitando
2845 3147 3194 3204 intellectam
3210 3165 3271 3204 se
3285 3150 3721 3222 conspicit,tan-

2078 3250 2254 3305 quam
2277 3234 2388 3289 sibi
2411 3238 2543 3289 ante
2561 3234 2857 3306 incognita
2872 3236 2929 3290 fu
2940 3237 3048 3291 erit
3064 3254 3076 3291 :
3092 3238 3191 3292 sed
3210 3238 3291 3292 ita
3302 3237 3412 3293 sibi
3431 3242 3566 3293 nota
3578 3242 3723 3309 erat,

2078 3324 2578 3394 quemadmodum
2614 3328 2763 3379 notae
2790 3329 2928 3379 sunt
2960 3341 3051 3380 res
3084 3343 3212 3397 qua:
3247 3326 3723 3383 memoriaconti-

2077 3417 2310 3479 nentur,
2340 3412 2569 3468 etiamsi
2603 3430 2719 3468 non
2747 3413 3114 3484 cogitentur:
3163 3417 3437 3486 quoniam
3473 3417 3722 3472 dicimus

2076 3500 2379 3556 hominem
2414 3517 2585 3557 nosse
2616 3500 2860 3567 litteras,
2894 3502 3069 3557 etiam
3101 3519 3232 3558 cum
3268 3504 3338 3558 de
3368 3502 3497 3559 aliis
3524 3505 3720 3573 rebus,

2075 3606 2190 3645 non
2224 3589 2295 3644 de
2326 3588 2536 3645 litteris
2568 3589 2804 3661 cogitat.
2837 3590 2965 3645 Haec
2999 3596 3195 3646 autem
3228 3592 3365 3659 duo,
3397 3593 3645 3665 gignens
3667 3596 3724 3649 et

2074 3677 2357 3750 genitum,
2403 3678 2711 3734 dilectione
2755 3678 2925 3734 tertia
2971 3679 3342 3751 capulantur,
3397 3697 3522 3753 quas
3573 3681 3721 3738 nihil

2074 3771 2160 3823 est
2191 3766 2347 3821 aliud
2383 3783 2558 3838 quam
2602 3766 2871 3823 voluntas
2920 3768 3233 3824 fruendum
3285 3768 3505 3842 aliquid
3540 3787 3717 3843 appe-

2072 3861 2202 3912 tens
2227 3855 2313 3912 vel
2344 3860 2571 3912 tenens.
2608 3857 2862 3929 Ideoque
2891 3857 3065 3913 etiam
3096 3857 3213 3914 illis
3246 3859 3428 3914 tribus
3461 3860 3717 3914 nomini-

2074 3946 2184 4001 bus
2241 3944 2656 4000 insinuandam
2716 3946 2928 4002 mentis
2986 3947 3318 4018 putavimus
3369 3948 3710 4018 trinitatem,

2073 4035 2375 4103 memoria,
2410 4034 2812 4107 intelligentia,
2844 4035 3160 4091 voluntate.

2141 4124 2194 4180 9.
2223 4124 2333 4179 Sed
2359 4124 2633 4195 quoniam
2658 4127 2915 4179 mentem
2952 4140 3185 4196 semper
3223 4126 3315 4180 sui
3353 4125 3712 4198 meminisse,

2075 4229 2421 4285 semperque
2451 4228 2513 4268 se
2544 4213 2733 4284 ipsam
2767 4212 3091 4283 intelligere
3122 4218 3179 4268 et
3199 4230 3414 4277 amare,
3441 4216 3714 4285 quamvis

2076 4319 2192 4358 non
2226 4317 2458 4372 semper
2487 4316 2548 4356 se
2579 4300 2833 4372 cogitare
2881 4301 3193 4356 discretam
3226 4302 3298 4356 ab
3331 4302 3414 4357 eis
3444 4319 3569 4373 quae
3601 4319 3714 4358 non

2074 4394 2212 4446 sunt
2233 4390 2386 4461 quod
2410 4389 2541 4460 ipsa
2561 4392 2668 4456 est,
2693 4388 2846 4444 circa
2867 4389 3130 4459 ejusdem
3153 4388 3285 4444 libri
3308 4390 3519 4445 decimi
3540 4391 3716 4446 linem

2073 4478 2328 4534 diximus
2354 4494 2366 4532 :
2397 4477 2775 4548 quaerendum
2799 4481 2889 4531 est
2910 4493 3162 4547 quonam
3192 4479 3363 4534 modo
3397 4480 3467 4532 ad
3500 4479 3716 4551 cogita-

2071 4569 2288 4623 tionem
2324 4566 2611 4637 pertineat
2642 4564 3014 4633 intellectus;
3049 4566 3255 4622 notitia
3277 4583 3409 4623 vero
3433 4569 3717 4638 cujusque

2072 4656 2174 4726 rei,
2209 4672 2333 4727 quae
2364 4655 2516 4711 inest
2548 4654 2751 4721 menti,
2779 4655 2955 4710 etiam
2982 4656 3216 4726 quando
3239 4673 3352 4710 non
3377 4656 3447 4711 de
3470 4656 3597 4727 ipsa
3621 4672 3717 4711 co-

2071 4745 2309 4817 gitatur,
2344 4744 2415 4798 ad
2446 4744 2633 4799 solam
2683 4743 2909 4798 dicatur
2938 4743 3281 4799 memoriam
3317 4743 3622 4816 pertinere.
3658 4745 3717 4801 Si

2071 4833 2227 4889 enim
2260 4832 2369 4887 hoc
2398 4832 2481 4887 ita
2510 4838 2618 4900 est,
2653 4849 2768 4887 non
2813 4832 3065 4887 habebat
3113 4832 3234 4887 haec
3284 4831 3415 4901 tria,
3444 4838 3508 4887 ut
3538 4838 3594 4887 et
3624 4833 3717 4889 sui

2072 4921 2461 4991 meminisset,
2493 4927 2549 4976 et
2578 4936 2640 4976 se
2670 4920 3037 4993 intelligeret,
3080 4924 3139 4975 et
3186 4926 3425 4991 amaret,
3462 4922 3561 4977 sed
3595 4940 3716 4978 nie-

2071 5008 2320 5065 minerat
2347 5013 2579 5064 tantum
2612 5009 2727 5078 sui,
2760 5014 2815 5065 et
2842 5014 3044 5081 postea
3074 5026 3210 5064 cum
3238 5010 3495 5081 cogitare
3524 5028 3585 5067 se
3606 5029 3718 5069 oce-

2071 5098 2178 5170 pit,
2207 5102 2347 5153 tunc
2371 5114 2432 5153 se
2464 5096 2748 5155 intellexit
2779 5102 2956 5169 atque
2987 5097 3206 5155 dilexit.

2142 5186 2370 5243 CAPUT
2401 5189 2525 5243 VII.
2557 5218 2625 5227 —
2654 5187 2913 5259 Exemplo
2962 5203 3046 5242 res
3076 5186 3414 5244 declaratur.
3452 5190 3729 5259 Quomodo

2069 5293 2153 5332 res
2175 5277 2526 5347 adjuvandos
2560 5277 2781 5331 lectores
2814 5280 3043 5331 tractata
3073 5278 3163 5332 sit.
3198 5278 3564 5352 Quapropter
3594 5282 3729 5338 dili-

2073 5365 2463 5439 gentiusillud
2480 5366 3446 5439 consideremusexemplum,quod
3463 5370 3733 5427 adhibui-

2073 5453 3101 5521 mus,ubi’ostendereturaliudesse
3133 5474 3253 5512 rem
3287 5475 3583 5533 quamque
3616 5479 3731 5517 non

2070 5561 2262 5613 nosse,
2288 5544 2445 5599 aliud
2472 5560 2586 5598 non
2614 5546 2873 5614 cogitare
2893 5589 2905 5611 ,
2936 5545 3179 5618 ﬁerique
3204 5564 3377 5620 posse
3410 5554 3475 5605 ut
3506 5550 3731 5608 noverit

2133 5758 2154 5827 ξ
2181 5756 2342 5827 gditi,
2363 5755 2633 5827 gigz‘abit.
2665 5757 2853 5827 Aptius
2888 5773 3013 5810 vero
3053 5761 3179 5827 Mss.
3211 5761 3473 5827 migravit.

2135 5820 2156 5856 ³
2176 5818 2331 5883 Hpud
2361 5818 2453 5869 Er.
2472 5819 2637 5883 Lugd.
2670 5818 2800 5872 ven.
2829 5822 2979 5886 Lov.,
3007 5824 3081 5875 ut.
3120 5825 3188 5876 Μ.
