4160 6466
464 465 618 530 1043

463 600 639 655 homo
663 595 882 669 aliquid
909 597 1061 668 quod
1077 613 1191 652 non
1211 595 1446 667 cogitat,
1468 597 1700 668 quando
1718 595 1975 660 aliunde,
1993 608 2109 648 non

462 687 599 744 inde
614 687 846 758 cogitat.
863 686 1120 742 Duarum
1136 702 1271 757 ergo
1285 685 1370 740 vel
1389 685 1644 757 plurium
1662 684 2104 755 disciplinarum

465 777 708 848 peritus,
727 776 959 846 quando
975 792 1151 830 unam
1166 775 1400 846 cogitat,
1418 774 1591 830 aliam
1607 774 1694 830 vel
1709 773 1853 828 alias
1867 774 2042 828 etiam
2059 771 2105 824 si

464 882 579 921 non
607 865 840 936 cogitat,
868 864 994 918 novi
1025 871 1235 919 tamen.
1259 865 1366 919 Sed
1402 863 1687 934 numquid
1720 867 1869 919 recte
1901 878 2106 933 possu-

470 971 605 1010 mus
634 953 844 1018 dicere,
881 954 993 1008 Iste
1033 954 1294 1008 musicus
1343 954 1500 1008 novit
1530 953 1765 1024 quidem
1799 950 2104 1016 musicam,

465 1043 568 1098 sed
601 1058 756 1096 nunc
786 1057 914 1096 eam
947 1058 1061 1095 non
1102 1040 1395 1112 intelligit,
1445 1041 1583 1112 quia
1628 1057 1755 1096 eam
1806 1057 1919 1094 non
1953 1038 2106 1110 cogi-

465 1134 590 1198 tat;
651 1129 922 1200 intelligit
972 1134 1167 1183 autem
1246 1146 1402 1184 nunc
1466 1129 1900 1201 geometricam,
1959 1127 2108 1182 hanc

467 1219 622 1273 enim
658 1236 814 1273 nunc
845 1218 1105 1289 cogitat?
1136 1218 1406 1273 Absurde
1453 1222 1560 1285 est,
1616 1221 1901 1289 quantum
1931 1234 2107 1288 appa-

470 1311 575 1372 ret,
609 1307 720 1362 ista
751 1307 1057 1362 sententia.
1092 1307 1238 1370 Quid
1270 1307 1442 1361 etiam
1469 1305 1589 1376 illa,
1614 1307 1661 1362 si
1685 1307 1971 1375 dicamus,
1999 1310 2108 1361 Iste

470 1395 731 1451 musicus
764 1396 920 1451 novit
948 1395 1182 1466 quidem
1208 1396 1518 1463 musicam,
1541 1397 1639 1450 sed
1666 1413 1819 1450 nunc
1841 1412 1968 1450 eam
1993 1412 2105 1448 non

473 1491 652 1552 amat,
688 1485 920 1555 quando
955 1501 1080 1538 eam
1107 1501 1219 1538 non
1252 1486 1508 1556 cogitat;
1542 1490 1699 1539 amat
1730 1491 1921 1540 autem
1955 1500 2109 1538 nunc

467 1572 936 1645 geometricam‘,
964 1573 1240 1643 quoniam
1264 1590 1419 1627 nunc
1442 1574 1629 1644 ipsam
1653 1575 1894 1645 cogitat:
1919 1587 2108 1627 nonne

469 1661 741 1717 similiter
761 1663 1015 1717 absurda
1036 1662 1165 1717 est?
1188 1662 1532 1717 Rectissime
1553 1679 1683 1717 vero
1706 1662 1975 1731 dicimus,
2001 1661 2108 1716 iste

469 1766 642 1821 quem
674 1750 956 1822 perspicis
988 1751 1057 1805 de
1087 1751 1438 1821 geometrica
1481 1752 1900 1822 disputantem,
1933 1750 2107 1805 etiam

470 1839 761 1910 perfectus
795 1843 884 1894 est
915 1839 1214 1907 musicus;
1253 1856 1387 1894 nam
1421 1844 1477 1894 et
1498 1840 1763 1895 meminit
1785 1839 2107 1910 disciplinae

471 1929 618 1996 ejus,
654 1931 710 1981 et
735 1926 1012 1998 intelligit
1042 1943 1170 1981 eam
1200 1931 1256 1981 et
1286 1925 1512 1997 diligit:
1549 1927 1649 1982 sed
1682 1926 1948 1998 quamvis
1979 1942 2106 1980 eam

473 2016 699 2070 noverit
727 2020 785 2070 et
815 2020 988 2082 amet,
1024 2032 1180 2070 nunc
1209 2015 1368 2070 illam
1414 2032 1526 2070 non
1561 2016 1798 2086 cogitat,
1831 2014 2106 2086 quoniam

470 2104 883 2178 geometricam
908 2107 978 2158 de
1009 2121 1120 2172 qua
1145 2105 1425 2175 disputat,
1467 2104 1695 2176 cogitat.
1735 2104 1875 2158 Hinc
1906 2104 2107 2158 admo-

470 2209 684 2248 nemur
712 2208 839 2247 esse
871 2192 1040 2246 nobis
1073 2192 1129 2245 in
1162 2191 1356 2247 abdito
1381 2193 1588 2248 mentis
1611 2193 2000 2263 quarumdam
2027 2208 2109 2246 re-

470 2297 603 2337 rum
638 2281 924 2351 quasdam
955 2280 1214 2344 notitias,
1247 2285 1303 2335 et
1333 2284 1471 2335 tunc
1502 2282 1753 2352 quodam
1790 2282 1958 2336 modo
1985 2298 2110 2352 pro-

472 2370 671 2425 cedere
702 2370 760 2424 in
795 2369 1075 2438 medium,
1102 2373 1275 2440 atque
1296 2369 1353 2423 in
1377 2375 1685 2441 conspectu
1714 2369 1927 2425 mentis
1951 2370 2110 2425 velut

472 2458 733 2530 apertius
762 2458 1065 2526 constitui,
1097 2457 1329 2529 quando
1379 2459 1746 2529 cogitantur:
1782 2464 1921 2514 tunc
1952 2460 2107 2516 enim

471 2563 532 2602 se
564 2549 692 2619 ipsa
723 2563 910 2612 mens,
934 2553 990 2601 et
1013 2545 1371 2613 meminisse,
1395 2550 1450 2600 et
1475 2545 1813 2618 intelligere,
1838 2552 1893 2603 et
1914 2564 2109 2604 amare

470 2635 710 2703 invenit,
736 2636 911 2691 etiam
936 2636 1091 2690 unde
1113 2651 1227 2689 non
1250 2634 1559 2706 cogitabat,
1585 2636 1816 2707 quando
1835 2635 1992 2691 aliud
2015 2654 2109 2692 co-

473 2724 715 2797 gitabat.
749 2725 859 2780 Sed
893 2724 1046 2779 unde
1080 2725 1176 2778 diu
1209 2741 1322 2778 non
1368 2723 1835 2793 cogitaverimus,
1868 2730 1926 2780 et
1956 2727 2109 2781 unde

472 2813 726 2885 cogitare
755 2813 868 2868 nisi
900 2811 1237 2868 commoniti
1261 2829 1376 2867 non
1399 2813 1681 2880 valemus,
1707 2814 1762 2868 id
1787 2831 1892 2870 nos
1915 2815 2108 2870 nescio

472 2918 586 2973 quo
617 2903 937 2973 eodemque
967 2903 1114 2957 miro
1147 2902 1339 2967 modo,
1374 2901 1420 2957 si
1446 2905 1634 2974 potest
1654 2903 1788 2969 dici,
1809 2903 1954 2958 scire
1978 2920 2105 2959 nes-

469 2992 680 3046 cimus.
712 2991 974 3062 Denique
1028 2995 1179 3046 recte
1233 2991 1304 3045 ab
1354 3007 1419 3046 eo
1452 2991 1550 3061 qui
1585 2996 2020 3058 commemorat,
2057 2993 2107 3046 ei

467 3081 675 3151 quem“
703 3084 1119 3135 commemorat
1147 3079 1396 3135 dicitur:
1429 3079 1552 3134 Scis
1580 3080 1709 3146 hoc,
1744 3081 1842 3135 sed
1877 3081 2024 3136 scire
2054 3087 2110 3137 te

467 3169 688 3236 nescis;
713 3170 1199 3237 commemorabo,
1216 3173 1272 3223 et
1295 3168 1554 3223 invenies
1576 3173 1629 3223 te
1652 3169 1926 3225 scientem
1953 3172 2106 3242 quod

465 3261 522 3312 te
553 3258 776 3312 nescire
809 3262 1136 3329 putaveras.
1163 3258 1224 3311 Id
1249 3263 1430 3329 agunt
1449 3264 1504 3313 et
1528 3257 1746 3328 litterae,
1774 3276 1899 3329 quae
1923 3261 1992 3314 de
2016 3260 2106 3315 his

465 3347 639 3401 rebus
670 3346 1012 3418 conscriptas
1042 3350 1201 3416 sunt,
1237 3363 1382 3417 quas
1414 3363 1505 3402 res
1527 3347 1671 3401 duce
1697 3347 1917 3402 ratione
1942 3366 2105 3404 veras

465 3451 590 3490 esse
625 3435 840 3489 invenit
872 3435 1085 3490 lector:
1131 3453 1244 3490 uon
1297 3453 1442 3506 quas
1489 3453 1654 3490 veras
1685 3453 1810 3492 esse
1844 3438 2024 3492 credit
2055 3439 2105 3493 ei

467 3524 566 3594 qui
598 3524 850 3596 scripsit,
885 3525 1039 3579 sicut
1067 3523 1282 3596 legitur
1322 3524 1598 3592 historia;
1632 3526 1731 3580 sed
1764 3543 1911 3595 quas
1941 3543 2103 3582 veras

465 3628 592 3666 esse
625 3612 799 3668 etiam
832 3613 956 3683 ipse
989 3613 1226 3678 invenit,
1280 3613 1397 3668 sive
1434 3614 1585 3684 apud
1619 3630 1702 3680 se,
1736 3615 1855 3670 sive
1885 3616 1942 3669 in
1977 3615 2105 3686 ipsa

468 3701 682 3755 mentis
713 3701 842 3756 luce
872 3701 1128 3756 veritate.
1153 3701 1258 3765 Qui
1291 3718 1422 3757 vero
1452 3718 1556 3756 nec
1595 3702 1931 3759 admonitus
1956 3704 2107 3759 valet

463 3788 576 3843 ista
615 3790 896 3859 contueri,
930 3806 1143 3861 magna
1184 3789 1440 3844 caecitate
1484 3790 1699 3856 cordis,
1731 3791 1983 3846 tenebris
2015 3792 2104 3864 ig-

464 3878 743 3932 norantiae
775 3879 1077 3933 demersus
1109 3883 1200 3933 est
1232 3877 1430 3945 altius,
1454 3884 1510 3932 et
1530 3878 1887 3934 mirabiliore
1910 3880 2104 3936 divina

463 3982 569 4036 ope
602 3965 840 4037 indiget,
877 3972 940 4021 ut
970 3967 1155 4038 possit
1183 3967 1253 4021 ad
1287 3982 1481 4022 veram
1523 3967 1870 4038 sapientiam
1905 3986 2101 4040 perve-

457 4054 604 4110 nire.

531 4143 616 4197 10.
643 4146 883 4214 Propter
903 4144 1012 4199 hoc
1044 4144 1237 4214 itaque
1268 4142 1422 4197 volui
1455 4143 1524 4197 de
1557 4143 1899 4216 cogitatione
1930 4146 2098 4202 adbi-

455 4230 591 4286 bere
613 4231 1038 4303 qualecumque
1063 4234 1499 4298 documentum,
1523 4249 1637 4304 quo
1656 4239 1854 4305 posset
1871 4236 2097 4290 ostendi

455 4321 746 4391 quomodo
760 4338 828 4375 ex
846 4321 918 4376 iis
936 4338 1061 4392 quae
1083 4321 1766 4392 memoriacontinentur,
1787 4325 2094 4381 recordan-

452 4409 529 4462 tis
545 4409 698 4464 acies
711 4409 1078 4475 informetur,
1095 4409 1275 4464 ettale
1288 4409 1506 4480 aliquid
1522 4410 1798 4481 gignatur
1811 4412 1905 4466 ubi
1921 4413 2095 4469 homo

451 4496 691 4568 cogitat.
719 4497 890 4569 quale
917 4497 974 4550 in
1000 4496 1095 4552 illo
1117 4503 1241 4552 erat
1263 4498 1358 4553 ubi
1384 4503 1516 4553 ante
1540 4500 1949 4570 cogitationem
1973 4518 2092 4556 me-

453 4584 731 4641 minerat:
753 4588 889 4657 quia
913 4586 1139 4642 facilius
1158 4587 1541 4658 dignoscitur,
1558 4589 1711 4658 quod
1729 4593 1987 4660 tempore
2000 4606 2092 4644 ac-

453 4673 685 4742 cedit,et
707 4674 800 4729 ubi
822 4691 1030 4745 parens
1051 4675 1268 4747 prolem
1287 4675 1474 4747 spatio
1489 4677 1769 4748 temporis
1784 4679 2086 4735 antecedit.

450 4761 593 4817 Nam
619 4765 666 4818 si
692 4780 796 4818 nos
819 4765 1139 4819 referamus
1161 4765 1231 4818 ad
1261 4763 1592 4819 interiorem
1629 4766 1836 4821 mentis
1869 4783 2086 4823 memo-

450 4851 596 4906 riam
631 4868 747 4922 qua
777 4853 865 4908 sui
901 4853 1182 4921 meminit,
1207 4857 1263 4907 et
1285 4853 1616 4908 interiorem
1644 4853 2083 4925 intelligentiam

447 4956 564 5011 qua
586 4957 646 4995 se
668 4940 959 5013 intelligit,
984 4947 1040 4997 et
1061 4941 1395 4997 interiorem
1416 4942 1771 4996 voluntatem
1791 4960 1907 5013 qua
1925 4960 1984 4998 se
2002 4945 2086 4998 di-

444 5026 592 5099 ligit,
619 5029 716 5083 ubi
742 5029 860 5084 haec
886 5030 996 5084 tria
1020 5029 1196 5084 simul
1221 5045 1452 5100 semper
1484 5035 1644 5098 sunt,
1677 5035 1733 5085 et
1761 5048 1988 5102 semper
2007 5033 2085 5088 si-

441 5116 565 5171 mul
582 5118 898 5172 fuernntex
918 5134 1032 5188 quo
1050 5135 1179 5173 esse
1199 5125 1515 5188 cceperunt,
1537 5119 1655 5173 sive
1671 5121 2082 5192 cogitarentur,

440 5204 561 5260 sive
585 5223 699 5260 non
724 5205 1697 5277 cogitarentur;videbiturquidem
1717 5209 1907 5280 imago
1925 5209 2083 5265 illius

438 5293 723 5350 trinitatis
746 5299 803 5349 et
824 5295 894 5349 ad
918 5293 1100 5349 solam
1122 5295 1461 5350 memoriam
1487 5297 1771 5366 pertinere
1794 5314 1804 5352 :
1827 5299 1924 5352 sed
1947 5298 2085 5370 quia

439 5382 520 5438 ibi
541 5383 780 5437 verbum
806 5399 934 5438 esse
958 5383 1082 5438 sine
1103 5383 1449 5455 cogitatione
1481 5401 1593 5439 non
1628 5394 1809 5456 potest
1843 5387 2081 5457 (cogita-

442 5486 576 5525 mus
600 5470 755 5524 enim
780 5487 951 5525 omne
973 5472 1124 5542 quod
1161 5471 1435 5539 dicimus,
1476 5473 1648 5528 etiam
1691 5473 1787 5528 illo
1811 5473 2082 5531 interiore

441 5559 612 5614 verbo
646 5561 796 5630 quod
833 5560 904 5614 ad
939 5559 1154 5615 nullius
1186 5561 1376 5632 gentis
1413 5563 1659 5633 pertinet
1689 5562 1995 5634 linguam),
2022 5566 2077 5618 in

442 5649 630 5704 tribus
660 5649 849 5719 potius
875 5649 991 5704 illis
1024 5650 1214 5722 imago
1249 5650 1358 5705 ista
1381 5653 1771 5722 cognoscitur,
1799 5658 2080 5708 memoria

507 5793 530 5864 ξ
553 5790 709 5864 ἓάὶιῇ
739 5790 1282 5864 Ιοερηρςοιηεινίςωζι,
1306 5793 1601 5864 habebant,
1631 5795 1984 5856 geometriam.

509 5853 530 5890 ³
555 5854 632 5902 Ita
667 5856 789 5904 Mss.
819 5853 955 5905 Editi
986 5870 1131 5919 vero,
1161 5857 1261 5906 cui.
1291 5856 1358 5908 At
1396 5857 1539 5918 Mss.,
1571 5853 1736 5921 quem.

1575 463 1676 524 DE
1720 459 2171 530 TBINITATE,
2220 458 2283 520 S.
2330 459 2754 522 AUGUSTINI

3714 455 3870 518 10M

2220 590 2458 658 scilicet,
2498 590 2900 662 intelligentia,
2933 588 3252 645 voluntate.
3291 590 3450 644 Hanc
3481 591 3679 644 autem
3711 604 3866 643 nunc

2212 679 2339 734 dico
2372 677 2843 749 intelligentiam,
2878 695 2990 748 qua
3020 677 3408 750 intelligimus
3438 677 3783 748 cogitantes,
3808 678 3864 732 id

2210 773 2319 838 est,
2355 770 2590 840 quando
2623 768 2705 822 eis
2738 770 2983 840 repertis
3016 785 3140 838 quae
3184 767 3477 822 memoria
3509 771 3707 838 presto
3739 765 3863 820 fue-

2210 863 2362 925 rant,
2394 859 2494 912 sed
2529 875 2640 912 non
2674 857 3102 929 cogitabuntur,
3135 855 3405 926 cogitatio
3430 861 3630 910 nostra
3654 855 3862 910 forma-

2211 949 2348 1015 tur;
2382 951 2438 1001 et
2469 962 2595 1001 eam
2630 946 3009 1012 voluntatem,
3041 945 3161 1000 sive
3191 960 3471 1014 amorem,
3508 948 3564 998 et
3594 943 3859 998 dilectio-

2213 1051 2366 1098 nem,
2403 1052 2528 1106 quaa
2561 1035 2734 1090 istam
2769 1034 2988 1106 prolem
3014 1037 3432 1105 parentemque
3459 1033 3783 1104 conjungit,
3807 1037 3862 1087 et

2212 1125 2465 1196 quodam
2486 1123 2656 1178 modo
2676 1123 2968 1195 utrisque‘
2991 1121 3321 1177 communis
3341 1125 3447 1177 est.
3469 1122 3614 1176 Hinc
3639 1122 3856 1176 factum

2210 1219 2298 1266 est
2320 1217 2382 1265 ut
2402 1212 2577 1266 etiam
2604 1228 2706 1284 per
2729 1212 3014 1266 exteriora
3039 1211 3340 1266 sensibilis
3371 1229 3495 1283 quae
3529 1229 3630 1282 per
3657 1211 3860 1266 oculos

2211 1301 2401 1355 carnis
2433 1301 2719 1370 videntur,
2750 1300 3069 1372 legentium
3101 1301 3370 1355 ducerem
3403 1301 3765 1371 tarditatem,
3797 1301 3856 1355 in

2211 1389 2516 1444 undecimo
2540 1389 2763 1444 scilicet
2785 1389 2932 1444 libro
2954 1407 2966 1444 :
2990 1393 3163 1460 atque
3182 1389 3314 1444 inde
3331 1406 3464 1444 cum
3489 1389 3572 1444 eis
3597 1389 3860 1461 ingrede-

2211 1494 2303 1532 rer
2323 1479 2392 1532 ad
2419 1478 2660 1533 hominis
2684 1479 2976 1534 interioris
2999 1494 3126 1533 eam
3151 1479 3468 1550 potentiam
3495 1495 3611 1549 qua
3629 1478 3860 1533 ratioci-

2211 1572 2387 1622 natur
2409 1568 2480 1622 de
2503 1566 2918 1639 temporalibus
2933 1568 3127 1634 rebus,
3143 1566 3447 1622 dill'erens’
3463 1567 3620 1622 illam
3644 1569 3862 1638 princi-

2211 1655 2419 1728 paliter
2439 1656 2839 1711 dominantem
2864 1674 2979 1727 qua
3001 1656 3430 1728 contemplatur
3451 1666 3698 1711 aeternas
3723 1675 3736 1711 :
3772 1662 3864 1710 at—

2212 1761 2323 1816 que
2339 1745 2391 1799 id
2409 1745 2638 1800 duobus
2653 1744 3045 1800 voluminibus
3060 1745 3525 1816 egi,duodecimo
3540 1749 3864 1816 utrumque

2212 1833 2574 1901 discernens,
2599 1849 2848 1904 quorum
2875 1851 3056 1887 unum
3081 1834 3474 1905 estsuperius,
3501 1833 3752 1889 alterum
3774 1836 3862 1888 in-

2213 1921 2414 1985 ferius,
2434 1922 2588 1992 quod
2611 1923 2896 1993 superiori
2915 1922 3212 1977 subditum
3235 1938 3366 1977 esse
3385 1922 3752 1989 debet;tertio
3770 1923 3866 1978 de-

2211 2011 2362 2065 cimo
2389 2016 2583 2065 autem
2603 2012 2672 2064 de
2708 2027 2949 2065 munere
2976 2010 3288 2076 inferioris,
3313 2028 3427 2082 quo
3461 2011 3858 2066 humanarum

2211 2115 2405 2154 rerum
2430 2099 2674 2154 scientia
2697 2099 2949 2154 salubris
2973 2099 3322 2165 continetur,
3344 2105 3400 2155 et
3422 2100 3478 2154 in
3505 2100 3612 2154 hac
3634 2105 3861 2172 tempo-

2211 2187 2318 2242 rali
2351 2188 2464 2242 vita
2517 2188 2573 2242 id
2627 2205 2872 2259 agamus
2920 2205 3035 2259 quo
3085 2205 3517 2260 consequamur
3555 2192 3866 2258 aeternam,

2213 2281 2431 2348 quanta
2454 2277 2614 2347 potui
2641 2276 2877 2331 veritate
2900 2294 2966 2331 ac
2991 2279 3271 2332 brevitate
3295 2277 3547 2333 disserui
3571 2294 3582 2332 :
3604 2279 3868 2349 quando-

2213 2365 2444 2435 quidem
2471 2382 2593 2420 rem
2617 2370 2734 2420 tam
2760 2365 3145 2437 multiplicem
3171 2372 3347 2437 atque
3365 2365 3684 2437 cOpiosam,
3711 2366 3865 2422 mul-

2211 2458 2404 2509 torum
2430 2459 2601 2525 atque
2630 2471 2976 2526 magnorum
2997 2455 3494 2525 disputationibus
3512 2455 3718 2511 multis
3737 2472 3862 2512 ma-

2213 2542 2461 2614 gnisque
2485 2543 2860 2613 celebratam,
2886 2560 3001 2599 uno
3025 2544 3270 2598 strictim
3305 2543 3596 2599 volumine
3624 2544 3861 2612 inclusi,

2213 2633 2529 2688 ostendens
2581 2633 2756 2688 etiam
2819 2633 2875 2686 in
2933 2636 3063 2704 ipsa
3093 2633 3436 2700 trinitatem,
3465 2635 3564 2689 sed
3597 2635 3864 2690 nondum

2215 2738 2340 2793 quae
2372 2721 2468 2776 Dei
2502 2721 2577 2776 sit
2603 2721 2796 2792 imago
2827 2721 3090 2776 dicenda.

2283 2809 2510 2866 CAPUT
2537 2811 2682 2865 VIII.
2716 2843 2783 2850 —
2813 2811 2901 2866 Η.
2943 2812 3186 2866 Trinitas
3235 2827 3351 2882 qua:
3395 2813 3571 2881 imago
3600 2811 3718 2882 Dei,
3741 2813 3867 2884 jam

2215 2900 2511 2971 quazrenda
2526 2902 2583 2954 in
2593 2901 2892 2970 principali
2902 2902 3098 2955 mentis
3109 2905 3290 2970 parte.
3307 2904 3394 2955 Nu
3405 2917 3473 2955 nc
3485 2916 3618 2954 vero
3635 2901 3706 2955 ad
3731 2917 3863 2955 eam

2205 2989 2329 3059 jam
2352 2989 2726 3059 pervenimus
2740 2989 3218 3060 disputationem,
3244 2989 3343 3043 ubi
3359 2989 3676 3060 principale
3689 3006 3868 3045 men-

2212 3079 2285 3132 tis
2317 3077 2609 3143 humana,
2643 3094 2756 3148 quo
2790 3079 2947 3132 novit
2982 3080 3160 3133 Deum
3185 3077 3268 3132 vel
3293 3083 3482 3149 potest
3503 3095 3696 3146 nosse,
3723 3095 3863 3133 con-

2213 3167 2588 3221 siderandum
2621 3167 3011 3237 suscepimus,
3047 3172 3112 3221 ut
3143 3167 3198 3221 in
3232 3183 3297 3222 eo
3331 3166 3688 3238 reperiamus
3710 3166 3862 3222 ima-

2212 3256 2406 3326 ginem
2444 3255 2558 3309 Dei.
2611 3255 2888 3318 Quamvis
2937 3255 3093 3310 enim
3148 3272 3312 3309 mens
3341 3254 3602 3310 humana
3634 3273 3750 3312 non
3785 3257 3865 3310 sit

2212 3345 2339 3415 ejus
2368 3349 2586 3398 naturae
2620 3346 2788 3413 cujus
2821 3349 2910 3399 est
2941 3344 3092 3398 Deus
3119 3362 3130 3398 :
3183 3343 3376 3416 imago
3409 3349 3604 3400 tamen
3635 3350 3863 3400 naturae

2211 3434 2333 3503 ejus
2363 3450 2479 3504 qua
2506 3437 2716 3486 natura
2746 3432 2951 3488 melior
2981 3433 3143 3488 nulla
3183 3439 3292 3502 est,
3329 3433 3405 3488 ibi
3439 3436 3752 3504 quaerenda
3803 3440 3863 3489 et

2210 3522 2557 3576 invenienda
2585 3527 2675 3577 est
2703 3522 2759 3576 in
2803 3522 2994 3589 nobis,
3043 3539 3156 3592 quo
3205 3522 3380 3577 etiam
3417 3528 3627 3577 natura
3661 3528 3866 3579 nostra

2212 3611 2356 3665 nihil
2389 3610 2565 3665 habet
2597 3610 2826 3666 melius.
2861 3612 2969 3666 Sed
3002 3612 3165 3681 prius
3196 3627 3361 3665 mens
3386 3611 3444 3665 in
3473 3627 3531 3666 se
3564 3611 3691 3683 ipsa
3721 3629 3863 3668 con-

2211 3699 2521 3754 sideranda
2550 3704 2638 3753 est
2667 3704 2984 3771 antequam
3017 3700 3096 3754 sit
3139 3700 3431 3771 particeps
3465 3700 3581 3770 Dei,
3616 3705 3673 3756 et
3703 3701 3762 3755 in
3793 3719 3872 3758 ea

2209 3788 2552 3859 reperienda
2582 3792 2670 3842 est
2703 3789 2894 3859 imago
2927 3789 3075 3857 ejus.
3112 3787 3373 3843 Diximus
3403 3789 3558 3843 enim
3591 3805 3718 3844 eam
3747 3790 3860 3846 etsi

2211 3876 2428 3931 amissa
2459 3876 2556 3930 Dei
2607 3876 3048 3946 participatione
3093 3875 3414 3932 obsoletam
3457 3881 3633 3948 atque
3667 3878 3862 3934 defor-

2211 3982 2386 4032 mem,
2419 3965 2517 4019 Dei
2550 3969 2745 4019 tamen
2772 3965 3087 4037 imaginem
3112 3982 3450 4036 permanere
3474 3967 3703 4037 (Supra,
3728 3986 3851 4040 cap.

2208 4055 2283 4125 4).
2316 4055 2390 4109 Eo
2422 4056 2637 4125 quippe
2668 4053 2791 4125 ipso
2823 4054 3015 4126 imago
3042 4055 3169 4124 ejus
3208 4060 3317 4120 est,
3367 4071 3482 4125 quo
3513 4057 3640 4126 ejus
3671 4073 3856 4128 capax

2205 4149 2312 4210 est,
2346 4144 2588 4214 ejusque
2621 4143 2905 4214 particeps
2939 4160 3067 4198 esse
3092 4147 3283 4214 potest
3311 4168 3324 4210 ;
3352 4145 3504 4214 quod
3538 4149 3657 4200 tam
3693 4163 3854 4219 mag-

2205 4249 2349 4287 num
2381 4233 2621 4301 bonum,
2657 4232 2766 4286 nisi
2793 4249 2893 4302 per
2913 4231 3019 4286 hoc
3043 4233 3196 4303 quod
3221 4233 3416 4305 imago
3443 4234 3570 4303 ejus
3595 4239 3704 4305 est,
3734 4253 3850 4291 non

2205 4321 2445 4392 potest'.
2477 4321 2616 4374 Ecce
2645 4337 2780 4391 ergo
2814 4337 2978 4375 mens
3014 4321 3279 4376 meminit
3313 4322 3424 4389 sui,
3457 4321 3735 4394 intelligit
3765 4342 3852 4394 se,

2203 4409 2392 4482 diligit
2424 4426 2484 4464 se
2513 4426 2525 4463 :
2562 4410 2667 4464 hoc
2694 4410 2741 4464 si
2779 4410 3096 4472 cernimus,
3127 4411 3445 4477 cernimus,
3480 4411 3806 4468 trinitatem
3835 4433 3846 4482 ;

2203 4499 2462 4553 nondum
2495 4498 2728 4568 quidem
2779 4498 2982 4564 Deum,
3038 4499 3136 4552 sed
3179 4500 3305 4567 jam
3353 4499 3670 4569 imaginem
3725 4502 3844 4556 Dei.

2202 4587 2327 4644 Non
2360 4587 2682 4642 forinsecus
2715 4586 2936 4656 accepit
2961 4587 3245 4641 memoria
3275 4589 3430 4656 quod
3461 4593 3706 4656 teneret,
3741 4607 3847 4646 nec

2200 4676 2338 4731 foris
2364 4675 2581 4729 invenit
2603 4675 2755 4746 quod
2780 4673 3069 4745 aspiceret
3093 4673 3442 4752 intellectus,
3468 4676 3621 4732 sicut
3641 4695 3844 4751 corpo-

2198 4763 2278 4819 ris
2310 4764 2516 4819 oculus
2541 4780 2553 4817 :
2590 4780 2694 4818 nec
2724 4763 2837 4818 ista
2864 4763 2998 4834 duo,
3033 4749 3188 4817 velth
3209 4750 3457 4819 formam
3483 4749 3763 4838 corporis,
3790 4773 3848 4824 et

2198 4870 2325 4908 eam
2355 4870 2480 4924 quae
2511 4852 2645 4907 inde
2679 4855 2824 4907 facta
2855 4856 2942 4907 est
2966 4851 3026 4906 in
3050 4853 3170 4907 acie
3192 4855 3545 4922 contuentis,
3571 4856 3845 4913 voluntas

2197 4943 2337 4998 foris
2361 4942 2590 5012 junxit:
2626 4959 2728 4997 nec
2767 4940 3082 5013 imaginem
3135 4941 3211 4996 rei
3245 4958 3372 5012 quae
3409 4942 3545 4998 foris
3579 4945 3704 5000 visa
3729 4951 3840 5012 est,

2196 5032 2448 5102 quodam
2483 5031 2652 5085 modo
2683 5036 2910 5102 raptam
2961 5034 3018 5085 et
3049 5030 3106 5085 in
3159 5032 3442 5086 memoria
3480 5037 3840 5092 reconditam

2195 5121 2465 5191 cogitatio
2487 5136 2620 5174 cum
2644 5120 2713 5174 ad
2737 5136 2864 5174 eam
2888 5125 3339 5187 converteretur,
3370 5121 3614 5191 invenit,
3633 5129 3690 5179 et
3707 5125 3842 5181 inde

2195 5209 2481 5264 formatus
2505 5208 2624 5262 est‘
2645 5206 3002 5261 recordantis
3025 5207 3284 5273 obtutus,
3302 5209 3594 5279 jungente
3617 5215 3846 5268 utrum-

2195 5313 2307 5368 que
2329 5296 2498 5352 tertia
2517 5295 2815 5350 voluntate
2832 5311 2844 5350 :
2859 5295 3010 5349 sicut
3026 5295 3084 5349 in
3103 5295 3185 5350 eis
3208 5297 3664 5354 ostendebamus
3680 5301 3843 5355 trini-

2192 5385 2412 5440 tatibus
2435 5384 2580 5452 ﬁeri,
2613 5401 2738 5454 quas
2768 5383 2827 5436 in
2851 5383 3022 5438 rebus
3046 5383 3445 5454 corporalibus
3468 5387 3839 5458 reperieban-

2191 5478 2306 5540 tur,
2331 5474 2416 5529 vel
2439 5491 2506 5528 ex
2528 5473 2870 5544 corporibus
2893 5488 2992 5544 per
3010 5489 3247 5527 sensum
3269 5475 3529 5545 corporis
3547 5475 3838 5533 introrsus

2192 5565 2443 5635 quodam
2469 5562 2635 5617 medo
2651 5560 3059 5627 trahebantur;
3081 5561 3149 5616 de
3163 5561 3377 5630 quibus
3393 5564 3668 5622 omnibus
3689 5567 3746 5621 in
3765 5566 3835 5621 li-

2255 5673 2270 5705 ί
2304 5671 2384 5718 Er.
2416 5667 2578 5727 Lugd.
2615 5669 2743 5715 Ven.
2778 5669 2900 5714 Lov.
2927 5666 3129 5728 legunt.
3162 5667 3381 5728 utrique.
3482 5672 3551 5719 M.

2251 5734 2272 5768 ³
2302 5733 2456 5790 Editi,
2489 5732 2758 5778 disserens.
2791 5730 3131 5792 Castigantur
3153 5743 3218 5777 ex
3238 5730 3362 5779 Mss.

2252 5797 2272 5830 ⁸
2301 5795 2453 5858 Editi,
2485 5792 2705 5858 intelligi
2733 5805 2832 5858 non
2847 5794 3038 5858 potest.
3073 5791 3252 5850 Abest,
3285 5792 3520 5858 intelligi,
3553 5809 3584 5846 a
3611 5797 3736 5847 Mss.

2252 5858 2274 5894 ⁸
2303 5857 2480 5908 Plures
2509 5853 2800 5916 Mss.,'inde
2838 5853 3152 5918 informatus
3179 5858 3269 5906 est.
