4160 6448
153 340 312 406 i057

152 476 330 533 etiam
344 476 414 532 de
429 474 602 532 rebus
618 471 1116 531 manifestissimis
1129 473 1370 547 placuit,
1386 475 1502 532 ista
1514 475 1806 532 sententia

152 565 476 624 redolebat.
492 570 536 619 A
552 563 914 636 philosophis
927 569 1145 632 autem,
1163 564 1316 620 sicut
1334 565 1457 637 ipse
1473 565 1800 633 confitetur,

149 657 419 712 maximis
435 654 1060 726 longequeclarissimis,
1077 659 1177 709 ate
1186 671 1320 710 rnos
1334 653 1562 710 animos
1573 669 1702 710 esse
1715 671 1805 709 ac-

152 749 407 818 ceperat.
425 745 636 801 Aiterni
653 743 863 815 quippe
875 744 1053 800 animi
1075 760 1190 799 non
1208 743 1684 800 inconvenienter
1699 745 1804 800 hac

152 834 555 892 exhortatione
577 832 926 900 excitantur,
954 832 1085 887 utin
1101 850 1207 888 suo
1220 849 1396 888 cursu
1413 832 1800 904 reperiantur,

153 941 286 980 cum
307 921 529 980 venerit
553 923 680 978 vita
702 921 880 992 hujus
901 927 1246 992 extremum,
1272 921 1328 976 id
1354 927 1462 990 est,
1489 922 1545 976 in
1578 922 1802 978 ratione

151 1020 206 1071 et
235 1011 632 1086 investigandi
652 1011 992 1084 cupiditate,
1021 1011 1334 1083 minusque
1357 1028 1418 1067 se
1441 1011 1804 1069 admisceant

1336 339 1570 401 LIBER
1613 340 1955 412 QUINTUS
1999 340 2367 404 DECIMUS.

3399 345 3559 409 i058

1913 480 2089 548 atque
2120 475 2422 548 implicent
2452 475 2756 533 hominum
2786 478 2943 534 vitiis
2964 482 3022 536 et
3041 479 3360 550 erroribus,
3383 485 3447 538 ut
3469 483 3553 538 eis

1913 565 2138 621 facilior
2166 566 2244 621 sit
2274 582 2576 639 regressus
2607 568 2675 622 ad
2711 569 2911 624 Deum.
2946 570 3055 626 Sed
3085 569 3192 626 iste
3223 588 3429 627 cursus
3452 571 3554 643 qui

1913 656 2294 712 constituitur
2314 657 2371 711 in
2397 673 2594 712 amore
2615 662 2789 729 atque
2807 659 3249 729 investigatione
3269 661 3550 728 veritatis,

1912 762 2029 800 non
2052 762 2118 801 su
2131 745 2272 801 fﬁcit
2290 746 2543 814 miseris,
2566 746 2621 800 id
2644 752 2750 816 est,
2771 746 3045 802 omnibus
3063 764 3196 804 cum
3211 749 3321 804 ista
3335 749 3459 806 sola
3472 767 3559 805 ra-

1911 833 2066 890 tione
2101 835 2448 890 mortalibus
2487 835 2614 890 sine
2667 835 2778 890 {ide
2809 836 3178 892 Mediatoris:
3212 838 3367 908 quod
3399 838 3456 894 in
3485 837 3556 894 li-

1913 923 2034 978 bris
2057 924 2456 995 superioribus
2479 923 2659 994 hujus
2683 925 2896 996 operis,
2921 926 3171 981 maxime
3192 926 3252 981 in
3275 932 3479 999 quarto
3501 932 3559 984 et

1911 1011 2083 1068 tertio
2114 1013 2362 1080 decimo,
2396 1017 2682 1085 quantum
2708 1013 2891 1085 potui,
2915 1015 3315 1073 demonstrare
3338 1017 3551 1074 curavi.

1028 1343 1405 1437 LIBER
1476 1340 2018 1454 QUINTUS
2094 1343 2678 1442 DECIMUS.

216 1511 640 1584 Prineipio,_quid
650 1511 1369 1584 insingulis‘qua‘tuordeeim
1387 1512 1754 1584 superioﬁribus
1766 1511 1915 1584 libris
1928 1511 2125 1584 dictum
2141 1513 2222 1584 sit,
2240 1515 2458 1584 exponit
2470 1515 2700 1584 breviter
2716 1531 2776 1566 ac
2795 1520 3122 1584 summatim,
3146 1534 3316 1584 eoque
3338 1521 3555 1572 demum

157 1575 466 1651 pervenisse
488 1575 905 1651 di’sppta-tionem
929 1575 1107 1651 docet,
1125 1575 1429 1651 utTrin‘itas‘
1447 1588 1565 1651 qua
1587 1577 1728 1651 Deus
1749 1578 1845 1632 est,
1865 1576 1974 1651 jam
1991 1575 2044 1623 in
2060 1575 2600 1651 ipsisrebusaternis,
2616 1581 3037 1651 incerporalibus
3054 1575 3556 1651 etimuiutabilibus,

157 1637 209 1688 in
247 1652 478 1703 quarum
511 1637 746 1700 perfecta
765 1637 1218 1703 contemplatione
1241 1638 1396 1703 nobis
1418 1638 1570 1686 beata
1584 1639 1693 1703 vita
1713 1638 2535 1703 promittitur,in_quiratur.tlanc
2556 1655 2682 1690 vero
2704 1637 3013 1692 Trinitatem
3036 1647 3270 1695 ostendit
3287 1647 3371 1694 hic
3388 1637 3559 1695 videri

157 1717 186 1751 a
215 1700 370 1751 nobis
402 1705 658 1766 tanquam
692 1714 785 1766 per
808 1701 1175 1766 speculumet
1204 1701 1259 1766 in
1285 1701 1585 1766 aenigmate,
1607 1701 1736 1766 dum
1757 1700 1967 1766 videtur
1992 1714 2088 1763 per
2112 1701 2398 1766 imaginem
2420 1703 2528 1758 Dei,
2552 1705 2690 1766 quod
2713 1718 2810 1753 nos
2831 1720 3033 1765 sumus,
3058 1712 3116 1756 ut
3134 1708 3184 1756 in
3206 1709 3552 1758 similitudine

159 1766 385 1814 obscura
414 1768 468 1812 et
499 1762 565 1813 ad
594 1762 1022 1833 perspiciendum
1055 1762 1471 1833 difﬁcili._Sic'e_t
1501 1776 1561 1833 ex
1593 1762 2208 1833 verho‘mentis’nostra
2237 1762 2380 1833 verbi
2401 1762 3004 1833 divini'generationem,
3023 1762 3239 1818 nonnisi
3257 1771 3558 1833 difﬁculter,

157 1826 848 1898 proptereamqua‘integ
875 1829 1158 1898 utrumque
1190 1826 1409 1898 verbum
1440 1826 1698 1897 interesse
1726 1825 2038 1898 observatur
2067 1826 2351 1898 disparitas
2381 1841 2539 1898 quam
2561 1825 2835 1898 maxime;
2870 1836 2924 1880 et
2973 1825 3039 1881 ex
3068 1833 3347 1884 dilectione
3378 1847 3498 1898 qua
3527 1825 3560 1883 εἰ

157 1886 430 1939 voluntate
453 1886 785 1952 adju'ngitur,
818 1889 1045 1952 Spiritus
1071 1886 1246 1937 sancti
1280 1889 1673 1952 processionem
1704 1886 1894 1951 conjici
1924 1886 2214 1952 utcumque
2245 1894 2296 1938 et
2325 1886 2574 1953 explicari
2603 1905 2758 1956 posse
2789 1886 3138 1945 demonstrat.

227 2155 457 2212 CAPUT
479 2155 786 2212 PRIMUM.
812 2186 880 2196 —
903 2156 952 2210 1.
993 2156 1175 2225 Supra
1210 2164 1445 2212 mentem
1483 2157 1642 2211 Deus.
1695 2155 1804 2211 Vo-

160 2245 341 2302 lentes
358 2246 418 2300 in
439 2245 620 2302 rebus
633 2261 759 2317 qua
777 2245 936 2300 facta
950 2250 1088 2300 sunt
1100 2245 1171 2300 ad
1186 2245 1656 2318 cognoscendum
1671 2259 1805 2299 eum

162 2352 191 2390 a
213 2352 324 2407 quo
349 2335 515 2390 facta
533 2340 692 2404 sunt,
712 2350 974 2390 exercere
988 2333 1283 2398 lectorem,
1292 2335 1419 2405 jam
1434 2335 1807 2406 pervenimus

164 2424 230 2478 ad
252 2425 380 2495 ejus
401 2423 747 2496 imaginem,
773 2424 928 2494 quod
952 2428 1042 2479 est
1065 2423 1260 2494 homo,
1283 2423 1342 2478 in
1365 2440 1432 2479 eo
1450 2440 1566 2496 quo
1583 2422 1809 2478 caeteris

169 2511 526 2568 animalibus
548 2511 859 2580 antecellit,
879 2512 936 2567 id
956 2517 1044 2569 est
1062 2512 1283 2568 ratione
1299 2512 1383 2568 vel
1401 2511 1807 2584 intelligentia,

168 2607 222 2658 et
240 2601 530 2674 quidquid
554 2601 711 2657 aliud
735 2602 805 2657 de
827 2602 1025 2658 anima
1042 2602 1311 2658 rationali
1329 2601 1415 2656 vel
1434 2599 1809 2657 intellectuali

170 2691 276 2746 dici
307 2695 522 2763 potest,
549 2691 700 2761 quod
735 2691 1020 2762 pertineat
1051 2691 1123 2746 ad
1152 2708 1279 2746 eam
1313 2707 1434 2747 rem
1477 2707 1602 2763 qua
1643 2707 1810 2746 mens

168 2785 402 2836 vocatur
429 2779 526 2836 vel
557 2781 813 2836 animus.
845 2780 967 2843 Quo
993 2781 1228 2836 nomine
1259 2780 1523 2836 nonnulli
1546 2785 1812 2835 auctores

170 2868 372 2942 lingua
394 2869 616 2936 latina,
645 2869 700 2924 id
729 2869 878 2939 quod
904 2868 1130 2924 excellit
1149 2868 1206 2923 in
1229 2869 1486 2938 homine,
1510 2873 1567 2924 et
1590 2885 1703 2924 non
1725 2873 1814 2924 est

173 2957 226 3012 in
251 2975 476 3030 pecore,
503 2959 576 3014 ab
601 2958 799 3013 anima
825 2975 950 3029 qua
970 2958 1121 3014 inest.
1135 2963 1191 3013 et
1209 2959 1545 3029 pecori,suo
1558 2959 1811 3030 quodam

175 3046 443 3119 loquendi
483 3063 644 3103 more
676 3047 1067 3119 distinguunt.
1092 3047 1282 3119 Supra
1313 3047 1462 3103 hanc
1487 3064 1620 3118 ergo
1643 3052 1811 3102 natu-

178 3153 317 3205 ram,
337 3136 384 3191 si
402 3136 722 3208 quarimus
741 3135 986 3208 aliquid,
1005 3140 1062 3192 et
1077 3153 1278 3192 verum
1297 3137 1635 3208 quarimus,
1658 3136 1814 3192 Deus

179 3230 280 3294 est,
313 3229 524 3282 natura
562 3224 782 3281 scilicet
824 3242 939 3280 non
988 3229 1200 3293 creata,
1250 3227 1349 3280 sed
1383 3226 1646 3282 creatrix.
1680 3225 1812 3290 Qua

181 3319 369 3370 utrum
401 3315 482 3371 sit
506 3314 783 3384 Trinitas,
818 3330 932 3370 non
964 3314 1156 3370 solum
1189 3314 1581 3384 credentibus,
1605 3315 1812 3370 divina

181 3402 486 3476 Scriptura
507 3403 853 3460 auctoritate
872 3420 886 3471 ;
905 3420 1105 3460 verum
1130 3403 1302 3459 etiam
1327 3403 1812 3476 intelligentibus,

182 3492 391 3565 aliqua,
411 3494 460 3550 si
483 3509 822 3566 possumus,
846 3493 1206 3564 rationejam
1228 3493 1628 3549 demonstrare
1649 3493 1818 3549 debe-

184 3598 328 3638 mus.
361 3583 479 3638 Gur
508 3586 729 3648 autem,
775 3583 834 3638 Si
889 3598 1206 3654 possumus
1251 3582 1518 3648 dixerim,
1564 3598 1656 3637 res
1687 3581 1818 3654 ipsa

182 3688 309 3727 cum
341 3672 521 3744 quari
553 3671 904 3743 disputando
948 3672 1204 3742 caperit,
1255 3670 1466 3727 melius
1513 3671 1814 3726 indicabit.

250 3779 476 3835 CAPUT
511 3779 577 3834 ll.
611 3809 680 3820 -ο
706 3779 761 3834 2.
809 3779 948 3834 Deus
996 3779 1563 3850 incomprehensibilis
1609 3794 1821 3851 semper

185 3869 523 3938 quaerendus.
559 3869 840 3923 Trinitatis
864 3867 1090 3939 vestigia
1118 3885 1228 3923 non
1256 3871 1469 3939 frustra
1496 3870 1737 3940 quaesita
1762 3870 1822 3923 in

183 3963 608 4013 creatura.Deus
624 3957 836 4029 quippe
851 3957 976 4029 ipse
989 3973 1160 4028 quem
1177 3957 1351 4028 quari
1363 3959 1591 4028 musadj
1601 3958 1818 4026 uvabit,

186 4049 249 4099 ut
267 4062 457 4117 spero,
477 4063 550 4101 ne
568 4046 644 4101 sit
663 4047 1059 4100 infructuosus
1082 4043 1246 4100 labor
1276 4051 1490 4115 noster,
1521 4051 1576 4101 et
1608 4046 1820 4102 intelli-

186 4149 390 4206 gamus
407 4135 906 4208 quemadmodum
932 4135 1152 4190 dictum
1177 4136 1253 4190 sit
1273 4134 1331 4189 in
1359 4135 1584 4190 Psalmo
1615 4152 1819 4194 sacro:

189 4227 423 4280 Laetetur
434 4241 525 4282 cor
537 4225 908 4300 quaerentium
923 4225 1217 4280 Dominum
1231 4242 1249 4278 :
1263 4225 1498 4296 quaerite
1511 4226 1821 4297 Dominum,

188 4318 237 4366 et
256 4314 664 4385 conﬁrmamini
675 4330 697 4378 ;
719 4315 950 4385 quarite
961 4315 1162 4384 faciem
1176 4329 1224 4384 ej
1233 4329 1291 4368 us
1301 4329 1514 4384 semper
1526 4314 1673 4386 (Psal
1683 4357 1692 4368 .
1708 4331 1822 4383 σιν,

189 4400 240 4471 3,
255 4401 329 4470 4).
346 4403 592 4459 Videtur
604 4403 782 4470 enim,
797 4403 947 4475 quod
964 4403 1502 4474 semperquaritur,
1519 4420 1823 4475 nunquam

193 4490 430 4546 inveniri
459 4511 471 4548 :
497 4497 555 4548 et
577 4492 865 4564 quomodo
897 4493 1023 4563 jam
1060 4491 1372 4559 latabitur,
1415 4497 1606 4547 etnon
1631 4493 1826 4564 potius

191 4580 628 4637 contristabitur
651 4599 750 4638 cor
771 4581 1182 4654 quarentium,
1206 4580 1253 4636 si
1277 4598 1390 4636 non
1415 4582 1711 4653 potuerint
1734 4583 1824 4637 in-

191 4669 380 4726 venire
401 4672 555 4743 quod
580 4670 896 4742 quarunt?
919 4671 1043 4727 Non
1062 4673 1216 4726 enim
1241 4670 1343 4736 ait,
1372 4673 1607 4727 Laetetur
1625 4687 1716 4726 eor
1736 4671 1824 4726 in-

192 4761 540 4816 venientium
561 4778 574 4828 ;
593 4763 715 4831 sed,
731 4762 1091 4832 quaerentium
1107 4761 1418 4815 Dominum.
1435 4761 1499 4815 Et
1513 4766 1703 4816 tamen
1721 4761 1830 4816 Do-

193 4847 415 4904 minum
439 4855 617 4906 Deum
641 4849 886 4906 inveniri
914 4865 1084 4921 posse
1101 4849 1242 4904 dum
1262 4849 1561 4920 quaeritur,
1579 4853 1830 4904 testatur

192 4936 367 4994 Isaias
381 4939 681 5012 propheta,
703 4940 842 4994 dum
862 4939 1031 4994 dicit:
1049 4939 1290 5008 Quaerite
1305 4941 1624 5006 Dominum,
1638 4947 1689 4994 et
1699 4955 1828 4995 mox

193 5034 248 5078 ut
268 5027 613 5095 inveneritis,
635 5029 881 5084 invocate
897 5045 1021 5084 eum
1045 5045 1062 5079 :
1085 5034 1136 5083 et
1158 5044 1281 5084 cum
1309 5029 1830 5100 appropinquavth

195 5114 354 5184 vobis,
377 5117 719 5191 derelinquat
744 5120 947 5190 impius
969 5119 1086 5173 vias
1103 5134 1251 5187 suas,
1275 5125 1325 5172 et
1341 5118 1431 5172 vir
1446 5118 1669 5188 iniquus
1683 5119 1832 5184 cogi-

194 5206 418 5260 tationes
438 5209 733 5278 suas(lsai,
751 5225 836 5274 Lv,
860 5209 914 5279 6,
939 5208 1018 5279 7).
1042 5207 1096 5261 Si
1119 5222 1253 5277 ergo
1273 5205 1551 5276 quasitus
1582 5206 1828 5260 inveniri

195 5296 399 5365 potest,
423 5312 527 5351 cur
546 5295 765 5352 dictum
789 5302 897 5365 est,
933 5299 1179 5369 Quarite
1201 5297 1401 5366 faciem
1429 5295 1545 5365 ejus
1575 5311 1788 5364 semper
1805 5297 1831 5349 ν

195 5381 275 5435 An
295 5388 348 5437 et
369 5383 639 5441 inventus
665 5387 812 5441 forte
837 5387 1186 5458 quaerendus
1217 5383 1350 5440 est?
1379 5384 1473 5438 Sic
1503 5384 1658 5439 enim
1691 5388 1831 5440 sunt

196 5467 376 5527 ineom
387 5473 800 5544 prehensibilia
823 5477 1188 5549 requirenda,
1211 5491 1281 5530 ne
1299 5489 1360 5529 se
1377 5472 1672 5529 existimet
1685 5473 1832 5530 nihil

196 5555 500 5630 invenisse,
514 5565 802 5638 quiquam
819 5563 1491 5638 sitincomprehensibile
1506 5565 1656 5635 quod
1675 5581 1828 5637 qua-

196 5647 372 5722 rebat,
392 5655 646 5724 potuerit
667 5655 946 5712 invenire.
987 5658 1101 5712 Cur
1132 5671 1268 5729 ergo
1304 5655 1388 5711 sic
1425 5654 1650 5727 quarit,
1674 5653 1724 5710 si
1748 5654 1833 5710 in-

195 5741 711 5813 comprehensibile
723 5744 1167 5818 comprehendit
1183 5759 1311 5800 esse
1327 5742 1484 5816 quod
1501 5742 1832 5815 quaritnisi

197 5826 329 5901 quia
349 5835 697 5892 cessandum
720 5851 836 5893 non
854 5838 963 5907 est,
983 5834 1266 5911 quamdiu
1280 5833 1341 5890 in
1363 5833 1493 5910 ipsa
1512 5833 1833 5910 incompre-

1919 2155 2292 2212 hensibilium
2319 2175 2447 2213 reru
2461 2175 2513 2214 m
2541 2159 2921 2233 inquisitione
2940 2163 3264 2235 proﬁcitur,
3282 2168 3340 2223 et
3356 2165 3564 2224 melior

1918 2244 2240 2316 meliorque
2263 2246 2327 2300 ﬁt
2347 2263 2614 2318 quarens
2634 2256 2750 2305 tam
2772 2267 3050 2322 magnum
3071 2253 3311 2324 bonum,
3338 2257 3492 2327 quod
3509 2259 3565 2312 et

1917 2333 2333 2391 inveniendum
2365 2338 2666 2407 quaritur,
2698 2344 2755 2394 et
2802 2343 3179 2410 quaerendum
3221 2343 3564 2400 invenitur?

1919 2421 2064 2477 Nam
2087 2427 2144 2478 et
2164 2424 2445 2495 quaritur
2465 2430 2530 2480 ut
2552 2426 2882 2482 inveniatur
2901 2428 3151 2498 dulcius,
3175 2435 3232 2486 et
3262 2431 3559 2488 invenitur

1919 2516 1984 2566 ut
2012 2519 2306 2582 quaeratur
2333 2514 2581 2570 avidius.
2615 2515 2944 2572 Secundum
2995 2518 3103 2575 hoc
3134 2521 3317 2592 accipi
3347 2525 3559 2592 potest,

1920 2600 2073 2671 quod
2093 2600 2308 2657 dictum
2343 2606 2430 2658 est
2449 2603 2504 2658 in
2527 2602 2672 2660 libro
2695 2605 3093 2663 Ecclesiastico
3115 2609 3305 2666 dicere
3337 2610 3563 2681 sapien-

1921 2690 2060 2744 tiam
2080 2706 2091 2744 :
2111 2691 2216 2758 Qui
2225 2709 2312 2746 me
2328 2693 2682 2765 manducaui,
2695 2694 2873 2750 adhuc
2889 2699 3139 2752 esurient
3156 2716 3174 2754 :
3191 2707 3242 2754 et
3256 2701 3354 2770 qui
3371 2700 3564 2756 bibunt

1919 2795 2026 2848 me,
2054 2779 2235 2835 adhuc
2260 2783 2449 2836 sitiant
2481 2782 2674 2850 (Eccli.
2707 2800 2858 2853 xxxv,
2882 2785 2992 2857 29).
3028 2786 3383 2842 Manducant
3403 2787 3558 2843 enim

1920 2873 1977 2922 et
2000 2869 2227 2935 bibunt,
2246 2870 2703 2941 quiainveniunt
2721 2877 2804 2940 ;et
2821 2874 2958 2944 quia
2970 2891 3068 2929 esu
3079 2877 3237 2930 riunt
3250 2892 3315 2932 ac
3329 2875 3559 2944 sitiunt,

1922 2957 2112 3012 adhuc
2143 2965 2432 3029 quarunt.
2469 2960 2636 3016 Fides
2669 2963 2892 3032 quarit,
2943 2963 3272 3020 intellectus
3301 2965 3558 3033 invenit;

1921 3052 2158 3118 propter
2178 3049 2331 3119 quod
2355 3050 2435 3104 ait
2458 3050 2756 3121 propheta,
2794 3053 2912 3106 Nisi
2939 3053 3304 3123 credideritis,
3332 3071 3441 3110 non
3472 3055 3559 3109 in-

1922 3136 2352 3210 tettigetis(lsai.
2368 3155 2467 3207 VII,
2485 3140 2558 3207 9).
2584 3139 2645 3194 Et
2662 3157 2867 3196 rursus
2888 3141 3216 3199 intellectus
3232 3159 3366 3198 eum
3385 3160 3560 3216 quem

1923 3225 2141 3281 invenit
2185 3227 2376 3282 adhuc
2427 3228 2670 3299 quarit:
2721 3231 2864 3285 Deus
2911 3231 3068 3286 enim
3116 3234 3359 3301 respexit
3399 3248 3565 3304 super

1923 3314 2066 3385 ﬁlios
2095 3316 2398 3383 hominum,
2432 3317 2578 3372 sicut
2632 3317 2690 3374 in
2748 3318 2978 3375 Psalmo
3027 3337 3190 3376 sacro
3221 3321 3470 3390 canitur,
3502 3328 3565 3376 ut

1923 3404 2132 3460 videret
2158 3407 2210 3460 si
2235 3408 2314 3461 est
2344 3407 2679 3476 intelligens,
2712 3413 2807 3463 aut
2852 3411 3139 3480 requirens
3183 3414 3356 3466 Deum
3385 3410 3560 3478 (Psal.

1924 3511 2046 3560 xm,
2077 3496 2152 3566 2).
2186 3495 2269 3550 Ad
2301 3494 2410 3551 hoc
2439 3512 2576 3568 ergo
2609 3497 2779 3553 debet
2825 3497 3001 3553 homo
3048 3514 3176 3554 esse
3207 3497 3564 3572 intelligens,

1927 3587 1992 3638 ut
2020 3584 2279 3654 requirat
2313 3586 2514 3640 Deum.

1995 3691 2050 3746 3.
2077 3690 2228 3746 Satis
2247 3690 2444 3761 itaque
2466 3692 2736 3746 remorati
2763 3691 3075 3749 fuerimus‘
3095 3694 3152 3748 in
3177 3694 3248 3750 iis
3267 3710 3394 3765 qua
3414 3693 3568 3749 Deus

1928 3779 2079 3846 facit,
2104 3784 2171 3834 ut
2193 3796 2293 3851 per
2321 3795 2388 3834 ea
2427 3786 2877 3852 cognosceretur
2897 3782 3020 3853 ipse
3052 3783 3148 3854 qui
3183 3783 3343 3838 fecit:
3373 3784 3568 3839 Invisi-

1932 3869 2066 3925 bilia
2079 3870 2231 3924 enim
2243 3869 2380 3939 ejus,
2395 3871 2916 3933 acreaturamundi,
2937 3889 3110 3942 perea
3126 3888 3249 3943 qua
3264 3873 3412 3943 facta
3422 3875 3568 3935 sunt,

1931 3960 2204 4014 intellecta
2224 3961 2645 4030 conspiciuntur
2667 3961 2839 4031 (Rom.
2862 3978 2900 4029 1,
2923 3962 3038 4030 20).
3064 3961 3224 4016 Unde
3246 3967 3575 4034 arguuntur

1933 4049 1991 4103 in
2025 4049 2170 4104 libro
2191 4049 2518 4120 Sapientiae,
2543 4049 2642 4120 qui
2665 4049 2730 4103 de
2755 4050 2825 4104 iis
2846 4065 2973 4120 qua:
2994 4050 3251 4107 videntur
3279 4054 3438 4117 bona,
3460 4067 3574 4106 non

1927 4142 2224 4210 potuerunt
2239 4139 2380 4193 scire
2398 4154 2519 4193 eum
2544 4140 2640 4209 qui
2658 4143 2755 4205 est,
2777 4155 2947 4208 neque
2965 4139 3219 4210 operibus
3240 4139 3575 4196 attendentes

1931 4231 2272 4296 agnoverunt
2289 4227 2550 4296 artiﬁcem
2568 4243 2589 4288 ,·
2610 4227 2701 4282 sed
2720 4236 2814 4281 aut
2834 4229 3040 4296 ignem,
3062 4232 3159 4283 aut
3177 4230 3453 4300 spiritum,
3477 4231 3575 4282 aut

1931 4319 2164 4372 citat-um
2195 4332 2396 4384 aerem,
2428 4328 2522 4370 aut
2572 4333 2767 4385 gyrum
2799 4318 3103 4383 stellarum,
3136 4326 3231 4373 aut
3258 4317 3576 4373 violentiam

1933 4422 2226 4478 aquarum,
2257 4412 2352 4460 aut
2381 4405 2685 4459 luminaria
2712 4406 2856 4470 coeli,
2881 4414 3110 4462 rectores
3131 4407 3280 4462 orbis
3297 4409 3576 4462 terrarum

1935 4495 2068 4550 deos
2080 4497 2435 4565 putaverunt:
2450 4509 2682 4564 quorum
2694 4495 2912 4565 quidem
2923 4497 2973 4549 si
2990 4497 3166 4566 specie
3184 4495 3436 4551 delectati
3459 4497 3580 4551 haec

1936 4584 2057 4638 deos
2072 4585 2431 4653 putaverunt,
2445 4583 2626 4636 sciant
2639 4588 2844 4652 quanto
2857 4583 3176 4640 Dominator
3185 4600 3372 4640 eorum
3383 4585 3578 4639 melior

1934 4682 2034 4728 est.
2061 4673 2272 4744 Speciei
2292 4673 2438 4725 enim
2458 4676 2754 4741 generator
2773 4688 2838 4726 ea
2859 4675 3079 4728 creavit.
3114 4675 3217 4729 Aut
3245 4676 3295 4728 si
3323 4675 3584 4728 virtutem

1936 4770 1988 4817 et
2013 4762 2385 4832 operationem
2417 4777 2606 4815 eorum
2635 4763 2830 4816 mirati
2856 4766 3007 4829 sunt,
3040 4764 3359 4831 intelligant
3402 4763 3471 4816 ab
3500 4762 3586 4816 his

1935 4857 2142 4922 quanto
2172 4851 2268 4921 qui
2298 4848 2413 4906 hac
2443 4851 2723 4905 constituit
2751 4853 2953 4922 fortior
2981 4854 3080 4907 est.
3113 4852 3153 4907 A
3201 4850 3584 4922 magnitudine

1935 4941 2080 4996 enim
2100 4940 2304 5011 speciei
2321 4943 2372 4994 et
2391 4941 2662 4995 creaturae
2681 4942 2929 5011 cognosci
2934 4942 3123 4996 biliter
3138 4945 3351 5012 poterat
3383 4939 3580 4995 horum

1940 5029 2162 5084 Greater
2181 5028 2359 5083 videri
2378 5029 2527 5100 (Sap.
2554 5047 2678 5095 xm,
2704 5030 2846 5101 1-2).
2868 5035 2998 5085 Haec
3010 5030 3084 5087 de
3104 5029 3248 5084 libro
3267 5029 3576 5100 Sapientia

1937 5121 2244 5189 propterea
2263 5117 2452 5188 posui,
2479 5133 2550 5172 ne
2577 5133 2668 5172 me
2688 5118 2943 5172 fidelium
2963 5118 3255 5189 quispiam
3288 5119 3503 5172 frustra
3524 5121 3582 5172 et

1937 5207 2190 5262 inaniter
2214 5206 2509 5261 existimet
2531 5206 2587 5260 in
2608 5212 2875 5261 creatura
2894 5206 3055 5278 prius
3067 5224 3169 5278 per
3183 5207 3469 5278 quasdam
3485 5206 3580 5261 sui

1938 5296 2168 5370 generis
2190 5295 2479 5351 trinitates
2501 5296 2754 5366 quodam
2781 5296 2953 5350 modo
2977 5296 3286 5367 gradatim,
3307 5295 3489 5350 donec
3507 5295 3578 5350 ad

1940 5389 2194 5442 mentem
2217 5383 2475 5440 hominis
2492 5381 2873 5455 pervenirem,
2893 5384 3175 5455 quasisse
3189 5384 3403 5439 indicia
3417 5399 3580 5439 sum-

1939 5491 2046 5530 ma
2077 5473 2236 5529 illius
2263 5472 2586 5539 Trinitatis,
2629 5487 2806 5543 quam
2835 5473 3178 5545 quaerimus
3227 5489 3360 5529 cum
3394 5472 3579 5531 Deum

1941 5564 2278 5636 quaerimus.

2011 5651 2237 5710 CAPUT
2249 5651 2346 5708 Ill.
2363 5681 2428 5692 —
2443 5649 2494 5706 4.
2513 5647 2772 5706 Omnium
2786 5652 3130 5724 superiorum
3164 5653 3434 5711 librorum
3455 5653 3578 5712 bre-

2007 5847 2025 5883 ί
2060 5844 2137 5896 Ita
2163 5843 2287 5894 Mss.
2317 5840 2455 5893 Editi
2478 5853 2620 5901 vero,
2645 5843 2974 5894 rememorati
2998 5843 3216 5912 fuimus.
