4160 6502
496 331 647 392 1059

491 464 753 519 viariam.
778 462 887 517 Sed
913 460 1185 533 quoniam
1212 460 1533 515 disserendi
1554 462 1607 514 et
1630 458 2009 515 ratiocinandi
2036 475 2131 514 nc-

491 553 733 608 cessitas
764 566 864 623 per
895 551 1335 622 quatuordecim
1368 548 1549 604 libros
1583 548 1768 603 multa
1794 565 1900 603 nos
1940 548 2131 602 dicere

488 640 791 711 compulit,
813 657 939 711 qua:
957 646 1165 694 cuncta
1187 636 1363 694 simul
1380 637 1637 708 aspicere
1653 654 1766 691 non
1780 636 2134 700 valemus,ut

488 730 558 785 ad
581 730 636 785 id
662 730 816 801 quod
845 726 1281 799 apprehendere
1304 726 1598 793 volumus,
1621 744 1688 781 ea
1711 724 1880 781 celeri
1906 725 2132 797 cogita-

486 818 641 873 tione
666 819 986 873 referamus
1003 835 1015 883 ;
1033 816 1236 870 faciam
1255 820 1539 888 quantum
1554 816 1800 869 Domino
1814 814 1885 869 ad
1900 814 2133 881 iuvante

488 912 750 978 potuero,
776 914 836 960 ut
859 905 1144 976 quidquid
1169 906 1226 958 in
1250 903 1499 975 singulis
1522 904 1917 958 voluminibus
1943 904 2014 958 ad
2038 920 2131 958 co-

485 996 804 1067 gnitionem
821 994 1213 1065 disputatione
1228 993 1364 1065 perd
1375 991 2129 1063 uxi,remotadisputatione

484 1084 733 1139 breviter
749 1099 1081 1154 congeram,
1098 1087 1156 1137 et
1174 1088 1453 1152 tanquam
1474 1082 1581 1135 sub
1601 1097 1715 1135 uno
1736 1081 1947 1134 mentis
1961 1096 2127 1151 aspe-

485 1177 601 1242 ctu,
627 1190 740 1227 non
765 1171 1262 1243 quemadmodum
1288 1186 1375 1225 res
1408 1186 1648 1241 quaeque
1680 1168 1987 1240 persuasit,
2024 1169 2123 1223 sed

484 1261 611 1333 ipsa
633 1278 758 1332 quae
782 1277 1060 1333 persuasa
1082 1263 1219 1315 sunt
1242 1275 1453 1330 ponam
1480 1274 1492 1313 :
1528 1275 1598 1312 ne
1620 1262 1737 1312 tam
1764 1256 1933 1329 longe
1952 1257 2071 1312 sint
2092 1274 2126 1312 a

482 1351 943 1421 praecedentibus
972 1346 1408 1419 consequentia,
1451 1351 1513 1401 ut
1539 1345 1883 1401 oblivionem
1910 1363 2122 1417 praece-

483 1439 745 1493 dentium
762 1438 933 1492 faciat
950 1437 1231 1508 inspectio
1245 1436 1762 1507 consequentium;
1789 1440 1889 1490 aut
1909 1440 2061 1490 certe
2075 1434 2123 1491 si

481 1527 695 1593 fecerit,
712 1526 823 1581 cito
838 1525 1021 1597 possit
1041 1525 1195 1596 quod
1219 1524 1492 1579 exciderit
1514 1523 1819 1594 relegendo
1843 1523 2117 1595 recolligi.

547 1616 599 1670 5.
627 1617 685 1670 In
712 1615 897 1686 primo
922 1613 1069 1668 libro
1087 1613 1409 1668 secundum
1431 1612 1760 1682 Scripturas
1780 1628 1980 1667 sacras
2000 1612 2124 1665 uni-

478 1710 567 1760 tas
589 1709 645 1760 et
667 1703 967 1775 azqualitas
992 1718 1234 1757 summa:
1260 1700 1418 1756 illius
1442 1700 1748 1755 Trinitatis
1766 1700 2118 1756 ostenditur.

476 1799 540 1848 In
565 1793 815 1848 secundo
840 1797 895 1846 et
918 1791 1089 1847 tertio
1130 1796 1186 1845 et
1224 1795 1452 1861 quarto,
1494 1790 1727 1845 eadem:
1754 1790 1851 1844 sed
1887 1790 1956 1845 de
1990 1789 2119 1845 Filii

477 1882 755 1939 missione
778 1887 832 1936 et
848 1880 1099 1953 Spiritus
1112 1880 1295 1934 sancti
1315 1878 1621 1949 diligenter
1638 1879 1877 1949 quaestio
1898 1883 2117 1950 pertra-

477 1976 757 2028 ctatatres
776 1970 953 2024 libros
975 1969 1135 2036 fecit;
1156 1970 1738 2037 demonstratumque
1756 1972 1971 2021 estnon
1990 1967 2116 2022 ideo

476 2062 761 2116 minorem
784 2060 1047 2113 mittente
1069 2057 1162 2126 qui
1184 2056 1401 2111 missus
1419 2060 1527 2124 est,
1554 2056 1689 2127 quia
1706 2055 1801 2109 ille
1822 2056 2001 2124 misit,
2024 2056 2116 2111 hic

477 2149 694 2205 missus
725 2153 832 2214 est,
868 2164 998 2203 cum
1030 2146 1282 2201 Trinitas
1329 2162 1454 2216 quae
1504 2160 1606 2215 per
1654 2145 1849 2199 omnia
1881 2144 2117 2214 aequalis

473 2243 582 2302 est,
606 2238 821 2309 pariter
841 2252 1072 2305 quoque.
1096 2235 1153 2288 in
1182 2251 1289 2289 sua
1312 2238 1521 2288 natura
1544 2233 1934 2287 immutabilis
1952 2239 2006 2288 et
2024 2232 2111 2287 in-

475 2327 722 2382 visibilis
743 2331 800 2381 et
825 2325 1038 2396 ubique
1061 2340 1317 2394 praesens
1338 2321 1806 2394 inseparabiliter
1823 2326 2109 2393 operetur.

474 2417 535 2472 In
562 2416 786 2488 quinto,
814 2418 1047 2485 propter
1068 2429 1165 2467 eos
1189 2412 1402 2482 quibus
1428 2410 1556 2466 ideo
1579 2411 1805 2466 videtur
1826 2428 1936 2466 non
1958 2428 2111 2467 eam-

471 2508 603 2562 dem
627 2504 811 2559 Patris
830 2509 884 2557 et
906 2502 1030 2556 Filii
1048 2518 1173 2557 esse
1189 2499 1600 2565 substantiam,
1618 2500 1939 2570 quiaomne
1954 2500 2107 2571 quod

473 2596 542 2650 de
566 2599 674 2649 Deo
690 2592 922 2657 dicitur,
940 2590 1260 2645 secundum
1276 2589 1661 2644 substantiam
1680 2588 1792 2642 dici
1808 2592 2110 2657 putant,et

469 2688 772 2755 propterea
792 2681 1029 2752 gignere
1051 2683 1106 2733 et
1126 2678 1309 2749 gigni,
1332 2677 1416 2732 vel
1440 2678 1699 2749 genitum
1727 2694 1853 2732 esse
1875 2686 1920 2733 el
1944 2678 2105 2749 inge-

468 2773 681 2835 nitum,
705 2770 979 2842 quoniam
1008 2768 1236 2821 diversa
1258 2770 1409 2837 sunt,
1449 2767 1805 2821 contendunt
1829 2767 2105 2821 substan-

468 2862 577 2916 tias
608 2876 736 2915 esse
758 2859 1035 2921 diversas,
1062 2857 1499 2911 demonstratur
1523 2872 1633 2909 non
1661 2873 1831 2910 omne
1855 2857 2005 2926 quod
2033 2857 2104 2911 de

470 2952 579 3005 Deo
602 2948 816 3003 dicitur
833 2947 1153 3002 secundum
1174 2944 1563 2999 substantiam
1581 2945 1714 3010 dici,
1737 2944 1889 2999 sicut
1906 2961 2105 3000 secun-

466 3039 606 3093 dum
639 3036 1030 3092 substantiam
1062 3034 1276 3088 dicitur
1315 3034 1503 3088 bonus
1554 3037 1610 3088 et
1658 3050 1926 3104 magnus,
1960 3038 2015 3088 et
2053 3033 2103 3089 si

466 3127 605 3198 quid
637 3124 791 3181 aliud
827 3124 894 3179 ad
928 3140 988 3178 se
1020 3122 1270 3187 dicitur;
1306 3122 1404 3177 sed
1430 3121 1540 3175 dici
1565 3121 1740 3175 etiam
1765 3120 2015 3193 relative,
2044 3122 2102 3177 id

464 3219 552 3271 est
582 3231 695 3269 non
724 3212 796 3267 ad
830 3230 911 3279 se,
949 3211 1048 3267 sed
1081 3211 1149 3265 ad
1199 3209 1415 3281 aliquid
1468 3210 1621 3281 quod
1674 3209 1797 3281 ipse
1832 3228 1941 3265 non
1977 3214 2099 3278 est;

460 3304 613 3359 sicut
642 3304 808 3357 Pater
839 3302 909 3355 ad
943 3299 1149 3354 Filium
1172 3299 1406 3363 dicitur,
1431 3298 1515 3352 vel
1543 3300 1822 3354 Dominus
1846 3300 1916 3353 ad
1942 3316 2101 3354 crea-

461 3398 655 3448 turam
690 3390 799 3447 sibi
833 3390 1217 3445 servientem:
1255 3388 1350 3442 ubi
1383 3388 1430 3442 si
1464 3387 1601 3459 quid
1638 3386 1891 3454 relative,
1926 3388 1980 3443 id
2015 3391 2103 3443 est

460 3482 530 3537 ad
563 3479 781 3552 aliquid
818 3480 970 3552 quod
1005 3478 1129 3549 ipse
1162 3494 1272 3532 non
1305 3482 1412 3546 est,
1438 3478 1614 3531 etiam
1644 3492 1709 3531 ex
1734 3481 1991 3549 tempore
2014 3476 2099 3531 di-

459 3572 628 3638 citur,
665 3569 835 3625 sicuti
866 3574 977 3631 cst,
1013 3569 1260 3633 Domine,
1310 3566 1589 3638 refugium
1637 3568 1819 3635 [actus
1863 3582 1918 3621 es
1946 3568 2099 3621 nobis

458 3660 632 3732 (Paul.
666 3676 890 3723 LXXXIX,
924 3658 996 3728 1),
1020 3656 1162 3710 nihil
1186 3657 1233 3711 ei
1256 3656 1514 3710 accidere
1537 3672 1650 3726 quo
1684 3661 1961 3723 mutetur,
1996 3657 2096 3711 sed

457 3747 693 3803 omnino
724 3748 918 3817 ipsum
949 3745 1007 3799 in
1041 3750 1250 3800 natura
1274 3744 1360 3799 vel
1393 3743 1645 3798 essentia
1675 3762 1782 3798 sua
1814 3745 2095 3800 immuta-

455 3836 632 3892 bilem
693 3850 1052 3907 permanere.
1115 3834 1176 3888 In
1240 3837 1421 3900 sexto,
1472 3834 1759 3901 quomodo
1797 3833 1987 3887 dictus
2020 3834 2098 3890 sit

456 3925 721 3979 Christus
755 3940 851 3978 ore
881 3921 1223 3994 apostolico,
1257 3920 1355 3974 Dei
1388 3920 1572 3974 virtus
1603 3924 1659 3973 et
1694 3920 1785 3975 Dei
1811 3922 2097 3993 sapientia

456 4013 499 4084 (Ι
533 4012 652 4067 Cor.
691 4029 732 4082 ι,
763 4012 877 4081 24),
911 4011 994 4065 sic
1025 4010 1381 4080 disputatur,
1433 4012 1498 4062 ut
1545 4007 1845 4063 differatur
1892 4011 2093 4066 eadem

454 4100 697 4172 quaestio
729 4099 1066 4169 diligentius
1099 4096 1467 4152 retractanda
1496 4112 1507 4151 :
1560 4100 1755 4151 utrum
1791 4114 1824 4153 a
1862 4116 1976 4170 quo
2009 4104 2096 4155 est

451 4189 685 4261 genitus
715 4188 1004 4257 Christus,
1054 4202 1164 4241 non
1201 4184 1277 4238 sit
1309 4184 1432 4255 ipse
1465 4184 1804 4255 sapientia‘,
1838 4187 1935 4241 sed
1965 4192 2091 4243 tan-

452 4282 578 4333 tum
612 4276 909 4349 sapientiae
942 4292 1059 4330 sum
1092 4278 1276 4344 pater,
1309 4290 1379 4327 an
1430 4274 1717 4344 sapientia
1746 4276 2090 4345 sapientiam

450 4366 736 4438 genuerit.
770 4364 880 4419 Sed
914 4361 1213 4434 quodlibet
1243 4361 1451 4415 borum
1483 4366 1654 4430 esset,
1689 4364 1861 4419 etiam
1895 4364 1950 4418 in
1985 4365 2094 4420 hoc

451 4454 599 4509 libro
630 4452 903 4525 apparuit
928 4449 1232 4506 Trinitatis
1248 4450 1568 4521 aequalitas,
1592 4456 1648 4507 et
1671 4468 1782 4507 non
1809 4452 1962 4508 Deus
1985 4454 2093 4508 tri-

449 4542 599 4614 plex,
633 4542 733 4597 sed
763 4540 1055 4595 Trinitas:
1092 4556 1193 4594 nec
1225 4540 1393 4611 quasi
1440 4539 1660 4611 aliquid
1688 4541 1933 4613 duplum
1965 4560 2092 4599 esse

450 4632 679 4687 Patrem
700 4635 753 4685 et
774 4630 985 4685 Filium
1006 4629 1075 4684 ad
1097 4628 1373 4701 simplum
1394 4628 1674 4700 Spiritum
1692 4633 2090 4699 sanctum;ubi

450 4736 555 4775 nec
573 4721 682 4774 tria
700 4718 832 4791 plus
851 4717 1069 4789 aliquid
1090 4722 1226 4771 sunt
1243 4735 1419 4789 quam
1435 4735 1616 4773 unum
1634 4718 1862 4773 horum.
1884 4720 2087 4792 Dispu-

448 4813 637 4863 tatum
657 4811 745 4863 est
761 4808 933 4861 etiam
950 4807 1242 4878 quomodo
1261 4806 1443 4877 possit
1462 4805 1701 4877 intelligi
1723 4808 1876 4879 quod
1898 4809 1977 4864 ait
1993 4811 2088 4864 Hi-

446 4896 631 4952 larius
648 4897 1006 4969 episcopus’:
1031 4897 1328 4950 /Eterm'tas
1352 4897 1412 4949 in
1434 4896 1615 4961 Patre,
1638 4898 1843 4966 species
1868 4899 1921 4951 in
1946 4901 2088 4954 Ima-

444 4987 592 5057 gine,
617 5003 750 5040 usus
772 4987 831 5039 in
850 4990 1097 5043 Munere.
1126 4985 1187 5038 In
1211 4983 1482 5053 septimo,
1504 4984 1748 5054 quaestio
1768 5002 1891 5056 qua:
1912 4988 2089 5044 dilata

446 5077 650 5143 fuerat,
676 5074 1017 5145 explicatur,
1034 5073 1113 5127 ita
1132 5076 1195 5127 ut
1216 5073 1363 5126 Deus
1381 5072 1479 5142 qui
1498 5073 1701 5143 genuit
1720 5073 1949 5145 Filium,
1970 5093 2086 5131 non

446 5163 635 5217 solum
661 5163 736 5217 sit
758 5166 926 5215 Pater
946 5159 1175 5215 virtutis
1198 5166 1254 5214 ct
1276 5160 1572 5231 sapientia:
1605 5178 1742 5228 suae,
1776 5164 1873 5217 sed
1908 5164 2085 5219 etiam

443 5250 567 5322 ipse
595 5251 776 5304 virtus
805 5254 976 5319 atque
1000 5248 1286 5319 sapientia
1312 5266 1324 5316 ;
1350 5248 1433 5303 sic
1456 5255 1508 5304 et
1532 5249 1781 5319 Spiritus
1806 5258 2081 5309 sanctus:

444 5358 549 5395 nec
570 5346 762 5394 tamen
785 5337 957 5393 simul
977 5343 1095 5392 tres
1113 5338 1232 5393 sint
1250 5338 1491 5393 virtutes
1511 5343 1609 5392 aut
1630 5343 1743 5395 tres
1764 5340 2082 5411 sapientiae,

444 5429 542 5484 sed
562 5429 873 5483 unavirtus
890 5432 1074 5481 etuna
1088 5427 1390 5498 sapientia,
1410 5427 2087 5486 sicutunusDeusetuna

442 5516 934 5576 essentia.Dcinde
950 5516 1256 5587 qumsitum
1275 5518 1957 5588 cst,quomododicantur
1970 5536 2084 5575 una

508 5732 523 5797 ξ
557 5728 1001 5797 Οᾳίᾱαῳςοιζει,
1031 5730 1208 5797 eadem
1237 5746 1335 5781 non
1365 5732 1431 5780 sit
1460 5732 1566 5796 ipse
1594 5730 1866 5797 sapientia.

505 5795 527 5836 ³
554 5792 678 5847 Sola
706 5792 868 5846 editio
898 5793 1046 5858 Luv.,
1066 5795 1325 5862 episcopus
1351 5792 1573 5849 sanctus.

1599 326 1698 387 DE
1741 323 2190 397 TlllNITATE,
2241 325 2305 386 S.
2354 325 2781 389 AUGUSTINI

3740 327 3904 390 1060

2240 459 2513 526 essentia,
2539 463 2656 514 tres
2679 475 2958 530 personae,
2981 456 3069 513 vel
3089 475 3122 513 a
3138 458 3494 531 quibusdam
3511 459 3526 495 ⁸
3545 460 3761 515 Graecis
3775 478 3895 517 una

2240 547 2517 612 essentia,
2534 552 2650 601 tres
2665 548 3007 603 substantiae
3027 552 3097 602 :et
3118 547 3420 604 inventum
3436 548 3889 605 estelocutionis

2236 635 2581 691 necessitate
2595 635 2705 690 dici
2718 678 2731 702 ,
2749 635 2935 707 utaliq
2948 652 3017 690 uo
3036 653 3152 690 uno
3168 637 3403 692 nomine
3415 638 3887 707 enuntiarentur,

2234 741 2366 778 cum
2392 726 2672 796 quzeritur
2693 725 2834 795 quid
2860 730 2973 779 tres
2997 725 3135 794 sint,
3159 741 3305 796 quos
3326 732 3443 781 tres
3460 743 3590 781 esse
3606 727 3891 783 veraciter

2235 813 2601 880 confitemur,
2628 813 2853 867 Patrem
2886 812 3127 882 scilicet,
3160 818 3217 869 et
3246 813 3478 885 Filium,
3512 819 3568 870 et
3596 815 3890 886 Spiritum

2233 906 2524 956 sanctum.
2551 907 2614 955 In
2634 906 2856 968 octavo,
2878 903 3098 956 ratione
3115 901 3290 957 etiam
3310 903 3537 958 reddita
3553 902 3887 974 intelligen-

2235 990 2393 1045 tibus
2426 990 2646 1045 clarum
2674 996 2782 1061 est,
2816 990 2873 1045 in
2905 990 3240 1046 substantia
3260 990 3522 1047 veritatis
3545 1009 3663 1048 non
3686 992 3887 1048 solum

2232 1079 2457 1134 Patrem
2482 1079 2626 1135 Filio
2646 1096 2759 1135 non
2782 1096 2909 1135 esse
2928 1080 3338 1151 majorem,sed
3360 1097 3462 1136 nec
3480 1080 3686 1137 ambos
3704 1080 3889 1137 simul

2231 1167 2449 1240 aliquid
2470 1169 2660 1239 majus
2682 1185 2809 1223 esse
2840 1185 3015 1239 quam
3046 1168 3236 1223 solum
3270 1169 3552 1241 Spiritum
3584 1175 3884 1239 sanctum,

2230 1261 2332 1311 aut
2362 1255 2654 1327 quoslibet
2684 1257 2833 1312 duos
2864 1257 2922 1311 in
2972 1257 3174 1312 eadem
3206 1257 3491 1313 Trinitate
3525 1260 3723 1329 majus
3754 1276 3885 1316 esse

2229 1344 2453 1417 aliquid
2485 1362 2661 1417 quam
2697 1362 2904 1411 unum,
2936 1350 3040 1401 aut
3083 1361 3287 1401 omnes
3317 1346 3496 1401 simul
3534 1351 3654 1403 tres
3687 1349 3885 1419 majus

2229 1434 2449 1505 aliquid
2482 1450 2608 1489 esse
2639 1451 2813 1506 quam
2847 1433 3127 1506 singulos.
3173 1434 3393 1491 Deinde
3444 1452 3545 1508 per
3575 1436 3881 1493 veritatem

2227 1539 2353 1595 qua:
2386 1522 2679 1578 intellecta
2710 1522 3087 1595 conspicitur,
3114 1528 3170 1579 et
3202 1540 3302 1594 per
3322 1524 3544 1579 bonum
3570 1541 3880 1582 summum

2227 1629 2261 1667 a
2292 1629 2403 1682 quo
2430 1616 2520 1668 est
2551 1629 2722 1667 omne
2770 1613 3011 1678 bonum,
3062 1617 3119 1668 et
3166 1629 3267 1684 per
3304 1612 3608 1683 justitiam
3641 1620 3881 1686 propter

2226 1718 2401 1772 quam
2436 1700 2702 1773 diligitur
2732 1700 2968 1757 animus
2988 1702 3192 1771 justus
3214 1703 3284 1756 ab
3308 1702 3505 1758 animo
3533 1704 3708 1758 etiam
3738 1722 3881 1759 non-

2225 1790 2362 1844 dum
2390 1791 2575 1861 justo,
2610 1796 2675 1845 ut
2706 1795 2916 1845 natura
2945 1807 3059 1844 non
3094 1790 3286 1846 solum
3336 1792 3744 1863 incorporalis,
3782 1810 3878 1849 ve-

2223 1896 2351 1933 rum
2377 1880 2550 1933 etiam
2573 1878 3069 1933 incommutabilis
3094 1880 3247 1951 quod
3272 1884 3359 1934 est
3382 1880 3557 1946 Deus,
3581 1887 3876 1953 quantum

2221 1967 2342 2022 ﬁeri
2378 1972 2585 2039 potest,
2619 1967 3041 2040 intelligeretur
3070 1968 3348 2023 adm‘onui
3375 1984 3388 2024 :
3412 1973 3469 2024 et
3492 1987 3593 2041 per
3613 1970 3878 2026 Charita-

2220 2061 2359 2123 tem,
2387 2074 2511 2128 quae
2538 2057 2592 2111 in
2620 2056 2935 2127 Scripturis
2960 2055 3179 2111 sanctis
3203 2057 3353 2112 Deus
3373 2057 3528 2113 dicta
3544 2063 3635 2113 est
3653 2059 3877 2129 (Iloan.

2220 2163 2296 2212 ιν,
2334 2148 2441 2211 16),
2478 2162 2578 2217 per
2607 2162 2783 2216 quam
2815 2146 2990 2216 coepit
3036 2151 3354 2217 utcumque
3403 2148 3580 2202 etiam
3611 2148 3875 2204 Trinitas

2219 2234 2677 2305 intelligentibus
2708 2250 3007 2305 apparere,
3035 2233 3187 2289 sicut
3213 2238 3352 2289 sunt
3377 2252 3605 2303 amans,
3630 2242 3685 2292 et
3708 2237 3869 2308 quod

2217 2328 2467 2392 amatur,
2499 2327 2555 2377 et
2585 2339 2763 2377 amor.
2800 2322 2860 2376 ln
2914 2339 3084 2394 nono,
3128 2322 3199 2378 ad
3222 2322 3534 2394 imaginem
3564 2325 3684 2393 Dei,
3712 2327 3871 2397 quod

2213 2416 2302 2467 est
2332 2411 2504 2466 homo
2537 2411 2860 2466 secundum
2895 2416 3172 2478 mentem,
3207 2412 3468 2483 pervenit
3498 2412 3821 2485 disputatio
3850 2433 3864 2471 :

2212 2504 2269 2556 et
2300 2500 2355 2554 in
2389 2515 2454 2555 ea
2485 2499 2752 2572 quendam
2776 2499 3009 2555 trinitas
3033 2500 3343 2569 invenitur,
3368 2500 3425 2556 id
3452 2505 3559 2568 est,
3586 2519 3776 2571 mens,
3806 2508 3866 2559 et

2212 2588 2417 2644 notitia
2447 2607 2562 2660 qua
2592 2606 2652 2644 se
2685 2588 2860 2656 novit,
2895 2593 2951 2643 et
2990 2606 3155 2643 amor
3196 2606 3309 2661 quo
3357 2606 3420 2645 se
3468 2590 3864 2662 notitiamque

2209 2696 2375 2735 suam
2408 2678 2637 2749 diligit;
2671 2682 2726 2733 et
2756 2678 2873 2732 haec
2903 2678 3017 2732 tria
3045 2678 3291 2749 aequalia
3312 2679 3463 2735 inter
3486 2696 3566 2747 se,
3596 2685 3653 2735 et
3677 2682 3855 2738 unius

2207 2770 2594 2824 ostenduntur
2623 2783 2749 2822 esse
2780 2767 3067 2822 essentia.
3104 2768 3164 2822 In
3200 2768 3425 2823 decimo
3455 2770 3562 2824 hoc
3584 2769 3737 2825 idem
3762 2772 3854 2825 di-

2208 2857 2483 2929 ligentius
2500 2856 2889 2927 subtiliusque
2906 2860 3219 2911 tractatum
3239 2861 3345 2923 est,
3362 2863 3539 2929 atque
3556 2860 3626 2913 ad
3649 2858 3703 2913 id
3730 2876 3858 2931 per-

2208 2948 2469 3015 ductum,
2505 2950 2567 2999 ut
2598 2946 2952 3000 inveniretur
2982 2945 3040 2999 in
3067 2951 3257 3000 mente
3278 2947 3600 3002 evidentior
3620 2948 3857 3004 trinitas

2206 3036 2353 3106 ejus,
2386 3035 2444 3088 in
2478 3033 2760 3089 memoria
2790 3032 3010 3088 scilicet
3051 3038 3107 3087 et
3146 3032 3532 3104 intelligentia
3559 3041 3616 3090 et
3646 3036 3857 3092 volun-

2207 3127 2340 3179 tate.
2377 3122 2486 3177 Sed
2520 3121 2793 3193 quoniam
2826 3126 2881 3176 et
2941 3121 3050 3176 hoc
3110 3128 3473 3194 compertum
3534 3133 3643 3190 est,
3694 3127 3855 3196 quod

2208 3228 2373 3267 mens
2396 3226 2696 3282 nunquam
2722 3226 2850 3264 esse
2873 3209 2953 3264 ita
2974 3211 3247 3281 potuerit,
3275 3217 3337 3266 ut
3368 3229 3482 3266 non
3517 3212 3608 3268 sui
3642 3214 3854 3269 memi-

2205 3300 2406 3370 nisset,
2432 3316 2543 3355 non
2564 3316 2624 3354 se
2649 3297 3017 3370 intelligeret,
3042 3303 3097 3354 et
3118 3298 3403 3373 diligeret,
3430 3304 3702 3374 quamvis
3732 3320 3852 3359 non

2204 3406 2434 3461 semper
2455 3404 2515 3443 se
2538 3388 2835 3459 cogitaret,
2863 3404 2995 3443 cum
3019 3392 3211 3443 autem
3240 3389 3538 3460 cogitaret,
3571 3407 3688 3446 non
3720 3408 3783 3447 se
3815 3410 3850 3449 a

2202 3470 2600 3550 corporalibus
2634 3476 2807 3531 rebus
2840 3476 3042 3531 eadem
3076 3477 3425 3549 cogitatione
3457 3479 3849 3549 discerneret;

2200 3568 2379 3623 dilata
2398 3571 2485 3622 est
2508 3567 2577 3621 de
2596 3566 2897 3633 Trinitate,
2922 3566 3092 3636 cujus
3123 3566 3244 3620 haec
3277 3566 3468 3638 imago
3500 3572 3607 3633 est,
3639 3567 3849 3640 dispu-

2200 3658 2360 3726 tatio,
2386 3661 2449 3711 ut
2470 3656 2526 3709 in
2552 3655 2695 3727 ipsis
2716 3654 2889 3709 etiam
2910 3654 3310 3725 corporalibus
3329 3655 3467 3711 visis
3488 3656 3850 3715 inveniretur

2198 3746 2445 3813 trinitas,
2461 3748 2515 3799 et
2533 3742 2867 3798 distinctius
2882 3743 2939 3796 in
2952 3741 3263 3799 ealectoris
3276 3744 3846 3801 exercereturinten-

2199 3835 2300 3890 tio.
2320 3836 2380 3889 In
2394 3832 2702 3887 undecimo
2715 3847 2851 3902 ergo
2864 3829 3082 3885 electus
3101 3836 3193 3886 est
3209 3848 3417 3887 sensus
3441 3832 3767 3901 oculorum,
3783 3834 3846 3890 in

2199 3940 2312 3995 quo
2330 3923 2386 3976 in
2407 3921 2560 3993 quod
2581 3920 2880 3975 inventum
2895 3923 3069 3985 esset,
3086 3920 3333 3975 etiamin
3350 3923 3575 3977 caeteris
3589 3930 3850 3993 quatuor

2197 4012 2471 4067 sensibus
2495 4008 2753 4080 corporis
2774 4012 2830 4062 et
2850 4025 2964 4063 non
2988 4007 3209 4063 dictum
3236 4015 3433 4081 posset
3449 4011 3687 4082 agnosci
3715 4028 3727 4067 :
3754 4016 3849 4067 at-

2197 4117 2309 4172 que
2338 4099 2419 4155 ita
2439 4097 2741 4153 exterioris
2762 4096 3022 4151 hominis
3046 4097 3299 4167 trinitas,
3324 4099 3514 4169 primo
3537 4099 3594 4154 in
3622 4100 3693 4155 iis
3716 4118 3848 4173 quas

2197 4193 2516 4246 cernuntur
2538 4186 2915 4253 extrinsecus,
2937 4204 3003 4241 ex
3020 4203 3258 4259 corpore
3276 4187 3497 4244 scilicet
3514 4190 3671 4260 quod
3692 4191 3854 4246 vide-

2196 4283 2312 4347 tur,
2334 4283 2388 4333 et
2410 4277 2594 4332 forma
2616 4292 2743 4346 quae
2765 4275 2900 4329 inde
2924 4276 2979 4329 in
3006 4276 3127 4330 acie
3149 4277 3439 4331 cernentis
3459 4278 3848 4349 imprimitur,

2194 4372 2249 4423 et
2272 4372 2586 4437 utrumque
2612 4364 2939 4435 copulantis
2958 4364 3279 4421 intentione
3296 4365 3637 4431 voluntatis,
3660 4384 3851 4439 appa-

2194 4460 2331 4512 ruit.
2349 4456 2458 4512 Sed
2475 4454 2595 4508 ι]ωο
2613 4452 2723 4509 tria
2742 4471 2854 4515 non
2874 4453 3024 4508 inter
3042 4470 3102 4509 se
3117 4454 3383 4525 aequalia,
3401 4472 3504 4511 nec
3523 4457 3700 4511 unius
3714 4473 3848 4514 esse

2194 4543 2533 4602 substantiae
2557 4546 2912 4598 claruerunt.
2944 4543 3157 4598 Deinde
3182 4544 3236 4597 in
3265 4544 3389 4615 ipso
3414 4544 3639 4613 animo,
3675 4546 3749 4601 ab
3772 4546 3846 4604 iis

2194 4652 2320 4706 quas
2342 4634 2699 4688 extrinsecus
2725 4647 2899 4685 sensa
2920 4636 3057 4687 sunt
3077 4630 3234 4686 velut
3250 4632 3581 4688 introducta
3604 4633 3846 4691 inventa

2192 4728 2280 4779 est
2302 4723 2482 4777 altera
2503 4720 2755 4787 trinitas,
2781 4718 2877 4774 ubi
2904 4724 3251 4792 apparerent
3288 4720 3491 4776 eadem
3528 4722 3642 4777 tria
3662 4723 3845 4780 unius

2192 4829 2320 4868 esse
2334 4809 2695 4878 substantiae,
2714 4808 3057 4881 imaginatio
3071 4810 3326 4881 corporis
3340 4827 3465 4881 quae
3480 4811 3538 4865 in
3554 4813 3845 4869 memoria

2190 4906 2298 4969 est,
2322 4906 2379 4956 et
2399 4901 2532 4955 inde
2554 4899 2887 4954 informatio
2910 4915 3041 4953 cum
3071 4901 3141 4955 ad
3164 4915 3291 4954 eam
3311 4901 3667 4956 convertitur
3683 4902 3841 4959 acies

2190 4988 2517 5062 cogitantis,
2533 4992 2916 5057 etutrumque
2932 4990 3291 5059 conjungens
3306 4988 3550 5044 intentio
3567 4990 3840 5047 volunta-

2188 5080 2283 5135 tis.
2305 5078 2414 5133 Sed
2433 5077 2560 5131 ideo
2585 5076 2939 5131 istatrinitas
2954 5077 3023 5131 ad
3047 5077 3389 5132 exteriorem
3415 5078 3715 5134 hominem
3749 5096 3841 5136 re-

2189 5172 2353 5240 perta
2370 5171 2458 5221 est
2475 5165 2784 5236 pertinere,
2806 5164 2941 5235 quia
2958 5165 3028 5219 de
3054 5166 3396 5236 corporibus
3414 5166 3577 5222 illata
3593 5176 3683 5223 est
3708 5187 3837 5240 quas

2188 5258 2520 5312 sentiuntur
2551 5254 2937 5309 extrinsecus.
2974 5256 3033 5309 In
3071 5254 3416 5312 duodecimo
3449 5256 3842 5314 discernenda

2186 5346 2309 5401 visa
2340 5349 2429 5399 est
2459 5342 2745 5414 sapientia
2769 5342 2841 5397 ab
2873 5343 3139 5413 scientia,
3171 5349 3229 5399 et
3261 5344 3319 5399 in
3352 5362 3419 5401 ea
3452 5363 3579 5417 qua;
3602 5346 3840 5418 proprie

2187 5432 2428 5491 scientia
2462 5436 2856 5502 nuncupatur,
2893 5430 3031 5503 quia
3062 5433 3301 5489 inferior
3331 5440 3441 5505 est,
3475 5434 3639 5506 prius
3672 5453 3838 5506 quas-

2186 5523 2316 5579 dam
2336 5522 2425 5576 sui
2442 5519 2670 5592 generis
2692 5520 2925 5575 trinitas
2948 5520 3324 5591 inquirenda:
3350 5522 3555 5595 quaelic
3574 5528 3628 5577 et
3649 5524 3722 5580 ad
3740 5525 3837 5581 in-

2183 5612 2458 5668 teriorem
2504 5608 2800 5664 hominem
2828 5608 2954 5679 jam
2987 5610 3295 5681 pertineat,
3334 5612 3597 5668 nondum
3630 5619 3832 5670 tamen

2182 5700 2375 5773 imago
2408 5698 2506 5755 Dei
2538 5695 2625 5754 vel
2656 5696 3007 5770 appellanda
3050 5698 3129 5756 sit
3157 5699 3241 5758 vel
3260 5702 3546 5776 putanda.
3608 5706 3677 5761 Et
3714 5702 3827 5767 hoc

2252 5801 2269 5837 ι
2293 5800 2355 5853 In
2384 5798 2530 5851 Μεε..
2559 5795 2654 5861 vel,
2690 5798 2745 5846 ut
2778 5808 2809 5845 α
2829 5795 3153 5865 quibusdam.
