4160 6460
193 350 330 414 1061

191 485 373 559 agitur
407 480 465 535 in
500 473 670 534 tertio
693 476 918 533 decimo
948 474 1094 532 libro
1125 493 1227 548 per
1248 476 1808 533 commendationem

189 574 314 631 ﬁdei
335 568 683 626 Christianae.
703 567 765 623 In
794 574 999 639 quarto
1019 566 1242 622 decimo
1268 571 1460 622 autem
1483 567 1554 622 de
1578 565 1809 637 sapien-

190 665 264 720 tia
288 658 537 717 hominis
569 673 723 727 vera,
745 656 802 711 id
835 660 946 725 est,
985 657 1075 711 Dei
1099 672 1338 712 munere
1362 656 1417 710 in
1450 655 1817 727 ejusipsius1

190 753 281 809 Dei
304 746 737 822 participatione
759 746 992 813 donata,
1027 762 1154 816 quae
1182 745 1252 799 ab
1277 745 1521 801 scientia
1543 744 1821 799 distincta

189 848 287 907 est,
310 838 637 907 disputatur
656 852 669 891 :
685 839 743 890 et
766 851 830 890 eo
854 834 1115 905 pervenit
1135 834 1477 905 disputatio,
1502 839 1566 889 ut
1586 833 1820 889 trinitas

191 930 453 1002 appareat
476 925 532 979 in
555 923 812 996 imagine
842 921 968 989 Dei,
991 923 1144 994 quod
1167 928 1255 978 est
1292 922 1467 978 homo
1499 923 1819 979 secundum

192 1021 456 1079 mentem,
477 1030 598 1084 quae
626 1020 938 1068 renovatur
961 1011 1021 1066 in
1047 1010 1341 1083 agnitione
1378 1011 1478 1067 Dei
1500 1011 1823 1066 secundum

191 1105 496 1178 imaginem
534 1102 663 1173 ejus
685 1102 786 1173 qui
815 1101 1031 1157 creavit
1054 1100 1351 1157 hominem
1378 1100 1602 1171 (Colon.
1627 1117 1710 1170 III,
1736 1099 1824 1171 10)

192 1196 259 1252 ad
281 1191 592 1264 imaginem
616 1207 786 1245 suam
806 1188 955 1261 (Gen.
978 1207 1017 1258 ι,
1039 1188 1315 1261 27),etsic
1341 1188 1582 1261 percipit
1598 1187 1827 1259 sapien-

192 1284 325 1340 tiam
348 1280 445 1336 ubi
470 1278 905 1351 comtemplatio
930 1285 1016 1335 est
1038 1283 1410 1334 aeternorum.

258 1369 481 1427 CAPUT
504 1370 595 1425 IV.
624 1400 690 1409 —
711 1368 765 1423 6.
792 1368 939 1442 Quid
976 1369 1236 1423 universa
1273 1375 1473 1422 natura
1501 1382 1599 1421 nos
1636 1366 1702 1420 de
1722 1366 1829 1420 Deo

192 1462 379 1518 deceat.
410 1459 538 1515 Jam
561 1474 696 1529 ergo
722 1458 779 1512 in
812 1457 957 1529 ipsis
985 1458 1158 1512 rebus
1181 1456 1430 1523 internis,
1450 1452 1829 1527 incorporali-

192 1551 295 1606 bus
320 1545 995 1613 etincommutabilibus,
1033 1545 1094 1600 in
1134 1562 1384 1616 quarum
1417 1545 1671 1615 perfecta
1693 1559 1829 1598 con-

192 1637 559 1708 templatione
603 1635 773 1692 nobis
821 1636 1011 1707 beata,
1036 1652 1162 1707 qua
1215 1635 1448 1691 nonnisi
1487 1640 1702 1690 aeterna
1721 1638 1830 1697 est,

191 1729 302 1783 vita
331 1726 713 1799 promittitur,
737 1725 1083 1781 Trinitatem
1108 1742 1235 1797 quae
1266 1725 1419 1780 Deus
1450 1729 1537 1779 est
1566 1724 1833 1795 inquira-

194 1834 337 1873 mus.
386 1816 584 1887 Neque
627 1815 784 1870 enim
839 1815 1169 1869 divinorum
1223 1814 1527 1869 Librorum
1578 1816 1834 1867 tantum-

195 1897 355 1953 modo
412 1896 729 1953 auctoritas
767 1912 896 1951 esse
938 1896 1123 1950 Deum
1166 1895 1465 1967 praedicat,
1498 1894 1597 1949 sed
1642 1891 1831 1948 omnis

193 2002 311 2057 quae
346 2002 449 2041 nos
480 1985 842 2055 circumstat,
878 1984 948 2038 ad
994 2000 1169 2055 quam
1211 2000 1319 2039 nos
1359 1982 1535 2039 etiam
1576 1983 1830 2055 pertine-

196 2092 340 2142 mus,
363 2074 634 2130 universa
656 2074 785 2146 ipsa
806 2088 1001 2129 rerum
1024 2076 1231 2128 natura
1259 2072 1599 2144 proclamat,
1620 2071 1835 2127 habere

193 2180 249 2218 se
282 2162 832 2236 praestantissimum
876 2162 1266 2229 Conditorem,
1310 2162 1407 2232 qui
1460 2162 1630 2216 nobis
1670 2178 1833 2215 men-

193 2258 299 2309 tem
329 2252 730 2323 rationemque
753 2251 1077 2306 naturalem
1112 2251 1425 2323 dedit,qua
1444 2250 1697 2305 viventia
1718 2266 1833 2304 non

191 2340 529 2409 viventibus,
557 2357 732 2397 sensu
768 2340 1011 2411 praedita
1042 2356 1156 2395 non
1180 2339 1585 2409 sentientibus,
1619 2337 1833 2394 intelli-

199 2430 384 2501 gentia
416 2447 530 2485 non
560 2429 1047 2501 intelligentibus,
1082 2429 1438 2485 immortalia
1466 2428 1833 2500 mortalibus,

196 2520 605 2591 impotentibus
638 2518 913 2590 potentia,
948 2518 1180 2589 injustis
1216 2519 1401 2588 justa,
1434 2518 1699 2590 speciosa
1737 2518 1835 2573 de-

196 2608 491 2677 formibus,
525 2608 679 2663 bona
711 2607 903 2679 malis,
937 2606 1403 2679 incorruptibilia
1439 2606 1837 2677 corruptibili-

200 2699 320 2767 bus,
350 2696 747 2753 immutabilia
792 2695 1198 2764 mutabilibus,
1232 2694 1548 2750 invisibilia
1593 2694 1835 2750 visibili-

198 2786 319 2855 bus,
353 2784 743 2859 incorporalia
773 2784 1192 2857 corporalibus,
1223 2785 1395 2839 beata
1425 2784 1653 2839 miseris
1688 2801 1836 2855 prae-

206 2875 432 2930 ferenda
462 2876 791 2930 videamus.
812 2878 888 2929 Ac
908 2890 1009 2946 per
1028 2873 1137 2929 hoc
1160 2874 1432 2945 quoniam
1462 2874 1636 2928 rebus
1666 2873 1839 2928 Crea-

200 2963 271 3019 tis
290 2964 615 3020 Creatorem
641 2964 767 3019 sine
801 2962 1164 3018 dubitatione
1193 2963 1841 3034 prmponimus,0portet

200 3056 260 3106 ut
287 3069 417 3108 eum
448 3057 506 3108 et
535 3068 764 3108 summe
809 3051 1016 3119 vivere,
1049 3056 1105 3106 et
1145 3057 1355 3106 cuneta
1402 3052 1616 3107 sentire
1665 3058 1840 3122 atque

199 3140 511 3214 intelligere
529 3167 543 3209 ;
559 3145 616 3197 et
636 3140 806 3208 mori,
830 3140 1485 3212 corrumpi,mutarique
1507 3157 1624 3195 non
1647 3157 1838 3212 posse;

199 3246 297 3287 nec
327 3247 537 3303 corpus
571 3247 719 3297 esse,
753 3230 853 3285 sed
900 3229 1173 3301 spiritum
1207 3230 1471 3285 omnium
1510 3229 1842 3301 potentissi-

201 3336 377 3387 mum,
402 3319 829 3391 justissimum,
867 3318 1338 3391 speciossimum,
1361 3318 1672 3390 optimum,
1706 3319 1840 3374 bea-

203 3407 424 3464 tissimu
437 3426 491 3463 m
524 3409 832 3465 fateamur.

275 3498 503 3555 CAPUT
534 3498 602 3553 V.
626 3530 696 3540 --
715 3499 769 3553 7.
797 3500 969 3567 Quam
997 3496 1230 3569 difﬁcile
1248 3497 1620 3555 demonstrare
1638 3500 1849 3555 ratione

201 3590 448 3643 naturali
479 3589 823 3643 Trinitatem.
874 3588 981 3643 Sed
1016 3586 1137 3643 haec
1194 3588 1391 3643 omnia
1440 3606 1566 3660 quas
1620 3589 1758 3655 dixi,
1791 3593 1847 3645 et

202 3692 582 3749 quaecumque
603 3677 717 3732 alia
746 3676 923 3732 simili
959 3692 1116 3731 more
1147 3676 1455 3732 locutionis
1477 3678 1746 3733 humana:
1767 3678 1851 3733 di-

201 3779 308 3836 gne
329 3767 400 3821 de
420 3771 536 3822 Deo
568 3764 683 3821 dici
714 3765 1000 3830 videntur,
1035 3771 1090 3821 et
1119 3766 1399 3821 universae
1425 3767 1695 3822 Trinitati
1721 3784 1846 3839 quaa

205 3857 287 3908 est
314 3871 468 3911 unus
504 3857 675 3923 Deus,
709 3860 765 3909 et
797 3854 1061 3927 personis
1091 3853 1343 3925 singulis
1390 3855 1447 3909 in
1499 3857 1697 3911 eadem
1728 3857 1851 3912 Tri-

206 3944 379 3999 nitate
409 3944 783 4007 conveniunt,
812 3944 952 4011 Quis
973 3944 1129 3999 enim
1151 3943 1236 3998 vel
1262 3962 1443 3999 unum
1475 3945 1850 4018 Deum,quod

206 4039 292 4088 est
322 4032 452 4105 ipsa
482 4033 762 4101 Trinitas,
793 4032 879 4088 vel
911 4033 1164 4100 Patrem,
1197 4032 1281 4087 vel
1322 4032 1554 4104 Filium,
1585 4035 1671 4088 vel
1721 4036 1851 4107 Spi-

204 4121 376 4178 ritum
410 4127 713 4193 sanctum;
765 4124 974 4179 audeat
1017 4123 1227 4187 dicere,
1261 4127 1362 4177 aut
1397 4140 1510 4179 non
1541 4124 1849 4199 viventem,

206 4214 303 4265 aut
332 4211 479 4267 nihil
514 4212 866 4268 sentientem
896 4210 983 4266 vel
1032 4210 1474 4283 intelligentem,
1528 4217 1630 4267 aut
1679 4213 1737 4268 in
1786 4231 1854 4270 ea

203 4304 410 4357 natura
439 4318 557 4374 qua
588 4301 736 4357 inter
775 4318 837 4356 se
886 4300 1277 4373 praedicantur
1325 4300 1593 4372 aequales,
1648 4319 1853 4374 quem-

208 4404 379 4459 quam
412 4406 545 4446 esse
565 4406 755 4445 eorem
780 4389 1085 4445 mortalem
1111 4389 1230 4444 sive
1261 4389 1709 4461 corruptibilem,
1736 4390 1856 4447 sive

209 4479 573 4549 mutabilem,
607 4479 725 4535 sive
748 4495 1123 4551 corporeum;
1158 4483 1259 4533 aut
1297 4477 1602 4549 quisquam
1644 4480 1723 4534 ibi
1754 4496 1855 4536 ne-

208 4571 298 4635 get
328 4567 587 4640 aliquem
616 4567 1465 4640 potentissimum,justissum,
1495 4569 1857 4639 speciosissi-

208 4670 391 4727 mum,
410 4658 688 4729 optimum
705 4656 1162 4726 ,beatissimum?
1183 4658 1240 4711 Si
1261 4673 1398 4729 ergo
1420 4657 1537 4711 haec
1559 4661 1733 4729 atque
1755 4658 1861 4714 hu-

200 4744 465 4815 jusmodi
498 4747 720 4815 omnia,
755 4752 809 4802 et
842 4746 969 4818 ipsa
1000 4745 1279 4811 Trinitas,
1311 4749 1368 4799 et
1394 4746 1448 4801 in
1484 4762 1549 4801 ea
1582 4747 1693 4801 dici
1726 4764 1858 4819 pos-

209 4838 383 4902 sunt,
416 4836 515 4891 ubi
552 4840 653 4891 aut
682 4835 971 4907 quomodo
1002 4834 1257 4888 Trinitas
1302 4834 1644 4905 apparebit?
1690 4836 1861 4891 Redi-

209 4938 419 4995 gamus
452 4924 650 4996 itaque
683 4925 844 4997 prius
875 4924 997 4979 haec
1030 4922 1283 4995 plurima
1313 4924 1384 4977 ad
1420 4923 1671 4994 aliquam
1719 4943 1861 4997 pau-

210 5011 466 5068 citatem.
502 5016 638 5079 Quae
674 5015 789 5068 vita
821 5014 974 5069 enim
1008 5012 1223 5067 dicitur
1252 5012 1307 5066 in
1342 5012 1477 5076 Deo,
1511 5013 1636 5085 ipsa
1666 5031 1862 5070 essen-

209 5100 288 5155 tia
318 5103 451 5173 ejus
503 5109 676 5174 atque
731 5108 959 5159 natura.
993 5102 1114 5156 Non
1149 5101 1345 5172 itaque
1386 5106 1535 5157 Deus
1581 5103 1719 5157 vivit
1750 5104 1863 5159 nisi

210 5189 328 5245 vita
359 5193 516 5263 quod
550 5193 675 5263 ipse
708 5192 815 5248 sibi
849 5197 955 5247 est.
1001 5192 1129 5247 Hazc
1176 5196 1366 5246 autem
1415 5190 1534 5245 vita
1584 5209 1697 5246 non
1728 5192 1864 5249 talis

212 5285 300 5334 est
332 5280 530 5352 qualis
564 5282 715 5337 inest
744 5282 959 5348 arbori,
993 5282 1091 5336 ubi
1142 5280 1341 5335 nullus
1394 5284 1482 5335 est
1512 5280 1862 5349 intellectus,

217 5368 419 5425 nullus
437 5374 525 5425 est
549 5371 899 5426 sensus.Nec
929 5370 1063 5425 talis
1078 5369 1267 5441 qualis
1290 5369 1437 5423 inest
1456 5369 1644 5439 pecori
1662 5385 1675 5423 :
1693 5369 1867 5426 habet

212 5457 367 5513 enim
390 5458 511 5514 vita
537 5460 758 5531 pecoris
773 5475 1012 5515 sensum
1028 5457 1689 5530 quinquepartitum,sed
1708 5458 1869 5516 intel-

212 5543 430 5602 lectum
451 5548 625 5604 habet
644 5548 869 5605 nullum
888 5566 901 5605 :
920 5547 1091 5605 atilla
1106 5549 1221 5604 vita
1241 5564 1365 5620 quae
1382 5547 1534 5603 Deus
1557 5553 1665 5617 est,
1687 5549 1868 5606 sentit

277 5760 294 5797 ί
328 5760 413 5833 Sic
442 5763 566 5833 Mss.
598 5763 773 5833 AtEr.
802 5765 1031 5833 et_Lov.,
1051 5760 1107 5812 id
1134 5764 1207 5833 es]
1237 5761 1302 5833 de
1330 5778 1537 5833 manere
1565 5765 1677 5833 eius
1706 5765 1759 5817 in
1790 5766 1865 5833 ip-

213 5822 340 5889 sius,
362 5828 464 5878 etc.
490 5826 624 5893 Am.,
655 5827 716 5878 id
736 5830 810 5879 est
838 5827 900 5879 de
928 5839 1136 5877 munere
1162 5827 1217 5877 in
1248 5826 1361 5892 ejus
1386 5828 1559 5893 ipsius.
1589 5822 1693 5881 ets.

1355 340 1587 402 LIBER
1631 338 1971 411 QUINTUS
2018 336 2391 402 DECIMUS.

3424 346 3444 402 1
3458 342 3577 404 062

1920 478 2092 545 atque
2122 473 2394 545 intelligit
2417 475 2649 543 omnia;
2685 478 2741 532 et
2772 475 2949 532 sentit
2979 480 3192 549 mente,
3227 494 3341 534 non
3375 495 3577 550 eorpo-

1929 579 2009 630 re,
2044 562 2181 634 quia
2208 564 2451 635 spiritus
2481 570 2569 620 est
2600 566 2951 637 Deus(loan.
2978 568 3189 637 mil/1).
3226 567 3348 622 Non
3382 573 3579 625 autem

1927 652 2078 707 sicut
2098 653 2374 708 animalia
2397 670 2523 725 quae
2556 654 2775 709 habent
2798 672 3063 727 corpora,
3098 674 3200 727 per
3221 673 3430 728 corpus
3455 674 3583 712 sen-

1926 742 1998 796 tit
2028 742 2217 811 Deus;
2253 760 2367 797 non
2398 743 2553 797 enim
2580 760 2647 799 ex
2695 744 2892 799 anima
2929 749 3159 800 constat
3207 750 3263 800 et
3301 763 3578 817 corpore:

1928 848 1992 887 ac
2025 849 2125 903 per
2149 832 2255 887 hoc
2285 832 2535 903 simplex
2559 831 2659 887 illa
2687 838 2896 888 natura
2922 834 3361 908 sicutintelligit
3382 836 3583 904 sentit,

1931 921 2084 977 sicut
2111 922 2619 994 sentitintelligit;
2662 922 2933 993 idemque
2955 939 3163 978 sensus
3195 923 3292 994 qui
3327 924 3583 980 intellec-

1929 1014 2025 1065 tus
2057 1014 2144 1066 est
2176 1009 2278 1066 illi.
2312 1011 2426 1066 Nec
2467 1010 2548 1065 ita
2578 1014 2643 1065 ut
2674 1010 2990 1083 aliquando
3023 1029 3149 1068 esse
3196 1013 3440 1069 desistat
3482 1018 3586 1069 aut

1931 1099 2204 1171 cmperit:
2240 1099 2593 1155 immortalis
2624 1109 2711 1156 est
2741 1102 2916 1156 enim.
2952 1102 3067 1157 Nec
3112 1101 3327 1157 frustra
3371 1102 3441 1157 de
3482 1102 3582 1159 illo

1933 1188 2155 1243 dictum
2174 1193 2262 1244 est
2276 1190 2429 1260 quod
2450 1188 2612 1245 solus
2632 1189 2843 1244 habeat
2858 1189 3358 1247 immortalitatem
3378 1193 3420 1262 (Ι
3444 1194 3577 1247 Tim.

1932 1294 2009 1341 v1,
2036 1278 2126 1344 16)
2158 1294 2171 1332 :
2199 1294 2331 1332 nam
2366 1276 2777 1333 immortalitas
2809 1279 2937 1348 ejus
2984 1295 3117 1334 vere
3159 1279 3578 1336 immortalitas

1934 1371 2022 1421 est
2044 1366 2100 1420 in
2131 1368 2301 1438 cujus
2325 1372 2534 1422 natura
2567 1367 2728 1423 nulla
2773 1372 2862 1423 est
2904 1369 3304 1425 commutatio.
3338 1372 3469 1442 Ipsa
3500 1374 3589 1426 est

1935 1454 2109 1509 etiam
2140 1471 2273 1509 vera
2302 1456 2594 1511 aeternitas
2617 1472 2734 1526 qua
2760 1456 3254 1513 estimmutabilis
3280 1459 3588 1529 Deus,sine

1937 1542 2121 1602 initio.
2165 1543 2291 1598 sine
2330 1544 2479 1611 ﬁne;
2534 1550 2960 1616 consequenter
3006 1552 3063 1601 et
3103 1546 3585 1619 incorruptibilis.

1938 1632 2063 1687 Una
2091 1648 2226 1704 ergo
2258 1634 2578 1703 eademque
2612 1650 2701 1688 res
2730 1633 2963 1703 dicitur,
3007 1636 3130 1690 sive
3171 1636 3396 1691 dicatur
3425 1641 3588 1692 aeter-

1938 1738 2051 1775 nus
2084 1725 2255 1791 Deus,
2291 1721 2409 1775 sive
2442 1721 2813 1789 immortalis,
2834 1722 3450 1795 siveincorruptibilis,
3466 1727 3588 1781 sive

1938 1809 2327 1865 immutabilis
2354 1810 2639 1880 :itemque
2661 1827 2792 1865 cum
2816 1811 3047 1878 dicitur,
3080 1812 3296 1881 vivens,
3328 1820 3385 1868 et
3416 1814 3587 1869 intel-

1938 1898 2147 1971 ligens,
2181 1899 2333 1970 quod
2371 1902 2460 1953 est
2492 1898 2695 1969 utique
2726 1899 2981 1969 sapiens,
3023 1899 3129 1954 hoc
3160 1900 3313 1956 idem
3348 1902 3584 1959 dicitur.

1939 1988 2062 2043 Non
2086 1987 2241 2042 enim
2267 1986 2523 2058 percepit
2566 1986 2912 2058 sapientiam
2945 2005 3059 2058 qua
3102 1994 3255 2044 esset
3286 1992 3519 2062 sapiens
3546 1995 3587 2063 ί,

1940 2078 2038 2132 sed
2066 2077 2187 2147 ipse
2210 2075 2496 2147 sapientia
2516 2080 2623 2131 est.
2651 2077 2718 2130 Et
2748 2076 2868 2131 haec
2903 2077 3041 2144 vita,
3062 2078 3383 2151 eademque
3405 2080 3589 2137 virtus

1941 2165 2058 2221 sive
2083 2165 2357 2236 potentia,
2380 2165 2699 2235 eademque
2723 2167 2967 2237 species,
2997 2184 3111 2237 qua
3143 2172 3369 2239 potens,
3414 2174 3591 2241 atque

1941 2254 2241 2325 speciosus
2257 2254 2486 2308 dicitur.
2504 2255 2648 2319 Quid
2673 2255 2826 2309 enim
2855 2257 3147 2324 potentius
3170 2261 3226 2311 et
3264 2259 3590 2328 speciosius

1941 2343 2381 2415 sapientia,quze
2406 2343 2640 2414 attingit
2657 2361 2688 2398 a
2707 2344 2821 2398 ﬁne
2841 2360 3021 2414 usque
3043 2346 3113 2399 ad
3137 2346 3313 2401 ﬁnem
3342 2348 3588 2419 fortiter,

1942 2438 1999 2489 et
2030 2431 2291 2503 disponit
2310 2432 2507 2486 omnia
2553 2432 2808 2486 suaviter
2856 2432 3005 2504 (Sap.
3040 2450 3159 2499 vm,
3214 2434 3313 2506 1)?
3353 2435 3588 2493 Bonitas

1942 2522 2117 2577 etiam
2141 2524 2312 2591 atque
2330 2520 2875 2593 justitia,numquid
2902 2522 3050 2577 inter
3071 2540 3133 2577 se
3156 2522 3215 2577 in
3232 2528 3442 2579 natura
3464 2525 3587 2594 Dei,

1943 2610 2167 2666 sicutin
2180 2611 2307 2681 ejus
2328 2609 2602 2681 operibus
2624 2609 2863 2682 distant,
2890 2614 3171 2683 tanquam
3196 2613 3322 2667 duae
3354 2614 3592 2670 diversis

1944 2698 2396 2771 sintqualitates
2422 2698 2546 2766 Dei;
2584 2716 2716 2767 una,
2743 2700 2994 2767 bonitas;
3020 2699 3445 2771 alia,justitia?
3466 2703 3592 2758 Non

1946 2788 2143 2858 utique
2168 2788 2301 2845 :sed
2326 2788 2720 2858 quazjustitia,
2746 2788 2874 2860 ipsa
2908 2788 3166 2857 bonitas;
3192 2794 3249 2845 et
3279 2808 3405 2862 qua:
3428 2792 3595 2848 boni-

1943 2880 2056 2945 tas,
2081 2876 2210 2947 ipsa
2226 2876 2548 2932 beatitudo.
2591 2876 2977 2948 lncorporalis
2999 2882 3192 2933 autem
3218 2878 3304 2933 vel
3328 2879 3595 2953 incorpo-

1946 2982 2078 3020 reus
2109 2964 2237 3020 ideo
2267 2965 2481 3020 dicitur
2509 2965 2682 3031 Deus,
2718 2970 2782 3019 ut
2810 2966 3052 3037 spiritus
3084 2968 3353 3024 credatur
3382 2968 3471 3025 vel
3502 2971 3596 3025 in-

1944 3054 2241 3126 telligatur
2262 3070 2410 3119 esse,
2446 3071 2561 3109 non
2585 3071 2815 3126 corpus.

2015 3145 2066 3198 8.
2093 3143 2337 3199 Proinde
2370 3143 2419 3197 si
2443 3144 2731 3208 dicamus,
2772 3148 3067 3212 .‘Eternus,
3105 3146 3477 3219 immortalis,
3510 3149 3600 3203 in-

1947 3230 2804 3303 corruptibilis,immutabilis,
2845 3232 3026 3304 vivus,
3075 3235 3331 3306 sapiens,
3372 3242 3602 3309 potens.

1950 3320 2516 3393 speciosus,justus,
2560 3322 2770 3393 bonus,
2816 3323 3044 3391 beatus,
3077 3324 3358 3396 spiritus;
3391 3326 3601 3383 horum

1954 3410 2219 3466 omnium
2285 3410 2670 3465 novissimum
2715 3412 2865 3480 quod
2917 3413 3085 3484 posui
3123 3415 3291 3485 quasi
3342 3418 3604 3470 tantum-

1952 3501 2121 3556 modo
2150 3499 2380 3553 videtur
2410 3498 2741 3570 signiﬁcare
2787 3499 3201 3572 substantiam,
3235 3508 3440 3559 caetera
3468 3521 3604 3560 vero

1953 3590 2128 3660 hujus
2159 3587 2496 3643 substantiae
2528 3587 2876 3657 qualitates:
2908 3592 3008 3645 sed
3043 3608 3157 3646 non
3190 3592 3272 3647 ita
3298 3597 3387 3648 est
3417 3593 3475 3647 in
3507 3593 3607 3649 illa

1952 3676 2231 3733 ineffabili
2284 3675 2655 3747 simplicique
2700 3681 2926 3732 natura.
2963 3679 3256 3751 Quidquid
3305 3682 3463 3736 enim
3514 3699 3604 3737 se-

1955 3767 2213 3823 cundum
2267 3764 2577 3836 qualitates
2620 3764 2736 3820 illic
2796 3765 2909 3821 dici
2967 3768 3218 3837 videtur,
3279 3771 3605 3826 secundum

1955 3854 2349 3912 substantiam
2380 3852 2466 3908 vel
2489 3854 2798 3908 essentiam
2833 3860 2921 3909 est
2950 3856 3419 3929 intelligendum.
3442 3861 3611 3915 Absit

1963 3945 2117 4002 enim
2168 3949 2232 3998 ut
2279 3943 2521 4015 spiritus
2561 3944 2884 3997 secundum
2938 3946 3328 4002 substantiam
3381 3949 3611 4004 dicatur

1961 4040 2129 4102 Deus,
2149 4039 2205 4089 et
2223 4034 2412 4088 bonus
2435 4031 2754 4087 secundum
2771 4032 3113 4101 qualitatem
3135 4052 3147 4092 :
3165 4036 3263 4091 sed
3292 4040 3613 4109 utrumque

1960 4124 2287 4180 secundum
2321 4121 2735 4177 substantiam.
2752 4120 2845 4175 Sic
2864 4123 3281 4179 omniaczctera
3311 4142 3438 4197 qua
3457 4144 3614 4181 com-

1960 4212 2441 4278 memoravimus,
2475 4211 2626 4265 unde
2657 4208 2715 4262 in
2767 4210 3168 4279 superioribus
3204 4213 3373 4270 libris
3426 4217 3613 4272 multa

1954 4304 2076 4374 jam
2104 4301 2381 4355 diximus.
2412 4304 2487 4354 De
2512 4306 2760 4369 quatuor
2794 4298 2971 4369 igitur
2994 4299 3199 4371 primis
3231 4318 3357 4372 quae
3376 4305 3547 4359 modo
3580 4322 3614 4360 a

1963 4391 2132 4446 nobis
2162 4393 2504 4445 enumerata
2535 4392 2707 4458 atque
2730 4388 2955 4459 digesta
2980 4394 3139 4456 sunt,
3162 4389 3216 4444 id
3235 4397 3610 4463 estinternus,

1963 4477 2334 4543 immortalis,
2359 4475 2838 4547 incorruptibilis.
2862 4476 3273 4548 immutabilis,
3301 4496 3483 4535 unum
3507 4481 3613 4535 ali-

1965 4568 2104 4639 quid
2128 4567 2434 4638 eligamus;
2470 4566 2609 4637 quia
2640 4581 2816 4619 unum
2856 4568 3104 4636 quatuor
3124 4565 3230 4621 ista
3254 4567 3611 4639 significant,

1964 4657 2117 4712 sicut
2137 4657 2261 4725 jam
2294 4655 2563 4721 disserui;
2596 4670 2665 4708 ne
2691 4669 2790 4725 per
2814 4652 2997 4707 multa
3018 4653 3385 4710 distendatur
3416 4657 3614 4712 inten-

1968 4746 2070 4810 tio,
2106 4750 2163 4800 ct
2196 4743 2335 4798 illud
2369 4744 2562 4816 potius
2592 4744 2742 4815 quod
2771 4742 3027 4814 positum
3065 4747 3153 4797 est
3192 4743 3377 4814 prius,
3412 4745 3467 4800 id
3504 4752 3614 4814 est,

1965 4838 2237 4889 aeternus.
2274 4833 2391 4888 Hoc
2416 4833 2697 4888 faciamus
2720 4837 2776 4887 et
2797 4833 2865 4887 de
2890 4836 3139 4904 quatuor
3161 4834 3459 4900 secundis,
3484 4851 3614 4905 qua;

1968 4926 2128 4991 sunt,
2153 4922 2333 4989 vivus,
2357 4922 2612 4993 sapiens,
2648 4928 2873 4994 potens,
2902 4922 3219 4993 speciosus.
3251 4922 3315 4976 Et
3338 4924 3615 4993 quoniam

1969 5013 2083 5066 vita
2100 5011 2548 5083 qualiscumque
2569 5011 2720 5066 inest
2740 5016 2794 5066 et
2832 5010 3042 5082 pecori,
3070 5011 3160 5065 cui
3187 5011 3477 5083 sapientia
3501 5029 3615 5067 non

1970 5103 2142 5169 inest;
2175 5102 2288 5155 duo
2314 5118 2450 5155 vero
2480 5100 2615 5167 ista,
2647 5100 2933 5171 sapientia
2968 5099 3183 5154 scilicet
3208 5104 3377 5170 atque
3414 5105 3617 5172 poten-

1970 5190 2072 5254 tia,
2096 5190 2178 5245 ita
2204 5194 2341 5244 sunt
2362 5189 2512 5244 inter
2534 5205 2595 5244 se
2622 5190 2680 5243 in
2703 5189 2939 5243 homine
2962 5192 3385 5260 comparata,ut
3417 5194 3622 5244 saneta

1970 5278 2269 5350 Scriptura
2301 5277 2536 5347 diceret,
2572 5280 2757 5333 Melior
2776 5281 2855 5332 est
2886 5279 3101 5348 sapiens
3131 5294 3301 5348 quam
3330 5278 3491 5348 fortis
3518 5278 3618 5350 (Id.

1969 5384 2048 5435 v1,
2092 5366 2770 5439 );speciosaporroetiam
2790 5366 3156 5437 corporadici
3199 5365 3621 5423 solent:unum

1971 5474 2038 5513 ex
2072 5456 2165 5513 his
2207 5455 2494 5528 quatuor$2
2527 5456 2681 5526 quod
2728 5454 3024 5527 eligimus,
3059 5455 3295 5528 sapiens
3334 5454 3618 5527 eligatur:

2037 5701 2173 5771 {Sic
2199 5701 2324 5751 Mss.
2359 5701 2428 5771 ait
2455 5699 2599 5771 editi,
2639 5698 2753 5750 Non
2778 5700 2914 5751 enim
2933 5700 3149 5765 percipit
3179 5700 3485 5765 sapimiam
3517 5718 3619 5771 qua

1969 5764 2183 5831 ﬁigtyel,
2214 5777 2316 5830 qua
2339 5763 2425 5825 sit)
2455 5763 2673 5831 sapiam.

2036 5829 2056 5866 ⁸
2076 5825 2236 5893 Loco;
2257 5832 2495 5896 quatuor,
2518 5829 2652 5878 forte
2680 5825 2984 5892 legendum,
3014 5826 3313 5897 rqualibul.
