4160 6506
519 292 672 355 1063

517 425 784 499 quamvis
804 425 926 482 haec
947 427 1198 497 quatuor
1222 422 1279 479 in
1300 423 1415 479 Deo
1436 441 1551 480 non
1570 422 2158 495 inaequalia‘dicenda

515 518 633 573 sint
658 535 670 586 ;
705 515 941 571 nomina
978 513 1134 569 enim
1164 519 1433 585 quatuor,
1462 530 1552 569 res
1582 518 1773 568 autem
1808 530 1925 567 una
1945 516 2051 567 est.
2077 510 2155 565 De

514 605 702 661 tertiis
720 620 850 660 vero
876 602 1096 658 ultimis
1114 606 1385 672 quatuor,
1420 601 1687 672 quamvis
1705 601 1762 656 in
1780 602 1894 657 Deo
1916 600 2068 655 idem
2090 598 2168 654 sit

509 698 739 767 justum
781 709 906 748 esse
944 691 1097 762 quod
1139 690 1381 758 bonum,
1408 692 1561 762 quod
1606 693 1861 760 beatum,
1893 690 2166 759 idemque

515 783 786 856 spiritum
811 797 939 837 esse
964 781 1368 851 quodjustum
1401 786 1458 834 et
1489 782 1705 835 bonum
1732 780 1963 834 beatum
1987 794 2114 832 esse
2149 792 2163 832 :

514 878 710 929 tamen
745 870 882 941 quia
905 869 961 923 in
1013 868 1351 924 hominibus
1380 873 1569 939 potest
1606 884 1734 924 esse
1775 867 2015 939 spiritus
2050 882 2164 921 non

514 963 939 1031 beatus,potest
960 958 1233 1027 etjustus
1254 961 1310 1012 et
1327 957 1515 1012 bonus
1538 957 1796 1011 nondum
1823 956 2043 1022 beatus;
2062 964 2169 1025 qui

511 1069 646 1109 vero
682 1052 889 1105 beatus
918 1051 1028 1109 est.
1052 1046 1309 1118 perfecto
1343 1046 1616 1115 etjustus
1662 1049 1717 1099 et
1756 1045 1946 1100 bonus
1968 1048 2023 1099 et
2044 1043 2162 1116 spi-

512 1143 662 1198 ritus
685 1142 773 1195 est
796 1155 809 1194 :
838 1137 947 1192 hoc
971 1136 1164 1207 potius
1187 1134 1473 1207 eligamus
1513 1135 1667 1206 quod
1693 1149 1797 1189 nec
1820 1133 1881 1189 in
1905 1133 2160 1189 homini-

508 1230 622 1286 bus
644 1244 772 1285 esse
795 1225 921 1283 sine
944 1223 1269 1293 illisjtribus
1303 1227 1511 1294 potest,
1536 1224 1689 1294 quod
1706 1227 1794 1278 est
1825 1224 2049 1278 beatus.

580 1317 808 1375 CAPUT
849 1316 941 1370 VI.
976 1346 1044 1355 -—
1072 1313 1124 1367 9.
1158 1312 1434 1383 Quomodo
1458 1315 1512 1367 in
1556 1314 1673 1384 ipsa
1694 1312 2041 1383 simplicitate
2062 1313 2161 1367 Dei

506 1410 579 1464 sit
602 1408 858 1464 Trinitas.
892 1412 981 1457 Λη
1008 1406 1058 1458 et
1087 1400 1352 1473 quomodo
1372 1418 1440 1458 ex
1466 1404 1789 1457 monstratis
1808 1402 2156 1457 trinitatibus

506 1499 567 1553 in
583 1497 801 1552 homine
823 1493 1141 1549 ostendatur
1162 1492 1402 1549 Trinitas
1434 1492 1553 1547 Dei.
1586 1491 1737 1545 Num
1760 1491 1974 1563 igitur2
2017 1507 2153 1547 cum

506 1585 779 1649 dicimus,
798 1587 1079 1647 IEternus,
1097 1580 1350 1652 sapiens,
1365 1580 1591 1647 beatus,
1607 1579 1726 1634 haec
1738 1581 1849 1634 tria
1870 1584 2003 1634 sunt
2025 1579 2156 1635 Tri-

506 1675 681 1742 nitas,
709 1689 833 1744 quae
858 1670 1185 1742 appellatur
1205 1669 1359 1725 Deus
1375 1669 1401 1722 ?
1419 1669 1781 1740 Redigimus3
1798 1669 2030 1740 quidem
2053 1669 2153 1724 illa

507 1761 813 1817 duodecim
841 1761 898 1813 in
928 1760 1099 1813 istam
1124 1758 1475 1829 paucitatem
1500 1758 1676 1812 trium
1709 1773 1721 1812 :
1748 1759 1846 1812 sed
1885 1775 1949 1813 eo
1978 1759 2148 1815 modo

500 1852 742 1907 forsitan
760 1864 1072 1921 possumus
1097 1847 1218 1901 haec
1237 1846 1419 1901 triain
1445 1863 1625 1900 unum
1651 1846 1887 1918 aliquod
1916 1848 2145 1903 horum.

500 1940 648 1995 Nam
674 1939 723 1995 si
748 1956 864 1993 una
885 1937 1084 1993 eadem
1117 1951 1208 1991 res
1231 1935 1288 1989 in
1313 1935 1412 1990 Dei
1440 1939 1647 1991 natura
1685 1940 1874 2007 potest
1912 1953 2038 1992 esse
2061 1954 2151 1993 sa-

501 2028 722 2100 pientia
761 2032 817 2082 et
847 2026 1128 2098 potentia,
1162 2031 1261 2079 aut
1283 2025 1399 2079 vita
1438 2028 1493 2079 et
1522 2023 1842 2095 sapientia;
1897 2042 2002 2080 cur
2032 2042 2145 2080 non

502 2134 621 2172 una
637 2117 955 2187 eademque
968 2131 1057 2170 res
1079 2130 1206 2169 esse
1232 2114 1415 2185 possit
1433 2112 1491 2167 in
1508 2114 1605 2169 Dei
1628 2118 1836 2168 natura
1857 2115 2148 2171 aternitas

500 2210 557 2261 et
597 2204 904 2276 sapientia,
922 2207 1021 2257 aut
1043 2203 1336 2257 beatitudo
1360 2206 1415 2256 et
1436 2201 1721 2273 sapientia
1745 2206 1767 2257 Ρ
1804 2208 1882 2257 Ac
1906 2220 2007 2274 per
2037 2203 2146 2259 hoc

502 2296 655 2350 sicut
672 2292 818 2349 nihil
840 2293 1118 2347 intererat
1142 2295 1338 2345 utrum
1355 2290 1454 2345 illa
1476 2291 1883 2357 duodecim,an
1900 2292 2014 2347 ista
2035 2292 2146 2349 tria

504 2384 852 2447 diceremus,
903 2381 1136 2451 quando
1170 2378 1268 2434 illa
1300 2378 1484 2434 multa
1514 2379 1572 2433 in
1606 2378 1778 2434 istam
1813 2379 2145 2452 redegimus

502 2469 968 2545 paucitatem;ita
984 2468 1129 2523 nihil
1143 2468 1387 2522 interest
1409 2472 1605 2521 utrum
1620 2467 1732 2521 tria
1746 2467 1858 2522 ista
1881 2469 2144 2525 dicamus

501 2578 574 2616 an
598 2560 741 2615 illud
770 2575 954 2614 unum
998 2557 1051 2612 in
1094 2558 1261 2628 cujus
1290 2555 1753 2625 singularitatem
1788 2559 1901 2613 duo
1940 2564 2144 2615 caetera

499 2648 771 2705 similiter
808 2646 989 2719 redigi
1024 2662 1193 2717 posse
1228 2644 1679 2700 monstravimus
1702 2646 1740 2701 ‘.
1776 2647 1915 2711 Quis
1948 2648 2144 2719 itaque

499 2737 835 2810 disputandi
857 2736 1087 2802 modus,
1110 2751 1376 2805 quasnam
1400 2734 1633 2789 tandem
1664 2735 1750 2789 vis
1781 2736 2144 2808 intelligendi

501 2830 675 2896 atque
710 2825 986 2897 potentia,
1022 2840 1149 2894 quae
1194 2822 1465 2877 vivacitas
1509 2823 1771 2892 rationis,
1814 2841 1940 2895 quae
1990 2825 2142 2881 acies

483 2913 863 2986 cogitationis
885 2914 1169 2977 ostendet,
1189 2917 1252 2967 ut
1279 2910 1393 2966 alia
1414 2913 1537 2981 jam
1569 2918 1810 2977 taceam,
1827 2913 1933 2968 hoc
1956 2932 2140 2970 unum

497 3004 653 3076 quod
678 3002 964 3075 sapientia
985 3001 1199 3057 dicitur
1224 3006 1390 3067 Deus,
1420 3002 1711 3072 quomodo
1735 3002 1813 3058 sit
1834 3003 2089 3059 Trinitas
2114 3004 2142 3060 ?

495 3094 694 3164 Neque
735 3091 892 3147 enim
925 3091 1077 3146 sicut
1124 3107 1229 3143 nos
1271 3090 1339 3144 de
1369 3089 1467 3144 illo
1498 3090 1853 3162 percipimus
1903 3093 2138 3163 sapien-

495 3181 751 3248 tiam,ita
772 3180 926 3235 Deus
957 3180 1025 3234 de
1047 3177 1276 3249 aliquo:
1300 3178 1398 3233 sed
1428 3195 1534 3233 sua
1555 3184 1639 3233 est
1671 3179 1793 3250 ipse
1818 3181 2134 3252 sapientia;

495 3270 635 3343 quia
656 3285 770 3324 non
798 3273 887 3324 est
915 3266 1071 3323 aliud
1098 3266 1381 3337 sapientia
1402 3267 1547 3337 ejus,
1574 3267 1730 3322 aliud
1762 3270 2135 3338 essentia,cui

490 3359 600 3416 hoc
632 3363 721 3415 est
750 3374 877 3413 esse
908 3359 1057 3428 quod
1083 3357 1402 3427 sapientem
1435 3370 1579 3411 esse.
1624 3356 1847 3411 Dicitur
1893 3359 2129 3429 quidem

489 3448 548 3503 in
573 3445 884 3515 Scripturis
908 3445 1128 3500 sanctis
1150 3444 1418 3500 Christus
1443 3444 1537 3499 Dei
1569 3445 1773 3514 virtus,
1807 3453 1863 3500 et
1900 3447 1997 3503 Dei
2034 3465 2128 3504 sa-

486 3536 704 3609 pientia
735 3537 780 3607 (Ι
815 3535 932 3589 Cor.
967 3552 1006 3602 ι,
1042 3534 1134 3605 24)
1168 3550 1179 3588 :
1216 3533 1314 3588 sed
1339 3533 1831 3603 quemadmodum
1857 3535 1932 3590 sit
1961 3536 2122 3592 intel-

487 3625 811 3697 ligendum,
846 3640 917 3679 ne
948 3627 1174 3678 Patrem
1203 3622 1380 3677 Filius
1412 3623 1673 3677 videatur
1696 3622 1881 3679 facere
1898 3624 2126 3696 sapien-

482 3718 624 3785 tem,
661 3714 718 3768 in
752 3713 900 3768 libro
932 3712 1180 3784 septimo
1217 3711 1577 3782 disputatum
1596 3715 1683 3767 est
1704 3713 1856 3783 (Cap.
1885 3714 2038 3785 1-3);
2071 3720 2128 3771 et

482 3803 553 3857 ad
586 3802 693 3857 hoc
726 3802 870 3856 ratio
903 3801 1182 3873 pervenit,
1217 3805 1279 3854 ut
1311 3800 1392 3854 sic
1427 3799 1502 3854 sit
1535 3800 1715 3855 Filius
1739 3801 2025 3872 sapientia
2055 3805 2126 3860 de

484 3891 792 3962 sapientia,
821 3890 1315 3962 quemadmodum
1371 3888 1567 3943 lumen
1599 3889 1667 3943 de
1699 3889 1941 3957 lumine,
1980 3897 2125 3948 Deus

480 3981 549 4034 de
581 3980 716 4035 Deo.
749 3980 861 4035 Nec
893 3978 1046 4034 aliud
1082 3978 1383 4050 potuimus
1406 3977 1662 4032 invenire
1692 3978 1972 4049 Spiritum
1997 3998 2129 4037 san-

478 4073 673 4137 ctum,
725 4069 837 4123 nisi
889 4073 945 4123 et
977 4068 1171 4138 ipsum
1220 4082 1348 4121 esse
1403 4066 1787 4136 sapientiam,
1844 4074 1901 4123 et
1950 4069 2126 4125 simul

479 4175 683 4214 omnes
714 4175 893 4213 unam
928 4156 1298 4228 sapientiam,
1332 4154 1479 4209 sicut
1515 4171 1695 4209 unum
1716 4157 1921 4224 Deum,
1947 4176 2122 4216 unam

477 4247 818 4303 essentiam.
862 4246 1021 4301 Hanc
1052 4261 1186 4316 ergo
1231 4242 1577 4315 sapientiam
1612 4246 1762 4315 quod
1814 4251 1902 4303 est
1947 4248 2122 4319 Deus,

477 4337 770 4408 quomodo
796 4333 1183 4404 intelligimus
1224 4348 1351 4388 esse
1382 4333 1763 4389 Trinitatem?
1808 4336 1930 4392 Non
1984 4338 2122 4406 dixi,

473 4425 776 4490 Quomodo
807 4420 1144 4477 credimus?
1179 4438 1313 4475 nam
1347 4420 1455 4476 hoc
1487 4422 1636 4477 inter
1654 4422 1854 4480 fideles
1882 4443 1995 4481 non
2030 4428 2126 4483 de-

471 4513 570 4567 bet
598 4512 812 4566 habere
862 4510 1240 4581 quaestionem
1270 4527 1282 4564 :
1318 4511 1415 4565 sed
1451 4510 1499 4566 si
1549 4510 1744 4583 aliquo
1794 4515 1965 4570 modo
2024 4532 2127 4587 per

468 4600 919 4672 intelligentiam
944 4616 1260 4671 possumus
1280 4598 1471 4656 videre
1495 4600 1647 4672 quod
1671 4602 2124 4675 credimus,quis

472 4689 583 4745 iste
604 4689 715 4744 erit
739 4688 947 4743 modus
967 4688 995 4742 ?

544 4780 628 4832 10.
645 4776 702 4831 Si
727 4777 881 4832 enim
906 4777 1229 4833 recolamus
1254 4776 1350 4833 ubi
1378 4777 1909 4835 nostrointellectui
1936 4798 2121 4855 coepe-

470 4867 548 4922 rit
568 4866 628 4921 in
652 4866 745 4921 his
767 4865 933 4922 libris
954 4866 1206 4922 Trinitas
1238 4884 1537 4938 apparere,
1562 4872 1801 4924 octavus
1845 4873 2118 4929 occurrit.

473 4956 553 5011 Ibi
572 4954 808 5026 quippe,
834 4959 896 5009 ut
916 4955 1239 5026 potuimus,
1260 4957 1617 5027 disputando
1642 4957 1859 5029 erigere
1880 4962 2125 5017 tentavi-

472 5060 609 5098 mus
664 5045 880 5099 mentis
922 5044 1305 5100 intentionem
1351 5046 1424 5099 ad
1474 5044 1913 5118 intelligendam
1955 5050 2118 5108 illam

473 5132 1022 5204 praestantissimum
1054 5132 1602 5204 immutabilemque
1632 5141 1924 5209 naturam,
1962 5142 2117 5210 quod

474 5226 675 5277 nostra
691 5238 855 5277 mens
880 5239 993 5277 non
1011 5223 1307 5287 estQuam
1333 5227 1527 5277 tamen
1550 5222 1632 5278 sic
1655 5222 2120 5297 intuebamur,ut

473 5327 577 5366 nec
599 5310 769 5383 longe
791 5328 823 5366 a
849 5311 1015 5366 nobis
1031 5316 1205 5380 esset,
1230 5316 1285 5366 et
1315 5328 1492 5383 supra
1518 5329 1623 5367 nos
1648 5318 1944 5380 esset,non
1971 5316 2115 5387 loco,

534 5507 551 5540 ί
590 5505 772 5577 Plures
799 5508 941 5577 Mss,
973 5519 1076 5577 non
1107 5505 1344 5577 aequalia.
1377 5505 1580 5577 Melius,
1628 5508 1697 5577 si”
1727 5513 1908 5560 tamen
1954 5526 2115 5577 supra

470 5568 753 5633 protquod
776 5570 1027 5633 eligimus,
1060 5568 1354 5633 legendum
1381 5570 1464 5627 sit,
1487 5569 1785 5633 equalibus.

532 5631 555 5695 ξ
582 5632 642 5695 l_n
671 5632 923 5695 Mss.,_At
944 5632 1088 5690 editi,
1118 5646 1256 5681 nunc
1283 5631 1461 5695 igitur.

532 5692 555 5756 ξ
580 5692 664 5756 Er.
695 5693 861 5756 Lugd.
888 5694 1014 5744 Ven.
1046 5696 1193 5753 Lov.,
1220 5692 1527 5756 rcdegimus.
1685 5695 1754 5747 Μ.

529 5754 551 5800 ι
579 5753 761 5808 Plures
778 5753 929 5810 Nam.
966 5753 1379 5811 memoravimui.

1597 289 1702 353 DE
1744 287 2197 363 TRINITATE,
2246 290 2313 352 S.
2357 286 2787 354 AUGUSTINI

3762 285 3921 348 1064

2268 423 2367 477 sed
2390 423 2518 494 ipsa
2538 423 2629 478 sui
2652 421 2965 478 venerabili
2987 419 3377 492 mirabiliquae
3391 420 3841 492 prmstantia,ita
3855 422 3923 475 ut

2273 512 2428 583 apud
2452 529 2557 567 nos
2578 528 2706 567 esse
2727 528 2831 567 suo
2860 508 3688 582 praesentiluminevideretur.
3711 512 3777 565 In
3802 526 3922 581 qua

2264 604 2462 655 tamen
2494 601 2662 656 nobis
2692 600 2883 655 adhuc
2915 598 3074 654 nulla
3105 598 3363 654 Trinitas
3395 600 3733 670 apparebat,
3781 598 3921 670 quia

2267 705 2381 744 non
2414 690 2484 745 ad
2507 706 2636 745 eam
2667 690 3037 761 quaerendam
3054 688 3110 741 in
3136 688 3358 760 fulgore
3381 686 3478 743 illo
3501 688 3736 742 firmam
3753 703 3919 741 men-

2266 777 2342 832 tis
2373 777 2553 833 aciem
2579 778 2922 834 tenebamus
2941 780 2958 813 ί
2986 793 2999 831 :
3027 781 3257 835 tantum
3306 776 3446 848 quia
3490 793 3604 832 non
3657 780 3784 832 erat
3812 775 3919 831 ali-

2267 882 2383 937 qua
2414 866 2616 934 moles,
2651 866 2749 922 ubi
2779 865 2935 922 credi
2967 869 3257 939 oporteret
3287 865 3757 938 magnitudinem
3780 865 3923 920 duo-

2268 971 2398 1009 rum
2419 955 2506 1011 vel
2539 956 2716 1011 trium
2750 953 2885 1027 plus
2915 970 3043 1010 esse
3073 970 3251 1027 quam
3286 955 3483 1021 unius,
3528 954 3918 1009 cernebamus

2267 1047 2605 1116 utcumque.
2639 1044 2749 1100 Sed
2783 1042 2883 1098 ubi
2914 1047 3146 1098 ventum
3178 1046 3268 1098 est
3296 1042 3367 1097 ad
3400 1042 3917 1113 charitatem,quaa

2266 1132 2324 1187 in
2355 1137 2557 1189 sancta
2587 1132 2886 1204 Scriptura
2922 1132 3078 1187 Deus
3110 1131 3266 1187 dicta
3288 1134 3375 1186 est
3412 1132 3457 1202 (Ι
3496 1132 3654 1187 Joan.
3687 1148 3767 1195 IV,
3803 1130 3915 1203 16),

2263 1220 2765 1293 eluxitpaululum
2796 1220 3072 1288 Trinitas,
3104 1220 3166 1275 id
3212 1224 3321 1285 est,
3367 1235 3599 1285 amans,
3648 1222 3707 1275 et
3755 1220 3914 1290 quod

2262 1314 2513 1379 amatur,
2545 1316 2602 1365 et
2633 1327 2815 1366 amor.
2844 1308 2955 1364 Sed
2992 1308 3131 1381 quia
3157 1308 3257 1364 lux
3288 1307 3385 1363 illa
3418 1306 3735 1364 ineii’abilis
3775 1324 3913 1364 nos-

2259 1403 2414 1455 trum
2462 1400 2866 1455 reverberabat
2898 1399 3194 1469 obtutum,
3224 1402 3284 1453 et
3323 1399 3374 1454 ei
3427 1396 3690 1452 nondum
3741 1412 3915 1468 posse

2259 1488 2645 1560 obtemperari
2675 1492 2887 1544 nostris
2913 1487 3129 1543 mentis
3158 1487 3411 1556 quodam
3447 1486 3620 1541 modo
3671 1485 3915 1542 convin-

2257 1577 2497 1633 cebatur
2523 1578 2853 1645 inﬁrmitas,
2877 1577 2948 1632 ad
2981 1576 3164 1648 ipsius
3197 1579 3409 1631 nostrae
3441 1574 3657 1630 mentis
3698 1591 3912 1631 secun-

2256 1666 2396 1720 dum
2429 1682 2601 1737 quam
2634 1666 2824 1721 factus
2852 1670 2941 1721 est
2970 1665 3144 1720 homo
3176 1665 3245 1718 ad
3278 1664 3593 1735 imaginem
3624 1663 3728 1719 Dei
3751 1663 3910 1734 (Gen.

2256 1773 2293 1823 ι,
2329 1758 2438 1828 ‘27),
2491 1758 2649 1811 velut
2687 1756 3121 1811 familiariorem
3176 1756 3731 1826 considerationem,
3774 1756 3909 1811 refi-

2253 1845 2467 1901 ciendae
2499 1845 2819 1901 laborantis
2850 1845 3191 1901 intentionis
3237 1861 3433 1912 causa,
3471 1846 3621 1900 inter
3648 1850 3911 1916 coeptum

2253 1934 2718 2006 dispositumque
2732 1934 3064 1989 reﬂeximus
3084 1950 3096 1989 :
3114 1938 3172 1989 et
3192 1933 3328 1989 inde
3353 1934 3413 1989 in
3441 1938 3733 2001 creatura,
3748 1934 3909 2005 quod

2251 2040 2357 2079 nos
2383 2039 2610 2090 sumus,
2641 2023 3037 2078 utinvisibilia
3051 2022 3174 2089 Dei,
3208 2038 3311 2094 per
3331 2039 3399 2078 ea
3414 2039 3544 2095 quae
3566 2024 3717 2079 facta
3738 2028 3914 2082 sunt,

2249 2113 2583 2184 conspicere
2613 2111 2907 2167 intellecta
2928 2129 3235 2183 possemus
3268 2112 3441 2184 (Rom.
3468 2128 3507 2179 ι,
3537 2112 3652 2183 20),
3685 2112 3903 2169 immo-

2248 2202 2355 2257 rati
2379 2218 2584 2256 sumus
2609 2219 2639 2255 a
2690 2218 2843 2256 nono
2896 2217 3083 2271 usque
3105 2200 3175 2256 ad
3201 2206 3476 2273 quartum
3498 2201 3801 2261 decimum
3833 2201 3907 2256 li-

2247 2292 2441 2347 brum.
2469 2292 2533 2345 Et
2552 2307 2683 2346 ecce
2694 2292 2817 2361 jam
2841 2295 3128 2361 quantum
3152 2305 3388 2345 necesse
3412 2290 3731 2359 fuerat,aut
3753 2291 3904 2347 forte

2247 2380 2379 2452 plus
2406 2397 2581 2452 quam
2612 2396 2845 2435 necesse
2880 2381 3085 2445 fuerat,
3113 2379 3425 2435 exercitata
3446 2378 3504 2434 in
3529 2380 3910 2437 inferioribus

2247 2468 2652 2541 intelligentia,
2682 2469 2751 2523 ad
2773 2484 3069 2523 summam
3082 2467 3428 2523 Trinitatem
3451 2484 3579 2539 quis
3602 2469 3758 2525 Deus
3780 2474 3893 2539 est,

2247 2558 2717 2630 conspiciendam
2742 2574 2847 2612 nos
2882 2556 3102 2629 erigere
3141 2556 3431 2625 volumus,
3472 2573 3578 2613 nec
3599 2558 3895 2615 valemus.

2245 2649 2395 2704 Num
2419 2648 2574 2703 enim
2598 2648 2749 2703 sicut
2765 2646 3122 2702 certissimae
3138 2645 3406 2701 videmus
3435 2646 3753 2718 trinitates,
3780 2648 3905 2704 sive

2246 2736 2709 2810 quaaforinsecus
2724 2736 2794 2791 de
2817 2736 2992 2790 rebus
3006 2735 3409 2806 corporalibus
3432 2736 3731 2804 ﬁunt,sive
3761 2753 3898 2793 cum

2245 2828 2460 2898 eaipsa
2482 2843 2607 2899 quae
2632 2825 2955 2880 forinsecus
2992 2840 3165 2879 sensa
3204 2830 3344 2879 sunt
3373 2826 3741 2897 cogitantur;
3777 2827 3902 2883 sive

2244 2932 2375 2971 cum
2410 2914 2511 2969 illa
2548 2931 2674 2985 quae
2707 2914 2976 2968 oriuntur
3009 2913 3068 2967 in
3103 2913 3321 2978 animo,
3360 2930 3464 2969 nec
3496 2914 3789 2985 pertinent
3822 2916 3898 2971 ad

2243 3005 2500 3076 corporis
2518 3019 2749 3070 sensus,
2772 3003 2924 3057 sicut
2948 3002 3110 3068 fides,
3140 3001 3295 3057 sicut
3317 3001 3562 3057 virtutes
3600 3020 3730 3073 quis
3753 3009 3899 3061 sunt

2240 3099 2397 3150 artes
2415 3093 2649 3165 agendae
2672 3092 2822 3163 vitae,
2873 3090 3185 3146 manifesta
3217 3091 3440 3147 ratione
3484 3097 3809 3149 cernuntur
3838 3100 3900 3152 et

2238 3184 2460 3240 scentia
2489 3182 2895 3248 continentur;
2923 3179 3042 3235 sive
3074 3196 3205 3235 cum
3242 3197 3402 3237 mens
3426 3181 3556 3252 ipsa
3578 3199 3695 3253 qua
3725 3184 3900 3239 novi-

2238 3290 2371 3329 mus
2393 3270 2675 3344 quidquid
2714 3285 2884 3324 nosse
2907 3285 3012 3324 nos
3035 3267 3314 3324 veraciter
3351 3269 3623 3341 dicimus,
3647 3271 3762 3326 sibi
3792 3288 3895 3329 co-

2232 3362 2395 3434 gnita
2415 3365 2523 3431 est,
2551 3359 2638 3414 vel
2658 3374 2719 3415 se
2744 3358 2977 3430 cogitat,
3019 3357 3138 3414 sive
3162 3375 3296 3414 cum
3320 3358 3543 3430 aliquid
3578 3362 3733 3431 quod
3759 3360 3895 3433 ipsa

2232 3468 2348 3507 non
2369 3455 2458 3506 est
2486 3454 2767 3504 aeternum
2810 3451 2986 3519 atque
3025 3446 3512 3504 incommutabile
3555 3450 3888 3521 conspicit:

2230 3557 2372 3596 num
2403 3555 2537 3612 ergo
2560 3539 2712 3594 sicut
2741 3537 2799 3591 in
2833 3536 2922 3591 his
2943 3536 3217 3592 omnibus
3240 3537 3891 3597 certissimasvidemus

2226 3629 2538 3695 trinitates,
2556 3626 2695 3699 quia
2716 3626 2773 3680 in
2798 3625 2964 3681 nobis
2988 3626 3137 3680 ﬁunt
3164 3625 3251 3681 vel
3285 3625 3345 3681 in
3368 3626 3537 3682 nobis
3558 3631 3720 3695 sunt,
3745 3644 3888 3686 cum

2228 3719 2343 3774 ista
2364 3716 2761 3782 meminimus,
2803 3714 3145 3786 aspicimus,
3167 3713 3458 3781 volumus,
3491 3715 3576 3770 ita
3609 3715 3888 3774 videmus

2228 3808 2404 3864 etiam
2450 3804 2794 3861 Trinitatem
2839 3803 3046 3873 Deum,
3088 3802 3226 3875 quia
3263 3808 3320 3859 et
3359 3803 3474 3858 illic
3505 3804 3890 3878 intelligendo

2228 3895 2625 3968 conspicimus
2642 3897 2922 3964 tanquam
2942 3892 3250 3960 dicentem,
3284 3896 3339 3948 et
3371 3893 3615 3949 verbum
3641 3895 3792 3965 ejus,
3826 3896 3889 3951 id

2227 3990 2337 4051 est,
2361 3985 2586 4039 Patrem
2607 3985 2663 4037 et
2684 3981 2891 4036 Filium
2906 3985 3079 4053 atque
3099 3981 3237 4036 inde
3260 3982 3666 4054 procedentem
3691 3984 3890 4039 chari-

2225 4079 2405 4129 tatem
2446 4073 2679 4142 utrique
2726 4087 3119 4137 communem,
3152 4069 3379 4126 scilicet
3426 4071 3708 4143 Spiritum
3748 4089 3889 4128 san-

2228 4165 2427 4218 ctum?
2449 4163 2535 4216 An
2568 4158 2857 4215 trinitates
2903 4159 3048 4214 istas
3066 4160 3136 4214 ad
3165 4177 3377 4215 sensus
3413 4165 3645 4216 nostros
3687 4161 3777 4216 vel
3809 4162 3888 4218 ad

2227 4252 2486 4306 animum
2508 4248 2865 4321 pertinentes
2880 4248 3143 4303 videmus
3156 4248 3354 4320 potius
3368 4265 3547 4320 quam
3563 4250 3889 4319 credimus,

2226 4340 2410 4395 Deum
2441 4355 2570 4394 vero
2602 4336 3092 4392 esse’l‘rinitatem
3116 4338 3410 4393 credimus
3456 4338 3656 4409 potius
3701 4356 3887 4411 quam

2224 4427 2691 4491 videinusE’Quod
2714 4426 2761 4481 si
2776 4426 2857 4481 ita
2878 4427 3249 4498 est,profecto
3269 4432 3373 4482 aut
3393 4427 3712 4483 invisibilia
3725 4430 3885 4499 ejus,

2227 4533 2329 4588 per
2349 4533 2415 4571 ea
2435 4532 2561 4587 quae
2587 4516 2739 4570 facta
2760 4532 2917 4583 sunt,
2943 4514 3105 4570 nulla
3123 4513 3419 4571 intellecta
3439 4516 3881 4587 conspicimus;

2226 4610 2329 4662 aut
2369 4607 2417 4661 si
2459 4604 2578 4660 ulla
2625 4603 3040 4675 conspicimus;
3084 4621 3196 4661 non
3233 4605 3292 4659 in
3342 4604 3427 4661 eis
3476 4605 3883 4678 conspicimus

2225 4695 2595 4766 Trinitatem,
2620 4698 2676 4749 et
2704 4693 2927 4749 estillic
2946 4694 3099 4764 quod
3125 4694 3581 4766 conspiciamus,
3607 4700 3699 4750 est
3721 4697 3883 4767 quod

2224 4783 2398 4839 etiam
2423 4801 2538 4839 non
2580 4786 2958 4854 conspectum
2981 4783 3215 4838 credere
3261 4783 3602 4839 debeamus.
3633 4784 3883 4856 Conspi-

2225 4888 2351 4929 cere
2383 4879 2574 4928 autem
2596 4888 2703 4926 nos
2734 4871 3100 4927 immutabile
3148 4872 3388 4938 bonum,
3431 4873 3585 4943 quod
3620 4890 3727 4928 nos
3762 4891 3882 4931 non

2223 4978 2455 5027 sumus,
2478 4960 2624 5016 liber
2653 4964 2894 5015 octavus
2923 4960 3200 5029 ostendit;
3233 4965 3289 5016 et
3320 4962 3883 5033 quartusdecimus,

2220 5068 2356 5107 cum
2387 5052 2456 5106 de
2488 5050 2922 5121 sapientiaque
2944 5049 3169 5105 homini
3213 5067 3280 5106 ex
3310 5055 3421 5106 Deo
3470 5055 3561 5107 est
3607 5051 3881 5123 loquere-

2222 5158 2373 5208 mur,
2418 5140 2742 5195 admonuit.
2793 5140 2908 5194 Cur
2956 5139 3153 5209 itaque
3198 5140 3279 5195 ibi
3328 5157 3444 5196 non
3494 5142 3881 5213 agnoscimus

2217 5227 2606 5284 Trinitatem?
2651 5231 2737 5282 An
2769 5227 2889 5282 haec
2936 5228 3228 5299 sapientia
3275 5245 3405 5299 quae
3444 5234 3597 5285 Deus
3631 5229 3879 5297 dicitur,

2220 5334 2334 5373 non
2366 5334 2426 5373 se
2460 5316 2753 5388 intelligit,
2789 5333 2903 5371 non
2937 5333 2998 5372 se
3028 5316 3266 5389 diligit?
3309 5318 3450 5385 Quis
3483 5318 3594 5373 hoc
3624 5318 3879 5375 dixerit?

2219 5411 2336 5462 Aut
2387 5406 2519 5478 quis
2576 5410 2667 5461 est
2718 5406 2818 5477 qui
2868 5422 2983 5460 non
3033 5406 3243 5476 videat,
3282 5406 3383 5462 ubi
3431 5406 3595 5461 nulla
3623 5408 3879 5464 scientia

2218 5500 2325 5565 est,
2350 5494 2511 5551 nullo
2543 5495 2716 5550 modo
2738 5510 2866 5549 esse
2896 5494 3247 5566 sapientiam
3270 5495 3298 5550 ?
3339 5500 3455 5551 Aut
3495 5513 3628 5552 vero
3666 5502 3880 5568 putan-

2217 5587 2357 5643 dum
2390 5589 2497 5652 est,
2530 5583 2877 5655 sapientiam
2936 5601 3063 5657 quae
3112 5589 3261 5641 Deus
3321 5590 3431 5653 est,
3464 5586 3616 5641 scire
3646 5585 3763 5643 alia
3819 5590 3878 5644 et

2218 5673 2441 5733 nescire
2472 5688 2535 5728 se
2563 5671 2773 5745 ipsam,
2816 5669 2906 5728 vel
2955 5670 3200 5745 diligere
3232 5670 3349 5732 alia
3394 5687 3501 5731 nec
3532 5670 3783 5751 diligere
3814 5689 3878 5736 se

2279 5766 2298 5803 ι
2329 5762 2543 5832 Aliquot
2569 5760 2712 5826 Mss.,
2745 5759 3092 5814 tendebamus.
