4160 6480
273 446 427 506 1υϐ9

266 580 582 652 vigilemus,
616 582 669 635 et
700 579 874 634 sobrii
903 579 1095 633 simus.
1127 580 1269 632 Nam
1301 579 1395 648 qui
1436 578 1740 647 dormiunt,
1764 583 1918 630 nocte

266 669 579 737 dormiunt;
612 678 663 725 et
693 670 789 741 qui
818 665 1503 735 inebreantur,nocteebrii
1524 670 1656 720 sunt
1679 681 1915 720 :nosau-

264 761 381 814 tem
410 762 503 830 qui
535 758 646 814 dici
671 774 859 813 smnus
888 757 1061 813 sobrii
1090 758 1268 812 simus
1297 756 1494 826 (Thess.
1529 772 1582 822 ν,
1609 755 1730 822 6-8)
1754 754 1781 808 ‘I
1806 753 1917 809 Sed

266 847 388 903 haec
420 846 693 920 allegoria
723 864 845 902 non
878 851 964 901 est
998 845 1265 917 aenigma.
1300 844 1447 899 Nam
1498 842 1609 898 nisi
1664 842 1914 897 multum

268 937 455 993 tardis
484 938 597 992 iste
618 953 826 992 sensus
852 934 911 989 in
938 938 1215 1006 promptu
1239 936 1346 988 est.
1387 932 1656 1004 [Enigma
1695 935 1784 987 est
1812 948 1915 986 au-

269 1030 417 1092 tem,
450 1030 513 1080 ut
545 1024 795 1080 breviter
825 1023 1127 1095 explicem,
1161 1022 1410 1077 obscura
1441 1020 1715 1093 allegoria
1743 1018 1916 1074 sicuti

269 1121 379 1182 est,
410 1114 779 1184 Sunguisugw
807 1117 965 1167 erant
987 1118 1102 1166 tres
1133 1112 1272 1181 ﬁliae
1295 1112 1310 1145 ¹
1331 1110 1515 1182 (Prov.
1548 1127 1681 1177 xxx,
1708 1109 1829 1179 15);
1861 1111 1918 1163 et

271 1219 655 1275 quaicumque
690 1200 927 1257 similia.
960 1200 1069 1255 Sed
1106 1200 1202 1254 ubi
1235 1198 1570 1272 allegoriam
1590 1197 1917 1253 nominavit

265 1292 604 1364 Apostolus,
640 1309 753 1348 non
788 1291 847 1345 in
876 1289 1067 1345 verbis
1096 1306 1225 1345 eam
1257 1288 1489 1359 reperit,
1523 1287 1625 1343 sed
1655 1287 1713 1342 in
1743 1287 1913 1356 facto,

266 1398 403 1437 cum
436 1398 466 1437 e
500 1380 732 1437 duobus
763 1378 901 1434 ﬁliis
929 1377 1194 1447 Abrahaa,
1222 1394 1334 1433 uno
1365 1377 1435 1432 de
1467 1374 1699 1445 ancilla,
1733 1373 1912 1430 altero

264 1471 333 1526 de
363 1469 566 1539 libera,
601 1469 756 1541 quod
784 1485 899 1524 non
935 1466 1182 1533 dictum,
1213 1465 1310 1521 sed
1341 1464 1515 1520 etiam
1542 1465 1760 1519 factum
1780 1462 1910 1530 fuit,

263 1559 380 1615 duo
411 1561 793 1615 Testamenta
819 1555 1197 1628 intelligenda
1230 1552 1609 1620 monstravit;
1636 1552 1790 1625 quod
1808 1568 1911 1606 an-

259 1654 503 1720 tequam
540 1650 872 1719 exponeret,
906 1645 1224 1700 obscurum
1251 1641 1618 1715 fuitproindo
1636 1640 1913 1712 allegoria

258 1736 418 1804 talis,
451 1736 603 1808 quod
640 1740 729 1792 est
759 1732 1029 1807 generale
1062 1749 1297 1801 nomen,
1332 1735 1530 1803 posset
1575 1729 1906 1803 specialiter

262 1827 513 1897 aenigma
545 1824 857 1880 nominari.

338 1915 425 1970 16.
458 1914 569 1969 Sed
602 1913 739 1985 quia
772 1930 884 1967 non
924 1911 1029 1967 soli
1063 1910 1162 1982 qui
1194 1927 1291 1965 eas
1339 1908 1567 1965 litteras
1618 1908 1906 1979 nesciunt,

264 2004 481 2076 quibus
506 2002 1272 2073 discunturtrOpi,quzerunt
1291 1998 1426 2069 quid
1441 1997 1906 2068 dixeritAposto-

260 2094 378 2159 lus,
402 2108 559 2148 nunc
579 2090 636 2145 in
666 2091 974 2162 aenigmate
999 2106 1102 2144 nos
1128 2088 1347 2154 videre;
1374 2102 1573 2141 verum
1600 2085 1771 2140 etiam
1808 2084 1905 2156 qui

262 2182 477 2246 sciunt,
510 2184 704 2236 tamen
733 2179 887 2250 quod
912 2178 987 2233 sit
1018 2176 1158 2231 illud
1187 2176 1436 2248 aenigma
1456 2174 1551 2229 ubi
1571 2191 1725 2229 nunc
1747 2173 1904 2228 viale-

263 2288 420 2339 mus,
452 2286 622 2326 nosse
648 2267 1012 2323 desiderant:
1045 2282 1113 2321 ex
1145 2268 1389 2335 utroque
1418 2262 1764 2318 invenienda
1790 2278 1905 2317 una

258 2364 350 2415 est
379 2358 697 2422 sententia;
732 2360 789 2411 et
819 2372 885 2411 ex
915 2354 1013 2409 illo
1043 2352 1264 2409 scilicet
1306 2352 1460 2424 quod
1493 2351 1592 2421 ait,
1658 2350 1903 2407 Videmus

256 2447 797 2520 nuncperspecutum
819 2465 838 2512 ,-
860 2447 917 2500 et
930 2442 1122 2499 existo
1149 2442 1302 2514 quod
1326 2439 1572 2512 addit,in
1585 2442 1899 2511 auzigmate.

259 2540 381 2596 Una
411 2542 501 2594 est
531 2536 685 2592 enim
717 2550 849 2589 cum
868 2536 986 2588 tota
1006 2531 1090 2587 sic
1108 2530 1342 2594 dicitur,
1368 2528 1620 2586 Vide-mus
1637 2546 1785 2584 nunc
1803 2546 1903 2600 per

253 2627 537 2701 speculum
567 2626 961 2696 inaenigmate.
982 2620 1251 2689 Proinde,
1274 2622 1558 2691 quantum
1588 2617 1901 2674 mihivide-

254 2722 371 2785 tur,
404 2716 556 2772 sicut
585 2714 823 2770 nomine
840 2709 1059 2781 speculi
1079 2708 1393 2781 imaginem
1415 2707 1593 2762 voluit
1619 2706 1895 2778 intelligi;

255 2804 581 2862 itanomine
598 2800 925 2873 aanigmatis
939 2797 1204 2870 quamvis
1224 2796 1896 2861 similitudinem,tamen

254 2891 731 2963 obscuram,etad
752 2887 1217 2961 perspiciendum
1233 2884 1701 2940 difﬁcilem.Cum
1719 2884 1898 2956 igitur

252 2984 477 3058 speculi
509 2988 565 3039 et
587 2978 914 3052 aenigmatis
944 2977 1177 3033 nomine
1208 2990 1591 3047 quacumque
1621 2974 1895 3029 similitu-

252 3075 423 3130 dines
455 3074 525 3128 ab
556 3066 828 3143 Apostolo
859 3066 1194 3138 significata:
1224 3063 1466 3135 intelligi
1495 3064 1739 3135 possint,
1766 3081 1892 3136 qua:

252 3161 704 3220 accommodatae
728 3160 867 3213 sunt
882 3156 952 3211 ad
972 3153 1415 3226 intelligendum
1430 3152 1704 3223 Deum,eo
1722 3152 1892 3210 modo

250 3269 369 3324 quo
393 3253 611 3323 potest;
633 3245 777 3302 nihil
804 3251 997 3300 tamen
1021 3249 1106 3299 est
1129 3240 1817 3312 accommodatiusquam
1835 3241 1890 3297 id

248 3341 403 3414 quod
436 3340 628 3410 imago
660 3337 787 3408 ejus
821 3352 936 3389 non
968 3332 1187 3387 frustra
1220 3330 1451 3386 dicitur.
1484 3334 1666 3386 Nemo
1694 3330 1893 3402 itaque

248 3430 498 3486 miretur
519 3427 695 3483 etiam
720 3428 776 3480 in
795 3424 905 3479 isto
921 3422 1091 3477 modo
1113 3419 1346 3475 videndi
1362 3420 1462 3492 qui
1482 3436 1795 3475 concessus
1808 3424 1897 3476 est

245 3519 388 3575 huic
404 3518 659 3587 vitae,per
671 3512 971 3586 speculum
992 3509 1211 3566 scilicet
1228 3509 1283 3563 in
1298 3508 1895 3580 aanigmatedaborare

249 3625 361 3664 nos
374 3611 437 3663 ut
454 3604 1001 3678 quomodocumque
1014 3598 1559 3654 videamus.Nomen
1575 3597 1790 3670 quippe
1803 3597 1898 3653 hic

251 3713 371 3753 non
396 3697 628 3751 sonaret
649 3689 997 3765 mnigmatis,
1016 3689 1060 3743 si
1086 3690 1239 3744 esset
1263 3685 1506 3741 facilitas
1524 3686 1784 3742 visionis.
1829 3686 1899 3741 Et

250 3786 365 3842 hoc
385 3790 473 3841 est
494 3781 776 3856 grandius
800 3779 1069 3850 aenigma,
1085 3775 1761 3846 utnouvideamusquod
1783 3792 1897 3831 non

249 3874 449 3932 videre
471 3888 583 3927 non
609 3865 1090 3942 possumus.Quis
1112 3865 1268 3920 enim
1289 3881 1403 3920 non
1430 3864 1584 3919 videt
1603 3862 1903 3935 cogitatio-

254 3978 393 4018 nem
428 3976 595 4017 suam
616 3959 643 4012 ‘I
673 3963 728 4013 et
760 3956 893 4029 quis
924 3955 1078 4011 videt
1108 3952 1518 4025 cogitationem
1552 3970 1744 4019 suam,
1785 3970 1900 4008 non

254 4048 445 4108 oculis
468 4047 797 4105 carnalibus
813 4045 961 4115 dico,
986 4044 1084 4099 sed
1105 4042 1231 4113 ipso
1255 4041 1525 4096 interiore
1546 4046 1859 4113 conspectu
1877 4039 1904 4095 ?

254 4137 400 4206 Quis
432 4154 544 4193 non
565 4153 693 4192 eam
724 4134 896 4204 videt,
922 4136 976 4188 et
998 4132 1131 4203 quis
1154 4147 1280 4186 eam
1315 4130 1506 4185 videt?
1528 4130 1905 4201 Quandoqui-

255 4229 394 4283 dem
425 4225 697 4299 cogitatio
730 4223 873 4278 visio
905 4225 996 4276 est
1026 4219 1204 4275 animi
1240 4219 1527 4290 quaedam,
1562 4218 1682 4274 sive
1708 4218 1907 4274 adsint

254 4334 325 4374 ea
358 4333 483 4388 quae
515 4313 701 4370 oculis
733 4327 961 4384 quoque
991 4307 1390 4381 corporalibus
1445 4306 1772 4372 videantur,
1820 4307 1906 4363 vel

256 4404 484 4462 caeteris
501 4404 835 4459 sentiantur
847 4397 1268 4463 sensibus,sive
1291 4413 1402 4451 non
1418 4396 1908 4462 adsint,eteorum

255 4492 685 4553 similitudines
699 4489 1049 4562 cogitatione
1063 4486 1527 4542 cernantur-:sive
1544 4484 1686 4539 nihil
1707 4501 1908 4540 eorum

257 4584 364 4640 sed
397 4599 464 4638 ea
486 4581 815 4654 cogitentur
846 4594 972 4649 quas
1004 4591 1111 4632 nec
1142 4564 1464 4646 corpOralia
1481 4576 1639 4639 sunt,
1661 4590 1764 4628 nec
1786 4590 1911 4628 cor-

262 4671 555 4745 poralium
579 4667 1018 4734 similitudines,
1051 4664 1202 4720 sicut
1232 4663 1475 4718 virtutes
1499 4668 1554 4719 et
1574 4662 1736 4730 vitia,
1761 4662 1914 4719 sicut

260 4762 395 4833 ipsa
424 4759 673 4830 denique
707 4754 981 4829 cogitatio
1012 4753 1335 4825 cogitatur;
1371 4751 1489 4807 sive
1520 4751 1620 4806 illa
1652 4767 1780 4823 qua:
1812 4766 1914 4822 per

262 4842 1338 4920 disciplinastradunturliberalesque
1352 4840 1649 4895 doctrinas
1667 4858 1678 4906 ;
1706 4840 1822 4895 sive
1842 4838 1916 4895 is-

264 4946 464 4996 torum
490 4934 753 4991 omnium
786 4951 972 4989 causa:
1006 4931 1334 5003 superiores
1366 4935 1540 5000 atque
1573 4931 1824 4984 rationes
1855 4928 1915 4984 in

266 5032 481 5083 natura
510 5022 863 5079 immutabili
897 5020 1258 5093 cogitentur:
1291 5017 1412 5073 sive
1449 5016 1625 5072 etiam
1660 5016 1813 5071 mala
1862 5020 1919 5071 et

266 5134 445 5184 vana,
478 5132 544 5171 ac
606 5113 751 5169 falsa
808 5112 1151 5183 cogitemus,
1211 5105 1297 5161 vel
1357 5123 1471 5161 non
1524 5106 1919 5162 consentiente

268 5221 473 5271 sensu,
505 5202 594 5257 vel
624 5205 854 5257 errante
887 5214 1199 5255 consensu.

348 5292 577 5349 CAPUT
611 5291 671 5346 Χ.
695 5322 762 5330 -
785 5289 871 5344 l7.
894 5289 967 5343 De
999 5286 1154 5343 verbo
1182 5286 1382 5341 mentis
1416 5285 1492 5352 in,
1528 5299 1631 5355 quo
1657 5286 1921 5357 tanquam

270 5382 491 5455 speculo
523 5388 575 5435 et
598 5382 902 5452 aenigmate
930 5376 1172 5431 videmus
1208 5374 1434 5429 Verbum
1470 5375 1588 5427 Dei.
1623 5372 1731 5427 Sed
1768 5388 1923 5428 nunc

272 5473 350 5529 de
368 5471 440 5527 iis
463 5470 777 5541 loquamur
800 5483 927 5539 quae
951 5469 1084 5521 nota
1102 5463 1445 5536 cogitamus,
1466 5466 1524 5516 et
1557 5460 1843 5516 habemus
1865 5461 1924 5517 in

276 5560 491 5618 notitia
512 5557 683 5615 etiam
708 5557 758 5613 si
781 5573 895 5612 non
912 5554 1256 5627 cogitemus,
1280 5553 1401 5609 sive
1426 5551 1493 5606 ad
1519 5550 1925 5622 contemplati.

271 5666 409 5709 vam
425 5647 731 5705 scientiam
747 5639 1519 5719 pertineant,quamproprie
1532 5637 1923 5712 sapientiam’,

346 5776 361 5809 ¹
396 5772 624 5833 Quidam
651 5770 880 5833 codices,
912 5768 1031 5833 duae
1051 5766 1197 5833 filias.

344 5827 445 5890 ιιῑι
475 5834 686 5889 excusis
711 5827 952 5885 additum
980 5827 1066 5882 hic
1094 5832 1226 5893 erat,
1258 5827 1492 5881 dicimus.

1478 441 1702 501 LIBER
1755 440 2098 512 QUINTUS
2149 441 2513 504 DECIMUS.

3520 439 3675 502 1070

2031 574 2150 629 sive
2171 576 2241 630 ad
2266 577 2719 648 activam,quam
2742 579 2973 651 proprie
2991 578 3298 635 scientiam
3316 594 3674 650 nuncupan-

2028 664 2161 717 dam
2184 680 2311 719 esse
2337 664 2803 723 disserui.Simul
2825 668 2981 723 enim
3006 672 3322 740 utrumque
3347 667 3558 724 mentis
3580 673 3670 723 est

2028 751 2224 821 unius,
2251 756 2306 808 et
2327 754 2518 827 imago
2541 755 2639 810 Dei
2669 774 2801 812 una.
2831 756 2976 813 Cum
2999 774 3129 813 vero
3152 757 3220 813 de
3256 756 3527 813 inferiore
3557 756 3674 812 dis-

2029 841 2268 897 tinctius
2301 846 2358 898 et
2389 859 2654 899 seorsum
2687 844 2902 918 agitur,
2936 850 3075 902 tunc
3107 863 3223 901 non
3271 851 3360 902 est
3407 846 3666 903 vocanda

2028 929 2221 1001 imago
2242 931 2629 1002 Dei,quamvis
2651 937 2707 989 et
2722 937 2857 989 tunc
2880 934 2936 989 in
2961 952 3027 991 ea
3049 934 3331 991 nonnulla
3346 936 3672 1008 reperiatur

2027 1018 2349 1075 similitudo
2373 1020 2530 1076 illius
2548 1022 2885 1092 Trinitatis;
2912 1024 3065 1095 quod
3084 1025 3141 1079 in
3155 1024 3322 1081 tertio
3336 1024 3558 1079 decimo
3579 1041 3669 1080 vo-

2026 1106 2246 1163 lumine
2277 1110 2642 1166 ostendimus
2691 1110 2845 1184 (Cap.
2896 1113 2945 1181 1,
2978 1114 3093 1183 20).
3126 1113 3291 1168 Nunc
3324 1129 3459 1186 ergo
3490 1112 3670 1169 simul

2024 1196 2093 1252 de
2113 1198 2385 1255 universa
2406 1199 2650 1255 scientia
2667 1200 2924 1257 hominis
2946 1201 3266 1274 loquimur,
3289 1202 3346 1256 in
3364 1218 3481 1275 qua
3499 1200 3668 1257 nobis

2025 1290 2161 1341 nota
2191 1290 2328 1343 sunt
2357 1304 2738 1360 quaecumque
2769 1294 2907 1346 sunt
2938 1295 3112 1347 nota:
3148 1308 3273 1363 quis
3293 1290 3496 1363 utique
3532 1305 3671 1347 vera

2022 1380 2182 1445 sunt,
2214 1375 2473 1448 alioquin
2507 1382 2646 1433 nota
2676 1395 2789 1434 non
2822 1384 3036 1435 essent.
3081 1379 3263 1436 Nemo
3309 1380 3466 1436 enim
3519 1379 3670 1435 falsa

2023 1463 2200 1532 novit,
2226 1464 2337 1520 nisi
2361 1481 2494 1521 cum
2520 1466 2804 1524 lalsaesse
2821 1469 3009 1525 novit:
3037 1468 3192 1540 quod
3206 1468 3255 1525 si
3280 1469 3664 1540 novit,verum

2020 1552 2215 1621 novit;
2249 1570 2449 1609 verum
2483 1558 2572 1610 est
2602 1554 2757 1610 enim
2791 1557 2945 1628 quod
2979 1556 3078 1613 illa
3108 1555 3255 1613 falsa
3284 1557 3424 1614 sint.
3456 1558 3536 1614 De
3568 1556 3662 1614 his

2022 1656 2157 1712 ergo
2190 1658 2344 1696 nunc
2377 1641 2722 1699 disserimus
2753 1661 2880 1716 quae
2914 1648 3048 1700 nota
3074 1644 3424 1718 cogitamus,
3451 1650 3507 1702 et
3528 1650 3666 1701 nota

2020 1734 2159 1784 sunt
2180 1729 2347 1785 nobis
2370 1731 2543 1786 etiam
2563 1731 2611 1786 si
2636 1749 2747 1787 non
2772 1734 3145 1805 cogitentura
3164 1735 3350 1791 nobis.
3375 1735 3484 1791 Sed
3511 1739 3665 1791 certe

2019 1817 2066 1873 si
2098 1834 2165 1874 ea
2196 1818 2385 1874 dicere
2416 1819 2685 1889 velimus,
2720 1820 2832 1876 nisi
2866 1822 3117 1894 cogitata
3156 1839 3270 1879 non
3317 1840 3657 1894 possumus.

2014 1906 2158 1962 Nam
2175 1907 2468 1963 etsiverba
2483 1924 2595 1963 non
2622 1915 2854 1979 sonent,
2878 1910 2937 1964 in
2971 1912 3140 1966 corde
3166 1913 3425 1969 suodicit
3458 1914 3657 1985 utique

2016 1995 2114 2065 qui
2134 1996 2690 2067 cogitat.Undeillud
2711 2002 2798 2053 est
2816 1998 2871 2052 in
2889 1998 3033 2054 libro
3048 2000 3661 2073 Sapientiezvixerunt

2016 2084 2166 2155 apud
2196 2101 2253 2139 se
2280 2087 2575 2156 cogitantes
2606 2102 2713 2142 non
2760 2096 2902 2143 recte
2947 2088 3099 2160 (Sap.
3153 2106 3213 2161 ii,
3266 2090 3338 2162 1).
3383 2091 3662 2163 Exposuit

2013 2172 2166 2227 enim
2194 2173 2332 2243 quid
2363 2174 2460 2240 sit,
2486 2174 2758 2229 Dixerunt
2781 2176 2932 2247 apud
2950 2193 3026 2247 se,
3048 2194 3179 2232 cum
3212 2180 3460 2249 addidit,
3505 2196 3657 2252 cogi-

2011 2266 2213 2315 tantes.
2249 2261 2393 2317 Huic
2424 2262 2618 2318 simile
2647 2268 2737 2319 est
2766 2263 2823 2319 in
2866 2266 3193 2338 Evangelio,
3239 2268 3391 2339 quod
3422 2270 3659 2340 quidam

2009 2350 2221 2405 Scriba:
2245 2367 2379 2406 cum
2404 2352 2710 2407 audissent
2741 2369 2775 2407 a
2802 2352 3048 2410 Domino
3066 2353 3286 2410 dictum
3310 2356 3651 2430 paralytico,

2012 2438 2249 2510 Con/ide,
2281 2439 2386 2510 ﬁli,
2423 2442 2789 2496 remittuntur
2821 2442 2924 2497 tibi
2968 2452 3190 2514 peccata
3231 2449 3355 2500 tua:
3392 2446 3655 2504 dixerunt

2008 2530 2151 2583 intra
2172 2544 2251 2594 se,
2275 2529 2372 2583 Hic
2393 2528 2747 2600 blasphemat.
2774 2530 2919 2594 Quid
2943 2536 3031 2586 est
3060 2532 3237 2603 enim,
3264 2533 3531 2590 dixerunt
3571 2538 3656 2592 in-

2007 2619 2093 2672 tra
2114 2634 2188 2681 se,
2214 2616 2325 2673 nisi
2358 2618 2714 2689 cogitando?
2760 2618 3021 2691 Denique
3069 2621 3353 2693 sequitur,
3405 2625 3469 2678 Et
3518 2642 3641 2681 cum

2005 2704 2228 2761 vidisset
2242 2707 2395 2761 Iesus
2422 2708 2775 2775 cogitationes
2794 2725 3008 2776 eorum,
3030 2709 3175 2765 dixit
3188 2728 3206 2764 .·
3256 2713 3454 2784 thuid
3500 2716 3646 2785 cogi-

2004 2796 2132 2849 tatis
2155 2799 2301 2849 mata
2325 2797 2383 2849 in
2425 2796 2682 2850 cordibus
2708 2799 2903 2852 vestris
2952 2799 3161 2867 (Matth.
3213 2817 3288 2869 ix,
3335 2802 3505 2873 2-4)?
3553 2803 3648 2858 Sic

2003 2884 2327 2940 Matthaaus.
2351 2884 2532 2940 Lucas
2555 2889 2746 2941 autem
2769 2885 2875 2941 hoc
2894 2886 3049 2943 idem
3076 2888 3155 2943 ita
3187 2895 3411 2945 narrat:
3458 2894 3643 2963 Carpe-

2000 2975 2387 3043 runtcogitare
2402 2974 2608 3029 Scribe
2628 2983 2678 3029 et
2697 2973 2997 3035 Pharisaei.
3021 2977 3285 3033 dicentes:
3308 2980 3439 3046 Quis
3453 2986 3530 3035 est
3552 2983 3642 3037 hic

1999 3068 2095 3140 qui
2110 3065 2358 3137 loquitur
2372 3063 2766 3134 btasphemias?
2787 3065 2918 3133 Quis
2937 3069 3107 3137 potest
3125 3066 3401 3124 dimittere
3417 3075 3640 3140 peccata

1997 3157 2117 3212 nisi
2143 3155 2287 3210 solus
2307 3158 2449 3208 Deus
2465 3154 2565 3209 θυι
2592 3156 3034 3224 cognovitautem
3059 3158 3419 3226 cogitationes
3444 3178 3635 3220 eorum

1995 3249 2175 3315 Iesus,
2206 3242 2533 3315 respondens
2577 3242 2720 3298 dixit
2760 3242 2832 3298 ad
2878 3244 3039 3300 illos:
3089 3246 3231 3315 Quid
3276 3251 3538 3323 cogitatis
3576 3255 3640 3309 in

1997 3334 2251 3390 cordibus
2272 3333 2469 3387 vestris
2500 3331 2649 3402 (Luc.
2676 3349 2728 3402 v,
2751 3332 2842 3399 21,
2882 3333 3013 3403 22)?
3049 3334 3226 3401 Quale
3274 3344 3363 3394 est
3397 3339 3454 3394 in
3488 3341 3639 3399 libro

2001 3422 2325 3494 Sapientia,
2350 3422 2957 3491 Dz‘xcruntcogitantes;
2978 3424 3091 3479 tale
3114 3424 3208 3480 hic
3232 3430 3339 3493 est,
3362 3431 3643 3500 Cogitave-

2003 3519 2131 3566 runt
2158 3510 2413 3566 dicentes.
2441 3511 2509 3564 Et
2526 3508 2642 3564 illic
2664 3509 2818 3564 enim
2842 3514 2899 3566 et
2919 3510 3014 3565 hic
3034 3514 3385 3583 ostenditur,
3404 3516 3559 3575 intra
3581 3533 3645 3576 se

2003 3606 2178 3672 atque
2199 3599 2257 3653 in
2285 3598 2456 3654 corde
2479 3614 2585 3653 suo
2618 3597 2828 3666 dicere,
2862 3600 2918 3654 id
2950 3604 3058 3665 est,
3092 3601 3397 3675 cogitando
3430 3606 3644 3665 dicere.

2003 3689 2286 3745 Dixerunt
2306 3686 2521 3759 quippe
2552 3686 2707 3743 intra
2736 3703 2818 3758 sc,
2851 3692 2907 3743 et
2937 3687 3156 3745 dictum
3208 3696 3298 3747 est
3350 3693 3457 3763 eis,
3507 3697 3649 3765 Quid

2004 3776 2302 3850 cogitatis?
2324 3776 2393 3831 Et
2424 3776 2493 3831 de
2552 3775 2651 3831 illo
2709 3775 2883 3831 divite
2942 3778 3113 3849 cujus
3164 3780 3373 3838 uberes
3421 3784 3648 3842 fructus

2007 3883 2142 3939 ager
2168 3864 2383 3934 attulit,
2414 3864 2496 3920 ait
2525 3864 2651 3936 ipse
2684 3865 2985 3937 Dominus,
3022 3868 3082 3922 Et
3108 3870 3383 3939 cogitabat
3405 3874 3557 3929 intra
3572 3890 3646 3943 se,

2006 3955 2194 4012 dicens
2215 3955 2315 4027 (Id.
2350 3971 2451 4022 xu,
2486 3954 2596 4026 17).

2082 4045 2166 4099 l8.
2200 4043 2474 4107 Qumdam
2525 4058 2661 4115 ergo
2710 4042 3089 4115 cogitationes
3139 4045 3460 4106 locutiones
3509 4056 3649 4108 sunt

2010 4133 2221 4202 cordis,
2256 4131 2357 4187 ubi
2397 4134 2453 4187 et
2479 4149 2543 4187 os
2574 4147 2701 4187 esse
2731 4131 3017 4189 Dominus
3048 4137 3319 4204 ostendit,
3353 4154 3487 4194 cum
3538 4141 3643 4198 ait:

2010 4223 2123 4279 Non
2155 4220 2295 4293 quod
2324 4222 2506 4276 intrat
2522 4222 2580 4275 in
2600 4236 2656 4275 os
2686 4222 3004 4292 coinquinat
3025 4221 3305 4279 hominem
3325 4242 3346 4287 ;
3387 4228 3478 4282 sed
3504 4230 3654 4300 quod

2007 4312 2251 4384 procedit
2262 4326 2331 4366 etc
2350 4309 2568 4379 ore,hoc
2586 4310 3349 4380 coinquinathominem.Una
3360 4318 3654 4373 sententia

2015 4401 2128 4455 duo
2156 4398 2417 4469 quaedam
2443 4397 2699 4452 hominis
2718 4414 2818 4453 ora
2835 4397 3171 4471 complexus
3188 4405 3294 4472 est,
3322 4419 3503 4459 unum
3528 4421 3653 4462 cor-

2016 4487 2448 4561 poris,alterum
2472 4486 2834 4543 cordis.Nam
2860 4487 3062 4558 utique
3085 4490 3237 4545 unde
3262 4489 3657 4550 illihominem

2018 4580 2366 4649 putaverant
2396 4575 2713 4646 inquinari,
2747 4574 2804 4629 in
2852 4592 2915 4631 os
2947 4575 3126 4632 intrat
3173 4580 3471 4652 corporis:
3504 4583 3660 4639 unde

2018 4671 2213 4721 autem
2240 4664 2525 4720 Dominus
2546 4662 2691 4718 dixit
2711 4663 3008 4736 inquinari
3030 4664 3351 4735 hominem,
3378 4670 3446 4725 de
3469 4671 3660 4729 cordis

2020 4768 2117 4808 ore
2135 4751 2413 4823 procedit.
2443 4751 2526 4805 Ita
2550 4748 2763 4822 quippe
2785 4751 3053 4823 exposuit
3075 4752 3200 4825 ipse
3230 4756 3383 4825 quod
3416 4757 3660 4813 dixerat.

2020 4840 2164 4896 Nam
2199 4838 2372 4911 paulo
2396 4841 2526 4910 post
2547 4838 2616 4894 de
2648 4839 2755 4893 hac
2787 4855 2847 4894 re
2876 4839 3182 4912 discipulis
3214 4842 3377 4898 suis:
3411 4845 3668 4901 Adhucet

2025 4946 2132 4995 vos,
2166 4927 2377 4999 inquit,
2398 4930 2519 4983 sine
2538 4928 2817 4983 intellectu
2835 4930 3005 4984 estis?
3032 4930 3146 4985 Non
3179 4932 3490 5001 intelligitis
3519 4951 3667 5006 quia

2022 5034 2179 5074 omne
2200 5015 2339 5088 quod
2356 5017 2417 5071 in
2438 5032 2495 5072 os
2520 5017 2713 5083 intrat,
2737 5016 2796 5071 in
2822 5020 3061 5073 ventrem
3080 5018 3305 5087 vadit,et
3320 5022 3378 5075 in
3400 5038 3669 5078 secessum

2023 5107 2329 5162 emittitur?
2370 5104 2472 5159 Hic
2520 5110 2673 5161 certe
2732 5105 3100 5177 apertissime
3140 5108 3557 5166 demonstravit
3605 5126 3671 5168 os

2029 5192 2389 5266 corporis.At
2412 5192 2467 5248 in
2491 5210 2557 5249 eo
2571 5195 2724 5264 quod
2750 5194 3015 5264 sequitur
3034 5210 3097 5249 os
3116 5197 3308 5253 cordis
3330 5200 3668 5256 ostendens.

2034 5285 2160 5353 Quz
2186 5291 2386 5349 autem,
2409 5283 2619 5353 inquit,
2642 5282 2941 5354 procedunt
2960 5282 3025 5338 de
3044 5300 3154 5349 ore,
3178 5284 3241 5340 de
3266 5285 3426 5342 corde
3448 5294 3671 5359 exeunt,

2031 5382 2083 5429 et
2103 5389 2164 5428 ea
2186 5373 2540 5443 coinquinant
2561 5371 2945 5427 hominem.De
2956 5373 3120 5428 corde
3138 5374 3285 5429 enim
3305 5382 3505 5431 exeunt
3533 5376 3678 5447 cogi-

2030 5463 2267 5518 tationes
2294 5459 2468 5517 τηαιω
2499 5460 2704 5532 (Matth.
2729 5478 2823 5528 xv,
2866 5461 3067 5533 10-20),
3110 5466 3219 5519 etc.
3267 5465 3413 5530 Quid
3444 5465 3547 5521 hac
3580 5483 3676 5524 ex-

2033 5550 2319 5623 positione
2334 5548 2587 5604 lucidius
2602 5547 2629 5601 ?
2649 5548 2763 5603 Nec
2786 5552 2979 5604 tamen
3000 5550 3136 5621 quia
3159 5551 3411 5608 dicimus
3443 5553 3683 5614 locutio-

2032 5654 2135 5694 nes
2166 5638 2358 5693 cordis
2387 5652 2515 5693 esse
2543 5636 2948 5709 cogitationes,
2981 5637 3110 5694 ideo
3143 5655 3257 5696 non
3308 5645 3448 5698 sunt
3499 5644 3681 5703 etiam

2032 5727 2287 5784 visiones
2311 5732 2517 5783 exortae
2543 5725 2613 5782 de
2639 5726 2859 5782 notitia:
2892 5726 3235 5799 visionibus,
3265 5730 3501 5802 quando
3535 5748 3682 5792 versa

2036 5820 2194 5877 eunt.
2223 5814 2381 5876 Foris
2408 5813 2563 5874 enim
2585 5833 2718 5873 cum
2742 5833 2844 5892 per
2865 5830 3077 5893 corpus
3097 5816 3219 5877 haec
3241 5819 3575 5889 tiunt,aliud
3598 5827 3690 5885 est
