4160 6506
509 386 660 445 1071

505 516 742 585 locutio,
776 516 932 573 aliud
964 516 1149 572 visio:
1182 515 1341 570 intus
1380 521 1577 569 autem
1609 529 1743 568 cum
1802 512 2154 584 cogitamus,

511 610 828 677 utrumque
851 621 1033 661 unum
1048 608 1153 660 est.
1188 602 1580 659 Sicutauditio
1596 605 1651 657 et
1664 600 1808 657 visio
1833 601 1975 669 Eduo
1998 616 2154 672 quae-

512 696 648 749 dam
672 698 810 749 sunt
835 693 985 748 inter
1009 710 1071 749 se
1089 692 1363 748 distantia
1385 692 1442 747 in
1468 691 1741 747 sensibus
1783 688 2063 761 corporis,
2095 687 2155 743 in

516 782 710 838 animo
729 786 922 837 autem
945 798 1059 837 non
1083 787 1171 836 est
1195 781 1352 836 aliud
1379 785 1551 852 atque
1574 779 1730 835 aliud
1753 777 1948 834 videre
1962 780 2017 832 et
2053 793 2156 832 au-

518 869 669 925 dire:
696 887 760 925 ac
784 887 883 941 per
903 869 1011 925 hoc
1034 886 1166 925 cum
1186 868 1399 925 locutio
1427 868 1567 924 foris
1592 884 1705 924 non
1727 866 2012 935 videatur,
2055 864 2156 920 sed

520 957 714 1029 potius
730 957 1347 1028 audiatur,locutiones
1361 962 1557 1013 tamen
1580 955 1903 1023 interiores,
1926 954 2035 1009 hoc
2048 956 2154 1021 est,

522 1045 901 1116 cogitationes
932 1047 1085 1102 visas
1107 1046 1251 1101 dixit
1280 1062 1313 1101 a
1342 1046 1587 1101 Domino
1612 1047 1879 1100 sanctum
1901 1043 2158 1112 Evange-

520 1133 691 1203 lium,
723 1150 840 1188 non
872 1135 1139 1191 auditas:
1175 1135 1460 1202 Dixerunt,
1494 1132 1702 1205 inquit,
1737 1134 1890 1188 intra
1940 1148 2016 1199 se,
2065 1131 2163 1185 Hic

525 1222 890 1294 blasphemat:
922 1223 1131 1279 deinde
1162 1223 1495 1294 subjunxit:
1531 1224 1594 1277 Et
1615 1238 1739 1277 cum
1764 1221 1986 1277 vidisset
2006 1221 2161 1276 Iesus

521 1310 874 1382 cogitationes
904 1328 1109 1367 eorum.
1144 1312 1299 1367 Vidit
1329 1327 1465 1383 ergo
1507 1328 1632 1383 qua:
1673 1311 1964 1366 dixerunt.
2014 1307 2166 1365 Vidit

522 1401 677 1455 enim
710 1400 1057 1472 cogitatione
1088 1417 1194 1456 sua
1225 1399 1605 1469 cogitationes
1636 1415 1860 1469 eorum,
1894 1413 2041 1469 quas
2079 1394 2163 1451 illi

524 1488 632 1544 soli
664 1505 726 1543 se
757 1488 1041 1559 putabant
1068 1488 1281 1544 videre.

592 1576 682 1630 49.
707 1575 983 1648 Quisquis
1005 1575 1184 1648 igitur
1206 1579 1398 1648 potest
1420 1575 1742 1649 intelligere
1762 1575 2024 1646 verbum,
2049 1590 2165 1630 non

526 1663 715 1721 solum
735 1669 1047 1736 antequam
1064 1670 1456 1736 sonet,verum
1471 1664 1645 1721 etiam
1661 1668 1977 1737 antequam
1995 1679 2165 1720 sono-

526 1771 657 1809 rum
682 1755 809 1824 ejus
833 1753 1121 1825 imagines
1141 1753 1487 1825 cogitatione
1517 1752 1820 1809 volvantur
1843 1771 1855 1806 :
1882 1752 1990 1808 hoc
2011 1751 2166 1807 enim

528 1848 617 1897 est
639 1843 791 1914 quod
816 1843 887 1897 ad
912 1842 1132 1897 nullam
1157 1842 1407 1913 pertinet
1430 1840 1923 1914 linguam,earum
1948 1840 2170 1896 scilicet

531 1949 661 2003 quae
691 1931 903 2003 linguas
935 1931 1300 2003 appellantur
1341 1932 1626 2002 gentium,
1680 1949 1930 2003 quarum
1971 1934 2169 1986 nostra

528 2020 710 2075 latina
725 2026 810 2075 est
834 2038 845 2075 :
872 2020 1162 2091 quisquis,
1185 2020 1447 2091 inquam,
1473 2020 1580 2075 hoc
1605 2019 1927 2093 intelligere
1958 2023 2164 2091 potest,

521 2109 644 2179 jam
661 2113 850 2181 potest
871 2110 1063 2165 videre
1076 2126 1177 2179 per
1197 2109 1304 2164 hoc
1326 2108 1628 2181 speculum
1644 2115 1814 2180 atque
1832 2108 2014 2163 inhoc
2038 2107 2171 2163 aeni-

529 2202 723 2271 gmate
738 2196 992 2269 aliquam
1016 2197 1362 2253 Verbiillius
1383 2197 1927 2264 similitudinem,de
1948 2214 2063 2269 quo
2080 2197 2168 2251 diâ€”

529 2289 687 2343 ctum
720 2290 828 2354 est,
858 2288 918 2342 In
949 2288 1230 2359 principio
1260 2292 1383 2343 erat
1419 2287 1664 2355 Verbum,
1694 2291 1743 2343 et
1778 2286 2005 2343 Verbum
2053 2293 2171 2341 erat

527 2375 672 2448 apud
695 2376 887 2443 Deum,
913 2376 1119 2431 etDeus
1138 2381 1258 2431 erat
1284 2376 1519 2432 Verbum
1542 2377 1717 2449 (Joan.
1742 2375 1875 2448 1,4).
1922 2376 2170 2431 Necesse

529 2468 617 2520 est
638 2464 793 2520 enim
816 2480 949 2519 cum
974 2481 1172 2520 verum
1199 2464 1519 2536 loquimur,
1551 2464 1609 2519 id
1642 2470 1750 2536 est,
1775 2465 1929 2535 quod
1949 2463 2170 2519 scimus

530 2552 847 2625 loquimur,
881 2569 949 2608 ex
972 2553 1099 2626 ipsa
1118 2553 1359 2609 scientia
1377 2571 1553 2625 quam
1569 2552 1851 2609 memoria
1881 2557 2168 2621 tenemus,

530 2644 807 2697 nascatur
824 2643 1061 2697 verbum
1087 2642 1238 2713 quod
1263 2643 1549 2712 ejusmodi
1572 2642 1649 2698 sit
1682 2642 1940 2711 omnino,
1973 2642 2170 2712 cujus-

532 2731 691 2786 modi
707 2729 904 2785 estilla
916 2730 1159 2787 scientia
1172 2731 1242 2786 de
1256 2748 1371 2802 qua
1384 2732 1662 2787 nascitur.
1680 2732 1945 2787 Formata
1957 2731 2174 2803 quippe

533 2819 808 2891 cogitatio
826 2820 896 2874 ab
920 2836 988 2875 ea
1004 2837 1063 2876 re
1087 2837 1262 2891 quam
1290 2820 1531 2888 scimus,
1554 2821 1795 2876 verbum
1816 2826 1901 2876 est
1925 2820 2077 2891 quod
2111 2819 2171 2874 in

533 2909 704 2963 corde
726 2909 1182 2979 dicimuszquod
1217 2926 1317 2964 nec
1349 2926 1601 2981 graecum
1635 2914 1740 2979 est,
1770 2926 1873 2965 nec
1896 2908 2169 2975 latinum,

534 3013 639 3053 nec
660 2996 871 3069 linguae
894 2996 1145 3068 alicujus
1168 2996 1442 3067 alterius;
1478 2999 1578 3053 sed
1601 3015 1734 3053 cum
1752 2997 1809 3053 id
1832 3015 1978 3070 opus
2001 3003 2089 3052 est
2112 2998 2171 3052 in

537 3102 737 3142 eorum
771 3087 988 3157 quibus
1020 3086 1317 3158 loquimur
1349 3089 1599 3159 perferre
1621 3086 1911 3155 notitiam,
1937 3087 2171 3159 aliquod

535 3175 769 3246 signum
804 3191 918 3246 quo
949 3174 1316 3247 significetur
1345 3176 1689 3231 assumitur.
1720 3177 1788 3231 Et
1828 3176 2173 3249 plerumque

535 3280 736 3333 sonus,
753 3263 1067 3336 aliquando
1086 3265 1259 3320 etiam
1282 3265 1589 3337 nutus,ille
1607 3265 1972 3333 auribus,ille
1988 3265 2172 3322 oculis

537 3352 864 3421 exhibetur,
893 3358 957 3408 ut
986 3370 1088 3425 per
1118 3352 1285 3425 signa
1326 3354 1651 3425 corporalia
1692 3355 1865 3410 etiam
1915 3355 2173 3427 corporis

538 3441 809 3498 sensibus
838 3442 1079 3497 verbum
1113 3444 1267 3514 quod
1300 3448 1490 3498 mento
1519 3444 1777 3515 gerimus
1827 3442 2172 3499 innotescat.

536 3529 683 3585 Nam
707 3534 763 3586 et
783 3529 1024 3586 innuero
1045 3530 1183 3601 quid
1207 3535 1313 3598 est,
1335 3531 1448 3587 nisi
1473 3532 1726 3604 quodam
1746 3532 1917 3588 modo
1941 3532 2179 3588 visibili-

520 3623 628 3674 ter
648 3620 838 3675 dicere
858 3620 998 3674 ?Est
1019 3620 1075 3674 in
1102 3621 1418 3692 Scripturis
1437 3621 1656 3677 sanctis
1669 3620 1849 3692 hujus
1875 3622 2179 3678 sententiae

540 3707 943 3763 testimonium
970 3726 1126 3777 ;nam
1150 3710 1205 3763 in
1231 3708 1536 3781 Evangelio
1554 3710 2178 3765 secundumJoannem

542 3796 624 3852 ita
640 3796 877 3867 legitur:
903 3803 1093 3865 Amen,
1117 3814 1277 3853 amen
1295 3798 1412 3853 dico
1434 3799 1606 3864 vobis,
1629 3800 1759 3869 quia
1781 3816 1924 3853 unus
1942 3817 2013 3854 ex
2032 3800 2181 3855 vobis

546 3886 721 3939 tradet
740 3902 843 3940 me.
860 3886 1205 3957 Aspiciebanl
1225 3902 1349 3956 ergo
1365 3886 1435 3941 ad
1453 3888 1683 3942 invicem
1702 3887 1990 3958 discipuli,
2014 3888 2180 3944 haesi-

545 3979 725 4030 tantes
754 3974 817 4030 de
847 3991 948 4046 quo
978 3975 1198 4031 diceret.
1223 3976 1355 4029 Erat
1378 3990 1503 4045 ergo
1520 3991 1663 4029 unus
1684 3992 1755 4030 ex
1767 3975 2050 4047 discipulis
2062 3979 2179 4043 eius

538 4065 859 4119 recumbens
890 4066 949 4119 in
977 4066 1106 4119 sinu
1130 4065 1274 4130 Jesu,
1306 4081 1463 4135 quem
1492 4064 1761 4131 diligebat
1781 4066 1934 4120 Jesus
1955 4084 1973 4118 :
1996 4067 2181 4120 innuit

537 4169 663 4223 ergo
694 4152 822 4208 huic
847 4156 1037 4209 Simon
1068 4158 1260 4208 Petrus
1290 4155 1337 4205 et
1371 4153 1503 4207 dicit
1532 4155 1601 4219 ei,
1656 4153 1785 4220 Quis
1832 4163 1912 4208 est
1957 4154 2022 4208 de
2068 4172 2175 4225 qua

536 4241 667 4297 dicit
686 4242 785 4314 (Id.
809 4260 933 4309 xm,
953 4240 1193 4313 21-2/1)?
1226 4243 1369 4295 Ecce
1398 4242 1688 4297 innuendo
1717 4241 1879 4312 dixit,
1906 4244 2057 4314 quod
2079 4260 2173 4298 so-

535 4332 727 4387 nando
758 4332 947 4386 dicere
975 4347 1089 4385 non
1124 4329 1391 4384 audebat.
1425 4329 1534 4384 Sed
1579 4329 1701 4386 hzec
1740 4335 1912 4401 atque
1964 4331 2172 4402 hujus-

534 4419 691 4474 modi
723 4419 893 4491 signa
922 4416 1246 4489 corporalia
1278 4417 1395 4472 sive
1420 4417 1660 4473 auribus
1688 4420 1807 4473 sive
1830 4418 2011 4474 oculis
2033 4437 2173 4491 pra:-

532 4507 798 4563 sentibus
850 4507 1065 4579 quibus
1124 4506 1429 4577 loquimur
1484 4505 1867 4563 exhibemus:
1927 4508 2169 4564 inventae

530 4601 670 4652 sunt
718 4600 911 4651 autem
957 4594 1180 4663 litteris,
1241 4612 1343 4667 per
1387 4612 1530 4666 quas
1578 4612 1884 4668 possemus
1932 4601 1988 4652 et
2032 4614 2167 4653 cum

527 4685 868 4743 absentibus
899 4683 1185 4755 colloqui:
1235 4685 1333 4739 sed
1392 4685 1506 4739 ista
1549 4684 1717 4755 signa
1755 4690 1894 4740 sunt
1934 4702 2162 4756 vocum,

525 4791 657 4829 cum
691 4774 829 4845 ipsa:
876 4790 1045 4829 voces
1084 4773 1143 4827 in
1193 4789 1461 4827 sermone
1522 4778 1720 4828 nostro
1766 4791 1965 4829 earum
2016 4792 2163 4847 quas

522 4863 849 4935 cogitamus
881 4862 1047 4933 signa
1077 4861 1195 4916 sint
1225 4878 1440 4915 rerum.

589 4950 818 5008 CAPUT
850 4951 942 5006 XI.
974 4982 1042 4993 â€”
1064 4952 1153 5004 20.
1208 4950 1361 5007 Verbi
1386 4949 1563 5004 divini
1597 4949 1901 5006 similitudo
1950 4953 2159 5022 qualis-

516 5057 741 5112 cumque
758 5042 813 5095 in
840 5041 994 5095 verbo
1018 5044 1196 5094 nostro
1222 5054 1321 5093 non
1348 5040 1617 5093 exteriore
1638 5055 1700 5093 ac
1718 5041 2082 5107 scnsibili,sed
2098 5046 2157 5098 in

517 5131 778 5184 interiore
789 5128 1100 5183 acmeniali
1121 5126 1836 5197 quaerenda.Dissimilitudo
1860 5146 2024 5200 quam
2038 5148 2156 5186 ma-

510 5220 668 5271 arima
690 5220 835 5273 inter
872 5219 1096 5272 verbum
1122 5233 1185 5270 ac
1213 5217 1497 5270 scientiam
1528 5224 1773 5270 nostram
1823 5222 1872 5270 et
1929 5219 2153 5274 Verbum

509 5306 905 5375 scientiamque
934 5305 1204 5359 divinam.
1238 5302 1485 5357 Proinde
1525 5302 1766 5357 verbum
1817 5304 1969 5373 quod
2010 5305 2150 5363 foris

508 5398 697 5461 sonat,
721 5395 951 5465 signum
970 5398 1058 5448 est
1077 5391 1233 5448 verbi
1252 5392 1406 5463 quod
1426 5391 1584 5446 intus
1618 5390 1789 5459 lucet,
1820 5392 1912 5446 cui
1961 5395 2149 5465 magis

505 5482 665 5538 verbi
697 5484 969 5555 competit
1001 5498 1236 5538 nomen.
1272 5481 1420 5536 Nam
1451 5480 1593 5534 illud
1646 5481 1801 5551 quod
1850 5482 2148 5552 profertur

503 5572 818 5640 carnisore,
843 5590 949 5629 vox
970 5571 1127 5627 verbi
1152 5574 1248 5627 est
1274 5571 1671 5641 :verbumque
1704 5574 1759 5624 et
1790 5569 1982 5641 ipsum
2002 5572 2145 5628 dici-

500 5660 1016 5733 tur,pr0pterillud
1036 5679 1069 5717 a
1090 5677 1203 5732 quo
1228 5658 1441 5714 utforis
1455 5661 1759 5728 appareret
1771 5664 2143 5733 assumptum

505 5754 619 5807 est.
653 5750 740 5807 Ita
769 5750 929 5809 enim
958 5750 1200 5809 verbum
1229 5753 1493 5805 nostrum
1527 5762 1637 5802 vox
1666 5748 1919 5820 quodam
1969 5766 2065 5807 mo
2112 5768 2143 5811 Î¿

1648 382 1751 442 DE
1794 379 2244 451 TRINITATE,
2292 378 2354 438 S.
2403 378 2828 441 AUGUSTINI

3758 373 3911 435 1072

2264 509 2520 581 corporis
2532 510 2978 578 ï¬t,assumendo
2993 524 3122 565 eam
3137 510 3195 565 in
3220 525 3337 581 qua
3349 506 3764 564 manifestatur
3780 522 3909 562 seu-

2265 598 2432 654 sibus
2456 598 2761 654 hominum
2786 616 2799 667 ;
2825 599 2980 654 sicut
2997 598 3253 655 Verbum
3278 598 3377 654 Dei
3403 614 3537 654 caro
3554 597 3776 652 factum
3798 599 3903 661 est,

2267 688 2623 743 assumendo
2647 705 2771 744 eam
2796 688 2854 743 in
2870 688 3256 760 quaetipsum
3282 686 3761 742 manifestat-stur
3780 700 3915 740 sen-

2266 777 2433 833 sibus
2462 777 2790 833 bominum.
2824 777 2895 833 Et
2924 777 3076 832 sicut
3104 777 3345 833 verbum
3377 780 3643 835 nostrum
3678 774 3744 830 ï¬t
3784 789 3911 841 vox,

2267 882 2372 922 nec
2395 871 2655 922 mutatur
2670 866 2729 922 in
2750 882 2980 934 vocem;
3005 866 3085 921 ita
3105 858 3359 921 Verbum
3380 864 3483 921 Dei
3510 879 3643 920 caro
3675 862 3909 935 quidem

2268 955 2484 1011 factum
2508 960 2615 1027 est,
2636 956 2736 1011 sed
2760 955 2994 1010 absitut
3014 957 3339 1009 mutaretur
3360 953 3419 1008 in
3442 967 3701 1009 carnem.
3739 954 3916 1006 Assu-

2269 1044 2479 1099 mendo
2502 1044 2717 1115 quippe
2739 1042 2920 1111 illam,
2945 1059 3059 1098 non
3081 1042 3140 1097 in
3160 1059 3286 1099 eam
3312 1057 3372 1098 se
3398 1040 3817 1107 consumendo,
3861 1042 3914 1095 et

2268 1132 2376 1188 hoc
2399 1136 2664 1188 nostrum
2686 1150 2795 1187 vox
2812 1132 2899 1199 ï¬t,
2930 1136 2987 1186 et
3011 1131 3155 1186 illud
3191 1148 3322 1187 caro
3363 1131 3583 1186 factum
3622 1134 3731 1185 est.
3766 1128 3913 1192 Qua-

2270 1220 3630 1294 propterquicumquecupitadqualemcumque
3645 1216 3915 1273 similitu-

2271 1309 2466 1366 dinem
2496 1309 2668 1365 Verbi
2705 1309 2823 1380 Dei,
2856 1308 3126 1381 quamvis
3158 1324 3260 1381 per
3304 1307 3491 1364 multa
3542 1304 3912 1375 dissimilem,

2271 1398 2711 1470 pervenire,non
2726 1398 3022 1454 intueatur
3032 1398 3273 1454 verbum
3290 1401 3556 1453 nostrum
3574 1394 3729 1467 quod
3752 1398 3917 1451 sonat

2271 1487 2332 1543 in
2356 1487 2620 1554 auribus,
2644 1504 2748 1543 nec
2762 1488 2995 1559 quando
3016 1502 3154 1543 voce
3180 1485 3486 1558 profertur,
3534 1500 3641 1541 nec
3684 1483 3915 1556 quando

2274 1574 2505 1633 silentio
2519 1574 3110 1649 cogitatur.0mnium
3124 1590 3375 1645 namque
3390 1572 3733 1630 sonantium
3748 1571 3921 1628 verba

2274 1665 2612 1738 linguarum
2632 1665 2809 1721 etiam
2841 1665 2901 1720 in
2933 1663 3165 1720 silentio
3196 1663 3548 1735 cogitantur,
3572 1665 3630 1719 et
3660 1661 3921 1718 carmina

2274 1759 2695 1826 pereurruntur
2711 1754 3161 1821 animo,tacente
3182 1770 3280 1809 ore
3301 1751 3587 1822 corporis:
3612 1767 3717 1807 nec
3730 1750 3919 1806 solum

2276 1846 2504 1899 numeri
2524 1843 3109 1916 syllabarum,verum
3124 1843 3299 1897 etiam
3318 1841 3476 1895 modi
3491 1839 3919 1896 cantilenarum

2276 1950 2342 1988 cu
2354 1949 2408 1987 n1
2432 1932 2548 1987 sint
2567 1931 2916 2003 corporales,
2942 1936 2999 1987 et
3014 1932 3082 1986 ad
3108 1948 3262 1998 eum,
3288 1930 3387 2002 qui
3400 1934 3640 1985 vocatur
3662 1929 3921 1997 auditus,

2277 2039 2514 2078 sensum
2534 2021 2790 2092 corporis
2804 2021 3183 2092 pertinentes,
3208 2036 3309 2091 per
3339 2020 3711 2091 incorporeas
3747 2035 3921 2089 quas-

2278 2112 2411 2166 dam
2426 2110 2711 2181 imagines
2726 2128 2863 2165 suas
2880 2114 3090 2182 praesto
3109 2113 3243 2164 sunt
3256 2107 3737 2180 cogitantibus,et
3750 2108 3921 2163 tacite

2277 2206 2484 2255 cuncta
2502 2199 3010 2255 istavolventibus.
3030 2199 3137 2254 Sed
3153 2198 3510 2253 transeundo
3525 2196 3821 2263 sunthaec,
3860 2200 3925 2251 ut

2277 2286 2347 2342 ad
2364 2284 2506 2340 illud
2520 2286 3153 2358 perveniaturhominis
3167 2284 3425 2352 verbum,
3442 2300 3546 2356 per
3583 2284 3754 2354 cujus
3781 2300 3926 2356 qua-

2276 2374 3101 2445 lemcumquesimilitudinem
3117 2374 3271 2430 sicut
3302 2374 3359 2429 in
3388 2374 3697 2447 aenigmate
3727 2373 3925 2428 videa-

2276 2467 2373 2519 tur
2390 2469 2710 2536 utcumque
2728 2464 2821 2520 Dei
2833 2463 3087 2519 Verbum
3106 2480 3119 2518 :
3137 2480 3251 2518 non
3268 2462 3410 2518 illud
3426 2462 3581 2533 quod
3602 2462 3817 2518 factum
3833 2466 3923 2519 est

2279 2551 2634 2607 adillumvel
2651 2552 2813 2609 illum
2829 2552 3195 2624 prophetam,
3222 2552 3367 2607 etde
3391 2567 3503 2622 quo
3547 2550 3773 2606 dictum
3807 2555 3919 2620 est,

2282 2642 2522 2698 Verbum
2543 2645 2723 2697 autem
2753 2642 2853 2697 Dei
2879 2641 3141 2697 crescebat
3170 2645 3221 2696 et
3251 2640 3730 2713 multiplicabatur
3768 2640 3922 2710 (Î”Îµá¿–.

2278 2732 2433 2798 v1,7)
2452 2747 2474 2793 ;
2496 2735 2551 2786 et
2581 2731 2650 2785 de
2681 2747 2795 2802 quo
2816 2730 3028 2785 iterum
3053 2730 3275 2785 dictum
3308 2733 3417 2797 est,
3450 2731 3632 2798 Igitur
3664 2729 3808 2799 ï¬des
3859 2745 3932 2786 ea:

2277 2820 2490 2887 auditu,
2515 2819 2737 2874 auditus
2754 2828 2936 2875 autem
2950 2835 3047 2890 per
3069 2818 3295 2873 verbum
3316 2818 3521 2872 Christi
3538 2819 3786 2886 (Romx,
3814 2818 3886 2872 17
3911 2836 3932 2880 Í¾

2281 2914 2337 2965 et
2355 2909 2589 2974 iterum,
2615 2908 2746 2963 Cum
2760 2910 3089 2977 accepissetis
3106 2925 3135 2962 Î¹Î¹
3150 2908 3305 2963 nobis
3319 2907 3539 2962 verbum
3556 2907 3780 2962 auditus
3796 2908 3922 2972 Dei,

2281 3000 2563 3068 accepistis
2590 3014 2701 3052 non
2722 3002 2781 3051 ut
2810 2998 3033 3052 verbum
3065 2997 3369 3066 hominum,
3382 2995 3473 3051 sed
3495 2998 3659 3051 sicuti
3687 3000 3766 3051 est
3798 3011 3925 3051 vere

2278 3087 2499 3141 verbum
2520 3088 2621 3141 Dei
2639 3087 2685 3156 (Î™
2713 3087 2899 3142 Thess.
2922 3103 2984 3154 Î¹Î¹,
3013 3087 3121 3153 13).
3148 3086 3213 3140 Et
3231 3084 3683 3140 innumerabilia
3706 3085 3930 3141 simili-

2280 3179 2367 3231 ter
2386 3174 2445 3230 in
2469 3174 2788 3247 Scripturis
2800 3176 3074 3230 dicuntur
3096 3175 3165 3229 de
3190 3173 3284 3229 Dei
3307 3174 3661 3246 verbo,quod
3678 3174 3738 3229 in
3760 3174 3929 3230 sonis

2281 3263 2600 3321 multarum
2616 3264 3092 3336 diversarumque
3105 3263 3441 3336 linguarum
3455 3281 3558 3336 per
3569 3265 3744 3319 corda
3756 3268 3935 3320 etora.

2282 3352 2701 3409 disseminatur
2724 3352 3006 3409 humana.
3040 3353 3168 3408 Ideo
3186 3356 3383 3407 autem
3403 3351 3643 3407 verbum
3667 3352 3765 3407 Dei
3790 3352 3937 3407 dici-

2284 3448 2402 3508 tur,
2428 3442 2569 3513 quia
2589 3441 2853 3496 doctrina
2873 3440 3475 3509 divinatraditur,non
3494 3440 3775 3497 humana.
3811 3441 3929 3497 Sed

2285 3531 2427 3585 illud
2438 3530 2689 3585 Verbum
2703 3530 2800 3586 Dei
2817 3530 3133 3602 quazrimus
3150 3529 3652 3602 qualitercumque
3666 3546 3767 3601 per
3780 3529 3936 3585 hanc

2287 3619 2904 3675 similitudinemnunc
2917 3620 3131 3689 videre,
3153 3619 3223 3674 de
3248 3636 3363 3690 quo
3393 3619 3739 3689 dictumest,
3788 3620 3937 3675 Deus

2288 3714 2405 3765 erat
2441 3711 2669 3765 Verbum
2694 3726 2706 3777 ;
2734 3710 2804 3764 de
2822 3725 2936 3781 quo
2964 3708 3183 3763 dictum
3206 3712 3315 3774 est,
3364 3708 3563 3763 Omnia
3596 3723 3698 3778 per
3743 3709 3937 3776 ipsum

2286 3801 2433 3869 facta
2452 3801 2578 3852 sunt
2594 3814 2616 3860 ;
2637 3798 2708 3853 de
2729 3814 2840 3867 quo
2862 3797 3083 3852 dictum
3105 3801 3214 3863 est,
3242 3796 3476 3852 Verbum
3488 3797 3839 3866 caro/actum
3856 3805 3941 3852 est

2288 3889 2477 3959 (Joan.
2502 3905 2541 3956 1,
2570 3888 2618 3957 1,
2642 3888 2696 3955 3,
2722 3886 2806 3948 14)
2832 3904 2846 3955 Í¾
2870 3886 2941 3941 de
2967 3902 3080 3957 quo
3105 3886 3325 3940 dictum
3363 3890 3470 3951 est,
3519 3887 3661 3939 Fons
3708 3889 3940 3958 sapien-

2288 3979 2384 4034 tiae
2411 3978 2635 4031 Verbum
2662 3976 2765 4030 Dei
2784 3977 2842 4029 in
2865 3975 3091 4030 excelsis
3112 3974 3300 4042 (Eccli.
3326 3974 3444 4045 1,5).
3467 3973 3939 4030 Perveniendum

2288 4071 2377 4121 est
2395 4082 2526 4135 ergo
2551 4065 2620 4119 ad
2646 4064 2787 4119 illud
2810 4064 3052 4119 verbum
3075 4062 3352 4131 hominis,
3378 4063 3448 4118 ad
3476 4062 3721 4118 verbum
3744 4064 3939 4120 ratio-

2286 4155 2437 4209 nalis
2465 4153 2798 4221 animantis,
2820 4155 2888 4207 ad
2914 4153 3153 4207 verbum
3176 4169 3291 4207 non
3315 4152 3386 4207 de
3408 4151 3522 4207 Deo
3543 4155 3713 4219 natae,
3768 4153 3871 4207 sed
3899 4170 3935 4208 ÎµÎ¹

2282 4243 2399 4299 Deo
2423 4243 2583 4298 factae
2617 4241 2891 4314 imaginis
2918 4241 3037 4311 Dei,
3068 4241 3221 4312 quod
3244 4258 3430 4313 neque
3451 4239 3806 4312 prolativum
3839 4248 3940 4297 est.

2281 4333 2342 4386 in
2361 4347 2719 4402 sano,neque
2737 4330 3108 4403 cogitativum
3130 4330 3189 4385 in
3203 4329 3590 4386 similitudine
3604 4329 3933 4402 soni,quod

2281 4420 2530 4490 alicujus
2552 4418 2764 4492 linguae
2778 4436 2905 4475 esse
2924 4436 3157 4475 necesse
3170 4418 3267 4487 sit,
3282 4419 3383 4474 sed
3399 4419 3552 4491 quod
3568 4420 3771 4475 omnia
3796 4419 3935 4492 qui-

2278 4511 2388 4566 bus
2402 4508 2770 4582 signiï¬catur
2790 4507 2959 4581 signa
2975 4508 3269 4580 praecedit,
3293 4507 3707 4579 etgigniturde
3728 4508 3933 4564 scien-

2277 4599 2360 4654 tia
2380 4616 2505 4670 quae
2521 4597 2788 4653 manetin
2811 4596 3269 4667 animo,quando
3283 4596 3489 4652 eadem
3503 4596 3750 4653 scientia
3766 4596 3936 4653 intus

2277 4686 2687 4753 dicitur,sicuti
2711 4689 2816 4741 est.
2838 4684 3152 4741 Simillima
3165 4689 3253 4740 est
3273 4685 3429 4740 enim
3451 4685 3594 4740 visio
3616 4684 3936 4757 cogitatio-

2273 4775 2599 4845 nis,visioni
2622 4774 2896 4829 scientias.
2917 4775 3060 4831 Nam
3075 4774 3309 4845 quando
3333 4790 3434 4845 per
3450 4790 3658 4829 sonum
3681 4774 3868 4829 dicitu
3880 4791 3932 4843 r,

2269 4864 2355 4920 vel
2387 4882 2491 4937 per
2511 4863 2743 4934 aliquod
2764 4862 3059 4934 corporale
3081 4862 3337 4935 signum,
3363 4879 3480 4918 non
3503 4862 3721 4917 dicitur
3741 4864 3930 4919 sicuti

2269 4959 2378 5021 est,
2413 4953 2513 5009 sed
2548 4952 2699 5007 sicut
2743 4956 2931 5024 potest
2977 4950 3159 5007 videri
3207 4951 3467 5006 audirive
3517 4954 3621 5023 per
3677 4967 3926 5024 corpus.

2266 5042 2506 5107 Quando
2538 5058 2672 5113 ergo
2704 5042 2856 5112 quod
2891 5041 2950 5095 in
2985 5040 3188 5096 notitia
3209 5045 3316 5111 est,
3352 5039 3459 5095 hoc
3485 5044 3574 5094 est
3604 5040 3663 5095 in
3713 5041 3925 5109 verbo,

2262 5137 2400 5186 tunc
2422 5136 2510 5186 est
2530 5147 2730 5185 verum
2755 5130 3079 5198 verbum,et
3090 5128 3524 5200 veritas,qualis
3539 5133 3927 5201 exspectatur

2263 5222 2331 5276 ab
2364 5219 2621 5285 homine,
2645 5223 2711 5273 ut
2750 5220 2905 5290 quod
2936 5223 3025 5274 est
3055 5220 3115 5275 in
3147 5219 3280 5289 ista,
3326 5218 3435 5274 hoc
3472 5218 3549 5273 sit
3577 5222 3636 5274 et
3665 5217 3726 5273 in
3772 5218 3877 5275 illo
3906 5236 3924 5288 ;

2259 5309 2411 5380 quod
2436 5324 2548 5362 non
2573 5312 2662 5361 est
2682 5307 2741 5361 in
2763 5307 2899 5377 ista,
2924 5324 3036 5363 non
3059 5307 3206 5365 sitet
3229 5307 3288 5363 in
3333 5307 3462 5363 illo:
3508 5306 3605 5362 hic
3644 5307 3925 5379 agnosci-

2256 5403 2371 5465 tur,
2396 5401 2512 5466 Est,
2540 5396 2818 5463 est;Non,
2856 5412 2966 5451 non
3009 5397 3223 5468 (Matth.
3264 5414 3319 5466 v,
3363 5398 3475 5465 37).
3515 5397 3611 5451 Sic
3649 5397 3909 5464 accedit,

2256 5490 2544 5559 quantum
2577 5489 2786 5556 potest,
2818 5484 2931 5541 ista
2961 5485 3288 5541 similitudo
3320 5485 3598 5558 imaginis
3630 5485 3803 5542 facta
3837 5486 3918 5543 ad

2252 5575 2415 5631 illam
2440 5573 2885 5631 similitudinem
2914 5575 3187 5646 imaginis
3212 5580 3380 5643 nates,
3402 5591 3520 5647 qua
3541 5574 3700 5631 Deus
3724 5575 3922 5633 Filius

2252 5664 2407 5720 Patri
2438 5680 2541 5736 per
2570 5661 2767 5719 omnia
2796 5663 3264 5721 substantialiter
3293 5663 3506 5721 similis
3525 5663 3919 5743 praedicatur.

2250 5750 2773 5810 Animadvertenda
2823 5757 2915 5810 est
2960 5752 3019 5810 in
3070 5751 3180 5811 hoc
3227 5752 3537 5827 (enigmata
3576 5752 3760 5811 etiam
3793 5754 3920 5813 ista
