4160 6470
299 429 459 486 1073

295 558 469 615 Verbi
490 559 584 614 Dei
610 559 1121 631 similitudo,quod
1138 559 1371 616 sicutde
1393 560 1491 615 illo
1511 559 1700 614 Verbo
1725 559 1943 614 dictum

294 653 404 717 est,
444 649 636 704 Omnia
663 666 771 720 per
803 653 983 721 ipsum
1012 653 1159 720 [acta
1189 659 1334 717 sunt,
1374 649 1474 703 ubi
1517 649 1665 702 Deus
1697 665 1799 718 per
1830 648 1953 702 uni-

294 738 560 808 genitum
583 738 840 794 Verbum
867 756 1039 794 suum
1067 738 1699 811 praedicaturuniversa
1723 736 1948 796 fecisse;

295 826 379 882 ita
397 827 654 882 hominis
680 835 854 899 Opera
880 828 1039 882 nulla
1059 832 1348 898 sunt,quze
1363 845 1475 881 non
1494 827 1655 897 prius
1679 826 1950 879 dicantur

295 915 353 968 in
389 917 593 971 corde:
631 917 784 971 unde
817 916 1100 987 scriptum
1153 921 1259 982 est,
1297 918 1531 971 Initium
1562 914 1737 969 omnis
1766 915 1947 983 aperis

292 1006 521 1060 verbum
552 1006 741 1076 (Eccli.
774 1006 1229 1073 xxxvn,20).Sed
1263 1004 1439 1059 etiam
1475 1003 1566 1057 hic
1587 1019 1716 1058 cum
1741 1019 1943 1056 verum

292 1095 540 1148 verbum
590 1099 697 1157 est,
754 1098 894 1149 tunc
935 1101 1022 1148 est
1047 1094 1280 1149 initium
1315 1093 1449 1148 boni
1481 1091 1692 1164 operis.
1726 1091 1942 1145 Verum

292 1187 488 1237 autem
521 1184 761 1238 verbum
795 1189 905 1249 est,
937 1200 1068 1238 cum
1104 1185 1172 1238 de
1203 1183 1446 1238 scientia
1487 1183 1632 1236 bene
1662 1180 1940 1251 Operandi

290 1271 573 1344 gignitur,
607 1277 670 1326 ut
703 1273 876 1328 etiam
910 1273 987 1326 ibi
1021 1278 1300 1337 servetur,
1336 1275 1452 1339 Est,
1487 1273 1605 1338 est;
1638 1270 1896 1335 Non,non
1924 1287 1937 1325 :

289 1367 354 1416 ut
384 1362 433 1417 si
464 1367 551 1418 est
581 1363 642 1417 in
674 1380 742 1418 ea
773 1362 1015 1418 scientia
1041 1380 1157 1434 qua
1187 1363 1498 1417 vivendum
1553 1364 1662 1424 est,
1697 1360 1769 1414 sit
1800 1363 1854 1414 et
1881 1359 1938 1413 in

285 1451 460 1506 verbo
494 1467 596 1523 per
628 1452 783 1522 quod
817 1452 1177 1522 operandum
1209 1455 1332 1516 est;
1361 1451 1407 1504 si
1443 1466 1578 1516 non,
1614 1464 1762 1504 non:
1797 1447 1938 1502 alio-

287 1540 428 1610 quin
462 1540 834 1595 mendacium
867 1539 974 1594 erit
1005 1540 1241 1594 verbum
1276 1538 1409 1608 tale,
1453 1555 1562 1592 non
1593 1536 1809 1592 veritas
1837 1553 1849 1603 ;
1882 1540 1938 1590 et

285 1627 426 1684 inde
455 1635 783 1700 peccatum,
807 1647 918 1684 non
939 1646 1084 1698 opus
1109 1634 1350 1683 rectum.
1385 1631 1479 1681 Est
1508 1631 1564 1681 et
1588 1627 1707 1680 haec
1737 1627 1794 1679 in
1827 1626 1938 1680 ista

287 1716 680 1774 similitudine
708 1718 864 1772 verbi
898 1717 1082 1772 nostri
1107 1717 1430 1771 similitudo
1460 1714 1633 1769 Verbi
1654 1714 1772 1780 Dei,
1797 1715 1936 1784 quia

283 1810 616 1877 potestesse
629 1807 869 1862 verbum
886 1810 1153 1860 nostrum
1169 1806 1324 1875 quod
1341 1821 1453 1859 non
1470 1808 1751 1876 sequatur
1763 1818 1931 1874 opus:

284 1911 433 1966 opus
456 1899 650 1950 autem
675 1910 803 1950 esse
825 1912 939 1950 non
970 1894 1298 1966 potest,nisi
1331 1894 1617 1964 praecedat
1645 1893 1888 1948 verbum
1916 1907 1929 1947 :

283 1985 438 2040 sicut
457 1984 714 2040 Verbum
736 1984 835 2040 Dei
859 1983 1046 2055 potuit
1065 1999 1192 2038 esse
1213 1982 1373 2037 nulla
1393 1982 1676 2037 existente
1700 1986 1930 2035 creatu-

284 2089 387 2140 ra;
435 2077 701 2128 creatura
737 2090 870 2128 vero
897 2071 1055 2128 nulla
1079 2089 1205 2127 esse
1225 2075 1441 2143 posset,
1476 2071 1587 2125 nisi
1612 2088 1712 2141 per
1734 2071 1929 2141 ipsum

281 2177 386 2233 per
409 2162 562 2233 quod
586 2162 736 2216 facta
760 2165 898 2216 sunt
918 2161 1131 2216 omnia.
1156 2161 1403 2231 Ideoque
1429 2176 1543 2213 non
1569 2159 1721 2214 Deus
1744 2159 1927 2226 Pater,

281 2266 398 2305 non
423 2249 677 2321 Spiritus
709 2254 971 2313 sanctus,
1006 2267 1121 2304 non
1163 2249 1290 2320 ipsa
1321 2248 1600 2317 Trinitas,
1635 2247 1735 2302 sed
1769 2246 1928 2301 solus

277 2338 642 2411 Filius,quod
669 2344 757 2395 est
778 2339 1032 2394 Verbum
1066 2339 1322 2405 Dei,caro
1349 2339 1567 2392 factum
1593 2341 1699 2403 est;
1725 2352 1928 2408 quam-

274 2427 363 2483 vis
387 2429 669 2484 Trinitate
691 2429 1030 2484 facientemt
1044 2432 1325 2499 sequente
1348 2431 1518 2498 atque
1533 2427 1796 2481 imitante
1811 2443 1930 2480 ver-

274 2517 350 2572 bo
379 2522 576 2573 nostro
599 2520 725 2587 ejus
748 2517 1107 2589 exemplum,
1133 2522 1285 2572 recte
1308 2517 1650 2582 viveremus,
1678 2515 1785 2570 hoc
1817 2520 1924 2583 est,

275 2606 507 2662 nullum
530 2606 812 2662 habentes
834 2608 890 2660 in
919 2606 1077 2661 verbi
1105 2607 1283 2662 nostri
1306 2606 1392 2660 vel
1417 2604 1928 2676 comtemplatione

275 2694 366 2750 vel
395 2695 731 2766 operatione
759 2695 1367 2751 mendacium.Verum
1383 2695 1502 2749 haec
1523 2694 1699 2764 hujus
1719 2693 1926 2765 imagi-

277 2784 370 2839 nis
396 2788 485 2839 est
507 2785 857 2856 quandoque
889 2785 1085 2839 futura
1110 2784 1404 2854 perfectio.
1429 2784 1511 2837 Ad
1545 2783 1694 2837 hanc
1724 2799 1924 2837 conse-

278 2873 576 2944 quendam
609 2890 714 2928 nos
745 2873 940 2928 erudit
971 2872 1247 2943 magister
1267 2873 1458 2928 bonus
1478 2873 1589 2926 fide
1611 2871 1927 2926 christiana

276 2961 630 3034 pietatisque
661 2962 944 3032 doctrina,
979 2965 1042 3015 ut
1072 2962 1311 3016 revelata
1337 2962 1491 3031 facie
1529 2977 1561 3014 a
1610 2961 1776 3033 Legis
1826 2977 1925 3015 ve-

275 3047 498 3104 lamine
530 3049 683 3120 quod
713 3053 799 3104 est
830 3049 1038 3104 umbra
1064 3049 1414 3115 futurorum,
1441 3047 1682 3117 gloriam
1706 3049 1927 3103 Domini

276 3139 755 3210 speculantemper
780 3137 1086 3210 speculum
1118 3137 1338 3192 scilicet
1367 3137 1744 3203 intuentes,in
1778 3153 1925 3192 eam-

277 3225 406 3282 dem
435 3227 734 3295 imaginem
760 3227 1248 3282 transformemur
1285 3226 1349 3281 de
1377 3227 1560 3294 gloria
1589 3228 1648 3280 in
1663 3227 1921 3296 gloriam,

277 3323 544 3389 tanquam
569 3332 603 3370 a
627 3317 852 3371 Domini
872 3315 1084 3387 Spiritu
1114 3317 1186 3387 (Il
1220 3314 1339 3382 Cor,
1370 3332 1454 3385 ιιι,
1476 3316 1921 3385 18),secundum

276 3405 641 3474 superiorem
673 3405 743 3458 de
775 3405 868 3459 his
901 3404 1090 3460 verbis
1123 3404 1600 3475 disputationem.

344 3493 434 3547 2i.
469 3493 613 3549 Cum
648 3509 784 3565 ergo
817 3493 922 3548 hac
953 3493 1464 3548 transformatione
1496 3494 1566 3548 ad
1603 3492 1920 3563 perfectum

269 3581 451 3637 fuerit
493 3581 614 3636 haec
664 3582 857 3653 imago
907 3587 1198 3650 renovata,
1251 3581 1474 3637 similes
1526 3587 1637 3636 Deo
1680 3581 1920 3648 erimus,

272 3670 556 3742 quoniam
604 3670 936 3726 videbimus
983 3687 1138 3740 eum,
1181 3687 1295 3725 non
1329 3686 1433 3741 per
1461 3670 1785 3741 speculum,
1821 3671 1921 3724 sed

269 3759 446 3814 sicuti
479 3763 567 3814 est
594 3760 771 3828 (Joan.
807 3775 889 3827 ιιι,
921 3759 1011 3829 2);
1048 3760 1202 3829 quod
1233 3758 1374 3812 dicit
1422 3757 1721 3829 apostolus
1772 3759 1922 3813 Pau-

273 3847 393 3915 lus,
425 3848 572 3917 lacie
604 3847 680 3903 ad
707 3847 907 3917 faciem
936 3847 979 3918 (Ι
1014 3846 1134 3901 Cor.
1184 3864 1308 3916 xm,
1362 3846 1470 3918 12).
1505 3847 1669 3901 Nunc
1698 3863 1830 3902 vero
1864 3847 1920 3902 in

272 3935 387 3990 hoc
418 3934 676 4007 speculo,
709 3935 767 3990 in
799 3935 908 3990 hoc
938 3936 1265 4007 aenigmate)
1299 3935 1354 3990 in
1378 3935 1484 3990 hac
1508 3935 1922 4006 qualicumque

274 4023 690 4094 similitudine,
721 4028 942 4094 quanta
985 4023 1061 4078 sit
1107 4025 1277 4079 etiam
1312 4023 1753 4092 dissimilitudo,
1789 4025 1921 4096 quis

272 4115 470 4185 potest
502 4111 829 4184 explicare?
857 4111 1156 4185 Attingam
1179 4116 1376 4167 tamen
1407 4111 1622 4184 aliqua,
1647 4117 1711 4168 ut
1741 4112 1919 4180 valeo,

276 4201 498 4272 quibus
528 4200 585 4254 id
619 4201 804 4271 possit
833 4200 1074 4255 adverti.

352 4289 586 4344 CAPUT
618 4289 739 4344 XII.
763 4320 832 4329 —
853 4288 1174 4345 Academico
1191 4288 1554 4360 philosophia.
1583 4290 1775 4346 Primo
1797 4291 1923 4362 ipsa

276 4376 625 4445 scientia,de
657 4394 771 4448 qua
799 4377 1079 4433 veraciter
1099 4377 1371 4450 cogitatio
1394 4382 1593 4434 nostra
1614 4379 1919 4450 formatur,

275 4467 518 4538 quando
540 4483 663 4538 quae
686 4467 906 4522 scimus
929 4466 1441 4538 loquimur,qualis
1474 4472 1572 4523 aut
1593 4473 1811 4539 quanta
1829 4485 1924 4540 po-

272 4558 396 4610 test
424 4553 644 4609 homini
676 4556 997 4626 provenire,
1030 4555 1347 4627 quamlibet
1365 4556 1718 4628 peritissimo
1749 4562 1922 4627 atque

278 4642 661 4698 doctissimo?
678 4644 942 4715 Exceptis
957 4644 1110 4699 enim
1129 4661 1255 4716 quae
1278 4646 1338 4701 in
1357 4646 1616 4702 animum
1641 4647 1924 4702 veniunta

278 4731 554 4788 sensibus
579 4732 857 4803 corporis,
891 4731 949 4788 in
982 4733 1195 4804 quibus
1225 4739 1344 4790 tam
1376 4735 1560 4790 multa
1591 4735 1756 4791 aliter
1785 4740 1925 4791 sunt

276 4835 459 4892 quem
489 4819 782 4886 videntur,
817 4825 881 4876 ut
909 4837 1109 4876 eorum
1147 4822 1646 4880 verisimilitudine
1676 4824 1922 4880 nimium

281 4908 861 4980 constipatus,sanus
875 4909 986 4965 sibi
1001 4926 1128 4966 esse
1141 4911 1404 4967 videatur
1415 4913 1926 4983 quiinsanit;unde

273 4996 624 5053 Academica
637 4997 1004 5070 philosophia
1016 5000 1098 5054 sic
1113 4999 1325 5056 invalui
1335 5003 1527 5070 t,utde
1539 5003 1813 5059 omnibus
1828 5005 1929 5059 du-

279 5087 478 5142 bitans
510 5087 697 5142 multo
727 5087 1000 5144 miserius
1031 5088 1351 5145 insaniret:
1386 5090 1478 5146 his
1509 5107 1644 5164 ergo
1674 5093 1927 5164 exceptis

280 5192 410 5247 quae
444 5192 477 5231 a
502 5175 760 5246 corporis
783 5176 1055 5232 sensibus
1079 5177 1136 5231 in
1161 5176 1424 5233 animum
1445 5179 1708 5247 veniunt,
1743 5198 1926 5252 quan-

281 5270 412 5320 tum
437 5280 630 5319 rerum
653 5270 916 5320 remanet
937 5266 1090 5336 quod
1114 5266 1194 5321 ita
1216 5266 1928 5337 sciamus,sicutnosvive-

283 5369 346 5409 re
378 5353 599 5408 scimus
615 5353 642 5406 ?
667 5352 725 5407 in
751 5370 865 5424 quo
897 5371 1137 5425 prorsus
1157 5371 1271 5410 non
1293 5356 1714 5426 metuimus,ne
1733 5359 1931 5432 aliqua

287 5440 800 5497 verisimilitudine
830 5443 975 5497 forte
997 5441 1575 5516 fallamur,quoniam
1599 5451 1821 5503 certum
1843 5453 1933 5504 est

295 5530 470 5586 etiam
483 5545 618 5586 eum
642 5529 740 5602 qui
755 5529 1228 5602 fallimurvivere;
1246 5549 1347 5589 nec
1368 5533 1424 5589 in
1448 5534 1532 5590 eis
1552 5535 1690 5592 visis
1709 5536 1815 5594 hoc
1828 5537 1930 5591 ha-

358 5772 378 5809 ι
407 5770 490 5820 Ita
515 5769 640 5821 Mss.
670 5769 737 5821 At
765 5767 911 5831 editi,
941 5769 1045 5822 hac
1071 5769 1337 5824 habentur.
1366 5773 1522 5827 Male.

1485 427 1717 488 LIBER
1767 427 2108 497 QUINTUS
2157 428 2524 489 DECIMUS.

3560 433 3707 489 1074

2055 560 2225 613 betur
2243 562 2414 630 ',quee
2430 561 2519 629 obj
2534 560 2793 614 iciuntur
2818 560 3268 627 extrinsecus,ut
3291 560 3350 615 in
3370 578 3433 616 eo
3449 562 3532 616 sic
3549 562 3706 617 falla-

2055 647 2861 718 turoculus,quemadmodum
2877 648 3094 704 fallitur
3112 665 3242 703 cum
3261 649 3315 702 in
3339 665 3489 719 aqua
3507 666 3704 706 remus

2050 736 2278 790 videtur
2302 737 2608 805 infractus,
2633 742 2688 792 et
2718 739 3126 809 navigantibus
3159 742 3350 792 turres
3378 740 3613 804 moveri,
3647 745 3703 794 et

2053 823 2168 880 alia
2192 830 2463 880 sexcenta
2499 844 2629 897 qua}
2659 826 2826 881 aliter
2856 832 2994 881 sunt
3027 843 3198 899 quam
3221 828 3528 895 videntur;
3563 829 3701 900 quia

2049 933 2154 971 nec
2178 934 2278 988 per
2304 918 2538 973 oculum
2559 919 2749 973 carnis
2772 919 2879 974 hoc
2904 919 3178 974 cernitur.
3215 919 3426 973 Intima
3458 919 3700 975 scientia

2047 1012 2135 1062 est
2158 1025 2273 1078 qua
2298 1026 2403 1063 nos
2427 1010 2612 1064 vivere
2638 1010 2986 1077 scimus,ubi
3009 1026 3079 1064 ne
3106 1009 3252 1064 illud
3285 1009 3522 1080 quidem
3554 1012 3697 1064 Aca-

2045 1097 2308 1154 demicus
2339 1100 2529 1154 dicere
2561 1106 2790 1172 potest:
2830 1102 3099 1156 Fortasse
3132 1099 3375 1169 dormis,
3409 1103 3462 1154 et
3485 1100 3694 1168 nescis,

2044 1196 2183 1250 etin
2216 1199 2440 1253 somnis
2484 1199 2665 1254 vides.
2712 1199 2850 1255 Visa
2899 1199 3112 1271 quippe
3145 1197 3566 1254 somniantium
3616 1199 3692 1252 si-

2044 1283 2292 1340 millima
2341 1303 2468 1341 esse
2517 1286 2655 1342 visis
2705 1287 3072 1358 vigilantium
3125 1287 3255 1358 quis
3282 1286 3553 1358 ignorat?
3582 1288 3691 1342 Sed

2042 1374 2142 1444 qui
2168 1379 2357 1430 certus
2389 1379 2476 1430 est
2510 1376 2579 1430 de
2607 1376 2733 1430 vitae
2783 1394 2901 1431 suae
2949 1377 3213 1443 scientia,
3264 1394 3380 1431 non
3413 1377 3472 1430 in
3505 1393 3569 1431 ea
3602 1376 3690 1430 di-

2041 1461 2137 1530 cit,
2173 1463 2300 1518 Scio
2335 1481 2425 1518 me
2455 1464 2721 1536 vigilare;
2757 1466 2891 1533 sed;
2943 1465 3071 1520 Scio
3132 1482 3225 1520 me
3283 1466 3510 1532 vivere;
3571 1465 3689 1520 sive

2039 1568 2173 1622 ergo
2207 1552 2476 1618 dormiat,
2511 1553 2630 1608 sive
2662 1554 2879 1625 vigilet,
2916 1554 3072 1608 vivit.
3109 1555 3223 1609 Nec
3255 1555 3314 1608 in
3348 1571 3414 1608 ea
3444 1554 3688 1609 scientia

2038 1655 2140 1711 per
2161 1641 2388 1696 somnia
2411 1641 2530 1696 falli
2561 1648 2777 1714 potest:
2796 1644 2932 1715 quia
2950 1647 3005 1698 et
3023 1643 3276 1698 dormire
3297 1647 3353 1698 et
3376 1643 3432 1696 in
3461 1643 3684 1698 somnis

2034 1729 2512 1798 videre,viventis
2535 1736 2644 1786 est.
2671 1733 2782 1786 Nec
2807 1731 2950 1786 illud
2973 1735 3159 1804 potest
3179 1732 3558 1786 Academicus
3583 1733 3682 1785 ad-

2034 1834 2236 1873 versus
2287 1819 2460 1874 istam
2519 1820 2824 1875 scientiam
2876 1821 3088 1876 dicere.
3145 1820 3306 1875 Furis
3340 1820 3603 1875 fortassis
3631 1825 3688 1874 et

2035 1907 2261 1975 nescis;
2297 1908 2433 1978 quia
2469 1926 2742 1964 sanorum
2789 1908 2930 1964 visis
2974 1909 3277 1965 simillima
3322 1913 3462 1963 sunt
3507 1909 3682 1965 etiam

2032 2003 2157 2058 visa
2189 2003 2545 2059 furentium:
2583 2007 2683 2061 sed
2715 2006 2812 2077 qui
2847 2005 3158 2060 furitvivit.
3187 2006 3300 2060 Nec
3325 2009 3523 2060 contra
3548 2007 3683 2061 Aca-

2033 2092 2290 2146 demicos
2321 2092 2479 2160 dicit,
2530 2094 2658 2148 Scio
2705 2111 2797 2149 me
2847 2111 2961 2150 non
3011 2095 3231 2161 furere;
3274 2095 3395 2161 sed,
3429 2093 3557 2149 Scio
3591 2109 3681 2150 me

2029 2179 2237 2234 vivere.
2273 2185 2587 2251 Nunquam
2622 2199 2756 2254 ergo
2792 2183 2908 2237 falli
2943 2200 3046 2238 nec
3079 2183 3313 2238 mentiri
3349 2186 3554 2254 potest,
3580 2183 3679 2255 qui

2031 2284 2092 2324 se
2121 2270 2306 2323 vivere
2339 2270 2544 2324 dixerit
2574 2271 2741 2326 scire.
2779 2271 2934 2326 Mille
2964 2271 3158 2342 itaque
3193 2271 3484 2326 fallacium
3526 2272 3676 2327 viso-

2030 2374 2161 2412 rum
2193 2373 2406 2429 genera
2436 2358 2786 2428 objiciuntur
2811 2359 2861 2414 ei
2893 2359 2990 2430 qui
3013 2359 3171 2425 dicit,
3202 2361 3330 2415 Scio
3355 2375 3445 2415 me
3465 2360 3674 2428 vivere;

2029 2444 2176 2500 nihil
2208 2445 2419 2500 horum
2450 2446 2699 2517 timebit,
2734 2448 2966 2518 quando
2998 2452 3054 2502 et
3103 2448 3201 2518 qui
3249 2448 3467 2503 fallitur
3514 2448 3672 2503 vivit.

2030 2544 2140 2598 Sed
2173 2544 2223 2598 si
2254 2542 2394 2598 talia
2419 2543 2543 2599 sola
2576 2545 2873 2615 pertinent
2905 2547 2976 2601 ad
2999 2545 3319 2600 humanam
3350 2547 3673 2614 scientiam,

2028 2647 2320 2703 perpauca
2354 2636 2528 2693 sunt;
2565 2633 2678 2688 nisi
2711 2634 2848 2703 quia
2879 2633 2938 2687 in
2971 2649 3322 2704 unoquoque
3352 2648 3559 2706 genere
3593 2636 3676 2691 ita

2030 2718 2528 2790 multipltcantur,
2565 2725 2626 2775 ut
2657 2738 2773 2776 non
2806 2720 2998 2776 solum
3032 2738 3216 2793 pauca
3245 2739 3359 2776 non
3391 2722 3533 2791 sint,
3590 2741 3678 2780 ve-

2028 2823 2161 2862 rum
2213 2807 2389 2863 etiam
2435 2809 2802 2881 reperiantur
2851 2826 2953 2881 per
2999 2809 3294 2865 infinitum
3362 2827 3672 2868 numerum

2028 2897 2284 2951 tendere.
2318 2896 2424 2962 Qui
2459 2897 2614 2952 cnim
2647 2898 2806 2965 dicit,
2840 2898 2966 2953 Scio
2998 2915 3089 2954 me
3117 2899 3328 2969 vivere,
3359 2916 3542 2956 unum
3576 2901 3674 2956 ali-

2029 2984 2168 3054 quid
2201 2984 2348 3040 scire
2378 3001 2440 3040 se
2473 2985 2649 3041 dicit:
2683 2986 2924 3057 proinde
2955 2987 3003 3043 si
3034 2987 3207 3055 dicat,
3241 2987 3367 3044 Scio
3401 3004 3493 3044 me
3523 2991 3672 3046 scire

2030 3089 2121 3128 me
2151 3073 2373 3127 vivere:
2409 3074 2522 3128 duo
2555 3078 2693 3129 sunt
2714 3075 2875 3145 jam;
2925 3075 3033 3131 hoc
3061 3093 3192 3131 vero
3225 3077 3379 3148 quod
3407 3078 3517 3132 scit
3548 3078 3670 3135 haec

2029 3162 2165 3228 duo,
2198 3162 2435 3216 tertium
2480 3162 2630 3218 scire
2667 3167 2755 3218 est
2782 3181 2794 3218 :
2829 3163 2911 3219 sic
2942 3168 3132 3235 potest
3164 3166 3375 3221 addere
3405 3170 3460 3222 et
3491 3184 3670 3239 quar-

2026 3253 2178 3316 tum,
2211 3255 2268 3306 et
2297 3251 2590 3321 quintum,
2624 3257 2678 3307 et
2710 3251 3238 3320 innumerabilia,si
3261 3255 3533 3312 sufﬁciat.
3560 3257 3669 3312 Sed

2028 3339 2164 3410 quia
2195 3341 2682 3396 innumerabilem
2715 3360 3027 3398 numerum
3058 3344 3144 3399 vel
3181 3345 3672 3417 comprehendere

2027 3428 2261 3501 singula
2291 3431 2577 3498 addendo,
2629 3430 2717 3486 vel
2768 3432 2958 3487 dicere
3006 3432 3510 3488 innumerabiliter
3556 3452 3671 3491 non

2028 3522 2240 3589 potest,
2275 3519 2382 3573 hoc
2411 3519 2605 3590 ipsum
2621 3519 2941 3575 certissime
2964 3522 3403 3593 comprehendit
3426 3539 3490 3577 ac
3513 3522 3674 3589 dicit,

2027 3611 2084 3660 et
2103 3622 2306 3662 verum
2330 3607 2438 3662 hoc
2461 3624 2609 3678 esse,
2631 3612 2685 3662 et
2715 3613 2834 3664 tam
2862 3609 3379 3681 innumerabile,ut
3398 3629 3526 3668 vere
3550 3613 3678 3684 ejus

2027 3695 2324 3750 inﬁnitum
2351 3712 2660 3751 numerum
2676 3714 2790 3752 non
2807 3698 2990 3769 possit
3008 3700 3498 3770 comprehendere
3519 3718 3583 3756 ac
3597 3701 3680 3757 di-

2026 3800 2170 3840 cere.
2183 3786 2295 3839 Hoc
2313 3785 2441 3839 etin
2458 3783 2755 3840 voluntate
2769 3790 2926 3843 certa
2940 3785 3213 3842 similiter
3231 3788 3448 3844 adverti
3464 3793 3674 3861 potest.

2027 3883 2166 3948 Quis
2197 3887 2285 3938 est
2331 3884 2485 3938 enim
2537 3883 2628 3938 cui
2673 3900 2788 3940 non
2824 3884 3200 3956 impudenter
3230 3888 3673 3960 respondeatur,

2027 3973 2193 4028 Forte
2215 3972 2697 4040 falleris,dicenti,
2729 3972 2869 4028 Volo
2905 3975 3112 4030 beatus
3144 3991 3272 4031 esse
3292 3975 3318 4029 ?
3339 3977 3475 4032 Etsi
3499 3978 3672 4049 dicat,

2027 4061 2156 4117 Scio
2175 4078 2267 4116 me
2288 4061 2397 4116 hoc
2421 4060 2646 4127 velle,et
2668 4061 2773 4116 hoc
2798 4077 2892 4116 me
2913 4062 3060 4118 scire
3084 4063 3203 4119 scio
3229 4064 3385 4135 ;jam
3409 4065 3500 4121 his
3523 4067 3673 4122 duo-

2025 4151 2134 4206 bus
2157 4153 2213 4205 et
2233 4151 2475 4206 tertium
2500 4155 2687 4221 potest
2709 4151 2940 4219 addere,
2957 4153 3112 4222 quod
3132 4151 3253 4208 haec
3276 4154 3390 4209 duo
3409 4155 3556 4209 sciat
3580 4173 3594 4222 ;
3618 4159 3675 4211 ct

2026 4241 2484 4312 quartum,quod
2511 4240 2631 4295 haec
2653 4241 2770 4295 duo
2793 4241 2940 4296 scire
2956 4258 3018 4297 se
3040 4242 3206 4310 sciat,
3230 4246 3286 4297 et
3314 4243 3584 4299 similiter
3614 4246 3673 4299 in

2025 4328 2322 4384 inﬁnitum
2339 4344 2650 4384 numerum
2672 4334 3086 4400 pergere.Item
3111 4331 3158 4385 si
3179 4330 3473 4402 quispiam
3496 4332 3673 4404 dicat,

2024 4417 2229 4472 Errare
2261 4417 2427 4484 nolo;
2484 4433 2673 4472 nonne
2717 4417 2838 4472 sive
2885 4423 3039 4474 erret
3081 4419 3201 4474 sive
3233 4436 3350 4474 non
3379 4424 3549 4489 erret,
3583 4437 3672 4476 er-

2027 4523 2153 4562 rare
2182 4509 2377 4561 tamen
2410 4522 2543 4560 eum
2571 4506 2724 4561 nolle
2755 4522 2952 4561 verum
2975 4507 3083 4562 erit
3105 4510 3127 4562 Ρ
3147 4507 3287 4571 Quis
3307 4512 3395 4563 est
3417 4509 3516 4580 qui
3538 4509 3676 4565 huic

2027 4612 2140 4651 non
2173 4593 2687 4666 impudentissime
2717 4595 2890 4663 dicat,
2925 4595 3190 4652 Forsitan
3229 4596 3445 4654 falleris
3467 4597 3494 4651 ?
3542 4615 3673 4653 cum

2026 4684 2280 4756 profecto
2337 4683 2694 4754 ubicumque
2746 4683 2999 4750 fallatur,
3047 4685 3168 4740 falli
3201 4701 3262 4741 se
3292 4692 3488 4741 tamen
3520 4687 3674 4743 nolle

2028 4799 2142 4838 non
2173 4779 2414 4836 fallitur.
2447 4781 2513 4835 Et
2545 4783 2594 4835 si
2621 4780 2729 4836 hoc
2751 4781 2899 4836 scire
2920 4797 2982 4837 se
3005 4782 3180 4852 dicat,
3196 4782 3359 4838 addit
3387 4786 3671 4854 quantum

2027 4872 2152 4928 vult
2172 4888 2366 4928 rerum
2391 4872 3109 4944 numerumcognitarum,
3135 4878 3192 4928 et
3209 4888 3518 4930 numerum
3543 4891 3672 4932 esse

2028 4960 2306 5034 perspicit
2318 4961 2750 5026 inﬁnitum.0ui
2765 4962 2918 5017 enim
2933 4962 3240 5029 dicit,Nolo
3254 4979 3344 5017 me
3360 4962 3548 5018 falliet
3564 4963 3672 5020 hoc

2030 5066 2124 5107 me
2153 5049 2304 5106 nolle
2350 5050 2493 5120 scio,
2526 5054 2583 5106 et
2614 5050 2720 5106 hoc
2753 5067 2846 5107 me
2868 5050 3016 5106 scire
3046 5051 3166 5106 scio
3193 5069 3206 5119 ;
3233 5053 3359 5121 jam
3390 5056 3448 5106 et
3475 5052 3524 5108 si
3555 5069 3671 5108 non

2030 5139 2332 5195 commoda
2349 5137 3036 5211 elocutione,potesthinc
3049 5138 3344 5194 inﬁnitum
3359 5156 3672 5197 numerum

2030 5228 2335 5283 ostendere
2359 5245 2372 5284 :
2399 5224 2592 5302 etialia
2614 5227 3136 5297 reperiunturque
3159 5228 3436 5284 adversus
3457 5231 3675 5286 Acade-

2030 5316 2214 5373 micos
2235 5315 2483 5383 valeant,
2519 5315 2620 5388 qui
2650 5315 2796 5370 nihil
2830 5316 2898 5370 ab
2922 5315 3158 5371 homine
3179 5315 3313 5371 sciri
3333 5333 3503 5388 posse
3533 5334 3676 5374 con-

2030 5406 2415 5463 tendunt.Sed
2440 5405 2651 5461 modus
2675 5403 3042 5460 adhibendus
3064 5408 3171 5472 est,
3194 5407 3514 5475 praesertim
3539 5406 3678 5477 quia

2031 5503 2090 5558 in
2111 5520 2281 5575 opere
2301 5503 2413 5558 isto
2433 5519 2546 5558 non
2568 5501 2676 5557 hoc
2694 5501 3242 5572 suscepimus.Sunt
3259 5501 3392 5558 inde
3407 5502 3541 5558 libri
3558 5510 3676 5561 tres

2032 5594 2236 5658 nostri,
2286 5592 2474 5662 primo
2530 5595 2744 5646 nostris
2791 5591 3185 5646 conversionis
3220 5595 3478 5663 tempore
3505 5610 3673 5649 cons-

2033 5681 2378 5752 cripti,quos
2408 5680 2505 5751 qui
2539 5679 2795 5751 potuerit
2825 5682 2882 5735 et
2902 5678 3356 5752 volueritlegere
3379 5680 3679 5755 lectosque

2033 5768 2397 5839 intellexerit,
2447 5768 2593 5827 nihil
2631 5783 2767 5827 eum
2806 5769 3060 5843 profecto
3109 5786 3236 5842 quas
3262 5771 3334 5828 ab
3361 5771 3447 5828 eis
3475 5777 3677 5830 contra
