4160 6456
258 388 415 445 107⁵1

257 522 315 573 et
369 516 427 572 in
478 516 607 590 ipso
655 522 785 586 est;
836 518 989 590 quod
1014 520 1207 573 autem
1251 516 1309 571 in
1336 530 1403 570 ea
1424 530 1538 569 non
1580 517 1689 585 est,
1723 530 1828 569 nec
1856 513 1917 568 in

264 605 396 678 ipso
419 610 528 662 est.
552 607 623 662 Et
644 606 854 663 falsum
877 607 1090 662 habere
1111 605 1332 677 aliquid
1354 603 1463 659 hoc
1492 604 1746 658 Verbum
1768 619 1915 658 nun-

258 712 436 766 quam
464 699 684 767 potest:
711 695 850 767 quia
875 694 1320 750 immutabiliter
1342 694 1423 748 sic
1449 709 1509 747 se
1534 691 1728 757 habet,
1761 695 1824 746 ut
1855 707 1917 747 se

254 783 436 838 habet
469 784 540 840 de
572 802 687 857 quo
716 790 825 840 est.
858 787 974 841 Non
1003 784 1159 840 enim
1188 786 1356 855 potest
1386 783 1561 837 Filius
1590 799 1623 835 a
1652 798 1712 835 se
1730 781 1917 851 facere

252 873 577 944 quidquam,
600 875 710 928 nisi
730 872 872 945 quod
906 873 1103 929 viderit
1141 874 1364 927 Patrem
1403 873 1693 941 facientem
1733 871 1910 940 (Joan.

252 977 309 1029 ν,
350 964 457 1031 19).
492 966 763 1018 Potenter
791 962 899 1018 hoc
934 980 1045 1017 non
1090 966 1301 1034 potest,
1335 977 1437 1015 nec
1466 966 1553 1015 est
1601 958 1913 1014 infirmitas

253 1049 389 1120 ista,
425 1051 527 1106 sed
559 1050 828 1119 ﬁrmitas,
852 1068 964 1121 qua
992 1051 1132 1106 falsa
1154 1066 1280 1105 esse
1316 1066 1430 1104 non
1468 1052 1656 1119 potest
1677 1048 1910 1102 veritas.

251 1139 422 1195 Novit
448 1140 645 1211 itaque
669 1141 868 1196 omnia
891 1141 1043 1195 Deus
1076 1144 1244 1195 Pater
1284 1139 1341 1193 in
1390 1155 1452 1193 se
1482 1137 1627 1208 ipso,
1664 1135 1823 1191 novit
1852 1136 1911 1192 in

251 1227 397 1283 Filio
423 1245 435 1282 :
461 1229 564 1284 sed
587 1228 645 1283 in
670 1228 874 1300 seipso
897 1233 1177 1299 tanquam
1198 1244 1258 1283 se
1286 1227 1503 1299 ipsum,
1530 1226 1588 1280 in
1618 1224 1758 1280 l’ilin
1780 1228 1907 1279 tan-

253 1333 437 1389 quam
468 1317 722 1373 Verbum
756 1317 1130 1389 suum,iquod
1154 1320 1243 1372 est
1273 1317 1342 1370 de
1372 1315 1464 1370 bis
1486 1314 1760 1370 omnibus
1782 1330 1907 1385 quae

258 1412 403 1462 sunt
442 1406 499 1461 in
533 1422 594 1461 se
646 1405 795 1479 ipso.
842 1407 1051 1461 Omnia
1093 1405 1366 1461 similiter
1401 1403 1560 1459 novit
1601 1407 1656 1459 et
1705 1402 1909 1474 Filius,

252 1494 313 1550 in
348 1512 411 1551 se
440 1495 682 1562 scilicet,
702 1500 983 1568 tanquam
1004 1512 1071 1551 ea
1102 1512 1232 1567 quae
1259 1498 1394 1550 nata
1426 1496 1564 1549 sunt
1594 1492 1663 1548 de
1692 1493 1765 1547 iis
1784 1508 1914 1563 quae

252 1588 430 1640 Pater
464 1584 698 1640 novitin
739 1601 801 1640 se
823 1584 951 1656 ipso
986 1600 997 1637 :
1046 1584 1105 1638 in
1130 1584 1293 1638 Patre
1323 1587 1515 1637 autem
1540 1587 1817 1653 tanquam
1849 1597 1915 1637 ea

252 1674 329 1731 de
350 1674 566 1746 quibus
597 1677 735 1729 nata
787 1677 943 1737 sunt,
974 1689 1101 1743 quae
1152 1672 1277 1743 ipse
1306 1671 1486 1727 Filius
1535 1670 1692 1726 novit
1738 1670 1796 1724 in
1849 1686 1912 1725 se

251 1763 403 1834 ipso.
439 1763 648 1819 Sciunt
678 1778 814 1833 ergo
854 1760 1103 1817 invicem
1135 1761 1305 1816 Pater
1321 1765 1376 1816 et
1412 1759 1589 1815 Filius
1631 1775 1643 1814 :
1682 1758 1781 1814 sed
1815 1757 1911 1813 ille

262 1852 580 1924 gignendo,
613 1850 721 1906 iste
753 1850 1067 1906 nascendo.
1103 1850 1169 1903 Et
1200 1849 1397 1904 omnia
1425 1865 1548 1919 qua:
1566 1850 1704 1903 sunt
1732 1847 1788 1901 in
1817 1862 1911 1902 eo-

265 1958 401 1998 rum
434 1939 700 2009 scientia,
726 1939 782 1994 in
805 1954 1005 1994 eorum
1038 1938 1345 2010 sapientia,
1376 1937 1434 1992 in
1466 1953 1668 1992 eorum
1713 1952 1911 1992 essen-

254 2029 364 2095 tia,
392 2027 801 2100 unusquisque
833 2043 1034 2082 eorum
1068 2026 1250 2081 simul
1272 2026 1458 2094 videt;
1493 2042 1608 2080 non
1660 2025 1909 2097 particu-

270 2116 438 2174 latim
489 2122 590 2174 aut
631 2116 996 2189 singillatim,
1042 2114 1201 2171 velut
1230 2115 1552 2170 alternante
1598 2118 1911 2185 conspectu

247 2207 391 2263 hinc
421 2206 577 2274 illuc,
613 2210 671 2261 et
700 2206 833 2261 inde
865 2206 979 2260 huc
1011 2209 1067 2259 et
1117 2221 1326 2259 rursus
1376 2205 1515 2259 inde
1549 2204 1633 2258 vel
1681 2203 1811 2258 inde
1851 2202 1911 2257 in

251 2296 415 2354 aliud
442 2300 618 2369 atque
640 2294 821 2365 aliud,
858 2298 922 2349 ut
958 2293 1157 2365 aliqua
1189 2293 1382 2349 videre
1414 2310 1527 2348 non
1560 2291 1745 2365 possit
1798 2291 1912 2348 nisi

254 2402 375 2443 non
407 2385 609 2440 videns
652 2382 801 2438 alia:
849 2383 969 2452 sed,
1014 2387 1078 2437 ut
1123 2382 1260 2449 dixi,
1291 2381 1468 2437 simul
1504 2380 1703 2436 omnia
1736 2380 1911 2449 videt,

252 2490 507 2548 quorum
542 2472 772 2528 nullum
806 2477 895 2527 est
925 2472 1077 2542 quod
1113 2488 1227 2526 non
1254 2487 1483 2543 semper
1510 2464 1684 2526 videt.

332 2564 423 2620 24.
454 2563 707 2619 Verbum
735 2566 932 2617 autem
965 2566 1229 2617 nostrum
1251 2560 1394 2616 illud
1419 2578 1532 2617 non
1561 2561 1717 2632 quod
1739 2560 1915 2616 habet

257 2669 473 2710 sonum
520 2668 711 2723 neque
773 2651 1183 2723 cogitationem
1226 2649 1356 2706 soni
1395 2650 1519 2717 sed,
1568 2649 1747 2720 hujus
1790 2650 1909 2705 rei!

255 2758 438 2815 quam
470 2741 718 2796 videndo
744 2740 903 2795 intus
926 2739 1197 2807 dicimus,
1226 2743 1283 2794 et
1305 2738 1433 2794 ideo
1455 2737 1677 2794 nullius
1699 2737 1912 2811 linguai

260 2835 374 2899 est;
394 2836 571 2902 atque
592 2829 728 2885 inde
746 2833 1063 2899 utcumque
1086 2827 1276 2883 simile
1299 2827 1454 2883 estin
1477 2828 1584 2884 boc
1607 2829 1913 2900 :enigmate

254 2916 341 2973 illi
367 2917 549 2973 Verbo
586 2916 705 2985 Dei,
732 2915 886 2986 quod
911 2915 1081 2969 etiam
1128 2919 1273 2970 Deus
1303 2920 1412 2981 est,
1433 2915 1706 2987 quoniam
1742 2916 1825 2971 sic
1857 2920 1914 2971 et

259 3006 374 3063 hoc
406 3006 477 3061 de
499 3009 702 3060 nostra
732 3003 1016 3069 nascitur,
1049 3004 1547 3074 quemadmodum
1581 3008 1637 3059 et
1666 3004 1809 3059 illud
1842 3005 1914 3060 de

260 3094 510 3152 scientia
542 3092 731 3149 Patris
762 3096 964 3147 natum
998 3098 1086 3147 est
1126 3109 1137 3147 :
1180 3097 1443 3149 nostrum
1468 3110 1604 3165 ergo
1640 3093 1751 3149 tale
1782 3110 1909 3149 ver-

249 3184 421 3252 bum,
460 3182 613 3254 quod
672 3180 1005 3237 invenimus
1036 3197 1164 3237 esse
1209 3186 1524 3253 utcumque
1566 3181 1651 3236 illi
1697 3182 1909 3253 simile,

262 3274 553 3346 quantum
587 3271 667 3327 sit
698 3270 871 3325 etiam
906 3269 1191 3326 dissimile
1220 3272 1374 3327 sicut
1402 3288 1436 3326 a
1469 3271 1633 3326 nobis
1660 3272 1773 3328 dici
1807 3288 1911 3344 po-

257 3361 461 3427 tuerit,
497 3377 611 3416 non
639 3359 831 3431 pigeat
859 3358 1095 3414 intueri.

335 3449 571 3506 CAPUT
597 3448 711 3505 XV.
737 3480 802 3488 —
818 3452 1040 3519 Quanta
1061 3450 1132 3503 sit
1150 3448 1547 3504 dissimilitudo
1570 3450 1721 3504 verbi
1740 3451 1915 3505 nostri

262 3548 319 3596 et
356 3539 513 3596 Verbi
530 3536 728 3593 divini.
756 3538 983 3592 Verbum
1000 3541 1249 3592 nostrum
1266 3540 1660 3610 sempiternum
1682 3556 1793 3595 esse
1821 3548 1916 3596 aut

261 3627 380 3683 dici
401 3643 512 3683 non
530 3629 719 3698 potest.
762 3625 1056 3695 Numquid
1101 3626 1339 3682 verbum
1380 3632 1647 3682 nostrum
1686 3628 1756 3684 de
1791 3628 1916 3684 sola

262 3716 514 3773 scientia
534 3719 734 3771 nostra
748 3714 1160 3770 nascitur?Non
1173 3731 1241 3771 ne
1260 3714 1443 3770 multa
1456 3715 1912 3786 dicimus,etiam

264 3821 397 3877 quas
440 3803 765 3860 nescimus?
790 3807 904 3858 Nec
921 3803 1257 3859 dubitantes
1274 3820 1342 3860 ea
1368 3805 1642 3873 dicimus,
1664 3807 1764 3862 sed
1780 3823 1915 3863 vera

258 3910 392 3950 esse
423 3892 812 3949 arbitrantes:
842 3908 968 3963 quae
1012 3892 1157 3948 forte
1178 3892 1227 3947 si
1274 3910 1410 3949 vera
1460 3898 1618 3962 sunt,
1653 3895 1710 3951 in
1769 3896 1915 3967 ipsis

257 3982 441 4039 rebus
495 3983 564 4037 de
606 3981 816 4052 quibus
848 3980 1166 4053 loquimur,
1204 3998 1319 4038 non
1381 3982 1441 4038 in
1483 3983 1656 4039 verbo
1714 3990 1914 4041 nostro

258 4085 403 4127 vera
422 4074 580 4137 sunt;
604 4068 743 4141 quia
772 4070 1016 4127 verbum
1056 4086 1255 4125 verum
1299 4087 1412 4126 non
1454 4076 1562 4138 est,
1597 4072 1709 4127 nisi
1759 4074 1913 4145 quod

263 4157 339 4214 de
350 4173 413 4213 re
433 4174 559 4229 quas
584 4157 1072 4229 scitur,gignitur.
1096 4157 1330 4214 Falsum
1345 4163 1433 4215 est
1450 4175 1586 4233 ergo
1606 4160 1717 4217 isto
1741 4163 1913 4218 modo

257 4247 508 4303 verbum
546 4253 835 4315 nostrum,
870 4262 982 4301 non
1006 4263 1139 4302 cum
1164 4249 1463 4312 mentitur,
1488 4250 1588 4304 sed
1612 4266 1740 4305 cum
1764 4250 1913 4305 falli-

264 4334 571 4391 mur.Cum
595 4339 789 4390 autem
812 4334 1440 4401 dubitamus,nondum
1464 4340 1553 4392 est
1582 4338 1823 4393 verbum
1844 4339 1914 4394 de

258 4440 326 4481 re
348 4423 419 4480 de
441 4439 558 4495 qua
570 4423 1036 4491 dubitamus,sed
1058 4424 1129 4479 de
1152 4423 1280 4496 ipsa
1300 4424 1658 4482 dubitatione
1672 4427 1912 4483 verbum

261 4516 375 4571 est.
396 4511 670 4579 Quamvis
683 4512 838 4568 enim
864 4529 976 4568 non
1002 4513 1339 4569 noverimus
1358 4531 1429 4568 an
1444 4531 1642 4569 verum
1661 4516 1738 4571 sit
1761 4517 1913 4573 unde

264 4601 832 4667 dubitamus,tamen
855 4600 1121 4657 dubitare
1143 4617 1247 4657 nos
1270 4602 1538 4658 novimus
1559 4621 1571 4660 :
1596 4620 1661 4659 ac
1683 4621 1783 4675 per
1804 4604 1913 4661 hoc

262 4706 403 4747 cum
427 4690 535 4746 hoc
563 4689 837 4756 dicimus,
859 4706 1061 4745 verum
1085 4690 1323 4746 verbum
1345 4695 1453 4759 est;
1469 4693 1910 4764 quoniamquod

267 4776 541 4833 novimus
563 4776 835 4833 dicimus.
867 4777 1035 4847 Quid,
1069 4778 1223 4849 quod
1253 4778 1431 4835 etiam
1463 4780 1695 4836 mentiri
1713 4798 1914 4852 possu-

264 4864 437 4923 mus?
457 4866 617 4930 Quod
642 4882 777 4922 cum
798 4866 1068 4935 facimus,
1096 4867 1297 4939 utique
1319 4867 1578 4925 volentes
1591 4874 1646 4925 et
1663 4871 1913 4928 scientes

260 4953 482 5012 falsum
517 4955 758 5012 verbum
797 4954 1120 5011 habemus:
1155 4956 1255 5010 ubi
1303 4972 1503 5012 verum
1548 4958 1787 5014 verbum
1826 4965 1915 5016 est

265 5042 502 5100 mentiri
535 5060 662 5113 nos;
686 5043 794 5099 hoc
814 5043 971 5100 enim
992 5043 1235 5099 scimus.
1257 5045 1328 5101 Et
1350 5061 1485 5100 cum
1511 5047 1781 5103 mentitos
1806 5065 1912 5105 nos

266 5147 400 5188 esse
428 5132 997 5197 conﬁtemur,verum
1020 5132 1303 5189 dicimus:
1328 5135 1483 5205 quod
1506 5136 1726 5191 scimus
1756 5136 1911 5193 enim

266 5220 771 5289 dieimus;scimus
785 5238 1035 5293 namque
1062 5238 1165 5277 nos
1187 5238 1316 5278 esse
1336 5224 1629 5280 mentitos.
1658 5225 1911 5281 Verbum

265 5314 461 5366 autem
480 5309 623 5364 illud
650 5310 799 5381 quod
830 5314 918 5365 est
942 5311 1088 5366 Deus
1111 5316 1168 5366 et
1188 5312 1481 5383 potentius
1503 5318 1590 5368 est
1610 5312 1913 5383 nobis,boc

266 5415 384 5455 non
410 5402 617 5470 potest.
663 5400 780 5454 Non
824 5400 979 5454 enim
1018 5405 1190 5470 potest
1215 5403 1395 5471 facere
1431 5402 1749 5474 quidquam,
1797 5406 1915 5459 nisi

268 5487 409 5560 quod
436 5486 637 5543 viderit
659 5491 887 5541 Patrem
913 5486 1208 5559 facientem
1230 5508 1248 5543 :
1281 5493 1337 5545 et
1369 5507 1480 5545 non
1514 5510 1544 5545 a
1576 5506 1636 5545 se
1668 5490 1794 5561 ipso
1836 5492 1912 5546 lo-

268 5576 493 5649 quitur,
518 5574 618 5630 sed
642 5592 675 5629 a
696 5574 860 5630 Patre
884 5574 966 5629 illi
990 5582 1079 5631 est
1102 5593 1273 5633 omne
1296 5579 1448 5649 quod
1466 5578 1744 5650 loquitur,
1777 5596 1911 5635 cum

336 5674 473 5739 {Hic
494 5673 616 5723 Mss.
639 5671 858 5739 addunt,
872 5672 1009 5736 quod
1026 5675 1163 5739 intus
1185 5673 1332 5739 lueet,
1345 5676 1427 5724 cui
1438 5676 1605 5739 magis
1624 5675 1764 5725 verbi
1782 5690 1914 5728 com-

264 5736 399 5804 petit
428 5734 923 5799 nomemSumptufn
944 5739 1105 5787 estex
1134 5737 1286 5788 initio
1317 5739 1502 5803 capitis
1525 5734 1818 5791 undecimi.

1447 382 1676 441 LIBElt
1724 381 2068 453 QUINTUS
2116 382 2287 439 DECl
2302 382 2479 445 MUS.

3511 404 3667 462 1078

2019 513 2216 585 ipsum
2260 514 2423 569 Pater
2444 517 2613 573 unice
2638 517 2920 591 loquitur:
2947 528 3001 578 et
3050 542 3263 599 magna
3300 526 3461 586 illius
3492 531 3668 589 Verbi

2020 602 2279 674 potentia
2308 607 2415 669 est,
2440 622 2551 661 non
2578 625 2745 679 posse
2773 598 3179 685 mentiri;quia
3203 634 3315 672 non
3334 623 3522 689 potest
3537 636 3665 678 esse

2017 690 2137 746 illic
2163 693 2259 746 Est
2279 701 2330 747 et
2349 709 2457 748 non
2480 695 2550 765 (II
2576 695 2695 752 Cor.
2731 716 2770 766 ι,
2810 700 2916 771 19),
2959 703 3059 758 sed
3081 706 3193 771 Est,
3218 712 3289 761 est
3310 725 3333 769 ;
3362 710 3499 780 Non,
3533 726 3662 767 non.

2016 780 2089 835 At
2110 780 2264 834 enim
2290 797 2393 837 nec
2418 784 2656 840 verbum
2679 785 2991 845 dicendum
3016 796 3124 859 est,
3151 796 3306 865 quod
3335 814 3530 853 verum
3548 817 3663 855 non

2018 873 2124 923 est.
2160 869 2217 925 Si
2246 870 2381 941 ita‘,
2414 871 2597 927 libens
2618 877 2924 933 assentior.
2963 880 3134 946 Quid,
3167 898 3299 938 cum
3341 902 3541 941 verum
3575 894 3666 943 est

2016 958 2258 1013 verbum
2280 966 2566 1031 nostrum,
2590 968 2644 1017 et
2668 964 2795 1019 ideo
2818 972 2968 1022 recte
2985 971 3225 1026 verbum
3246 979 3482 1029 vocatur
3498 993 3665 1032 num-

2018 1045 2159 1117 quid
2184 1046 2334 1101 sicut
2356 1048 2467 1103 dici
2499 1056 2687 1120 potest
2711 1053 2797 1108 vel
2821 1055 2963 1110 visio
2987 1056 3055 1112 de
3077 1058 3318 1129 visione,
3361 1062 3448 1117 vel
3475 1064 3661 1119 scien-

2013 1133 2096 1189 tia
2114 1136 2184 1190 de
2214 1136 2477 1208 scientia,
2503 1138 2581 1193 ita
2604 1140 2716 1197 dici
2747 1146 2936 1214 potest
2979 1148 3233 1203 essentia
3264 1150 3333 1204 de
3384 1153 3659 1221 essentia,

2018 1222 2173 1279 sicut
2216 1223 2357 1279 illud
2394 1226 2492 1281 Dei
2542 1228 2785 1285 Verbum
2822 1232 3071 1291 maxime
3121 1236 3335 1293 dicitur
3383 1240 3661 1297 maxime-

2018 1326 2132 1383 que
2155 1312 2465 1370 dicendum
2509 1316 2632 1371 est?
2669 1318 2812 1381 Quid
2848 1320 2945 1388 ita,
2979 1324 3116 1395 quia
3147 1342 3259 1382 non
3291 1326 3399 1385 hoc
3441 1334 3529 1385 est
3558 1348 3661 1386 no-

2015 1399 2107 1456 bis
2136 1417 2283 1471 esse,
2304 1404 2457 1473 quod
2480 1410 2570 1460 est
2591 1422 2779 1463 nosse.
2807 1408 2988 1465 Multa
3014 1413 3227 1487 quippe
3246 1417 3517 1475 novimus
3534 1436 3662 1490 quas

2013 1505 2117 1560 per
2146 1492 2485 1547 memoriam
2524 1496 2777 1566 quodam
2817 1500 2987 1555 modo
3026 1502 3247 1571 vivunt,
3299 1505 3380 1561 ita
3424 1512 3481 1563 et
3511 1508 3660 1565 obli-

2011 1578 2181 1634 vione
2221 1581 2474 1651 quodam
2525 1585 2697 1639 modo
2748 1586 3119 1646 moriuntur:
3146 1596 3320 1663 atque
3359 1595 3486 1651 ideo
3525 1613 3659 1655 cum

2012 1664 2113 1721 illa
2128 1669 2253 1738 jam
2280 1685 2394 1724 non
2413 1669 2532 1725 sint
2554 1672 2611 1726 in
2632 1674 2841 1730 notitia
2862 1682 3191 1745 nostra,nos
3208 1686 3402 1738 tamen
3418 1701 3656 1752 sumus;

2013 1760 2072 1810 et
2103 1772 2236 1812 cum
2261 1759 2483 1815 scentia
2513 1764 2717 1817 nostra
2744 1763 2940 1820 animo
2963 1765 3125 1839 lapsa
3144 1768 3378 1841 perierit
3400 1790 3433 1828 a
3464 1774 3655 1845 nobis,

2013 1861 2121 1899 nos
2152 1850 2347 1902 tamen
2378 1848 2647 1905 vivimus.

2082 1935 2173 1988 25.
2200 1935 2299 1989 Illa
2324 1936 2496 1992 etiam
2524 1955 2649 2010 quae
2675 1940 2756 1996 ita
2786 1942 3075 2009 sciuntur,
3110 1951 3171 2001 ut
3195 1964 3513 2021 numquam
3560 1968 3654 2008 ex-

2014 2023 2203 2113 cidere
2233 2027 2482 2095 possint,
2519 2029 2796 2100 quoniam
2829 2034 3136 2103 praesentia
3166 2041 3324 2104 sunt,
3361 2042 3418 2093 et
3457 2040 3530 2095 ad
3570 2040 3661 2113 ip-

2014 2112 2139 2168 sius
2170 2114 2347 2168 animi
2374 2120 2639 2171 naturam
2670 2120 2977 2192 pertinent,
3000 2128 3061 2177 ut
3084 2128 3173 2180 est
3206 2125 3345 2181 illud
3380 2129 3533 2200 quod
3552 2112 3658 2187 nos

2012 2202 2204 2258 vivere
2253 2204 2472 2259 scimus
2521 2207 2742 2277 (manet
2773 2209 2928 2266 enim
2958 2211 3063 2267 hoc
3096 2216 3375 2286 quamdiu
3425 2219 3659 2275 animus

2014 2296 2230 2357 manet,
2264 2297 2319 2346 et
2350 2293 2487 2365 quia
2512 2311 2739 2367 semper
2768 2303 2967 2353 manet
2994 2302 3247 2371 animus,
3281 2309 3339 2359 et
3368 2305 3477 2362 hoc
3508 2324 3661 2365 sem-

2015 2395 2118 2451 per
2150 2382 2364 2453 manet)
2397 2400 2411 2438 :
2445 2383 2499 2437 id
2533 2399 2670 2456 ergo
2699 2390 2754 2440 et
2793 2387 2842 2441 si
2893 2404 3006 2457 qua
3036 2392 3405 2461 reperiuntur
3426 2393 3661 2466 similia,

2014 2468 2073 2524 in
2106 2470 2321 2541 quibus
2373 2470 2566 2543 imago
2603 2474 2694 2527 Dei
2744 2475 2938 2545 potius
2969 2476 3251 2535 intuenda
3290 2486 3381 2536 est
3430 2483 3663 2540 etiamsi

2017 2574 2249 2628 semper
2269 2559 2556 2626 sciuntur,
2580 2565 2775 2617 tamen
2809 2564 2949 2635 quia
2978 2582 3090 2620 non
3109 2584 3341 2640 semper
3369 2570 3547 2627 etiam
3567 2589 3664 2628 co-

2016 2647 2299 2715 gitantur,
2334 2650 2624 2720 quomodo
2656 2652 2727 2706 de
2770 2652 2863 2707 his
2894 2653 3123 2709 dicatur
3167 2659 3408 2714 verbum
3443 2662 3663 2733 sempi-

2015 2736 2332 2808 piternum,
2366 2754 2499 2793 cum
2531 2740 2772 2795 verbum
2799 2746 3067 2799 nostrum
3092 2750 3292 2802 nostra
3312 2748 3668 2820 cogitatione

2016 2825 2264 2891 dicatur,
2321 2826 2579 2883 invenire
2628 2828 2865 2885 difficile
2915 2835 3021 2888 est.
3080 2834 3515 2907 Sempiternum
3568 2843 3660 2894 est

2015 2914 2171 2969 enim
2204 2914 2400 2969 animo
2442 2916 2652 2988 vivere,
2703 2919 3123 2989 sempiternum
3168 2927 3259 2978 est
3310 2926 3457 2981 scire
3506 2928 3661 2998 quod

2012 3002 2187 3058 vivit:
2219 3020 2321 3057 nec
2359 3008 2554 3059 tamen
2600 3006 3023 3077 sempiternum
3054 3014 3143 3065 est
3186 3012 3439 3084 cogitare
3480 3015 3661 3071 vitam

2015 3106 2207 3162 suam,
2244 3091 2330 3147 vel
2386 3094 2640 3165 cogitare
2669 3095 2971 3152 scientiam
3014 3098 3147 3156 vita:
3176 3117 3333 3169 sua;
3383 3104 3661 3175 quoniam

2017 3195 2150 3235 cum
2181 3180 2337 3236 aliud
2362 3186 2535 3254 atque
2560 3181 2715 3238 aliud
2743 3185 3122 3257 cmperit,boc
3150 3189 3377 3245 desinet
3392 3191 3661 3264 cogitare,

2015 3270 2285 3338 quamvis
2308 3287 2421 3325 non
2459 3271 2690 3327 desinat
2735 3274 2902 3329 scire.
2927 3275 3008 3330 Ex
3038 3292 3153 3348 quo
3182 3278 3265 3343 ﬁt,
3299 3282 3364 3334 ut
3394 3281 3441 3334 si
3475 3285 3666 3352 potest

2014 3371 2142 3411 esse
2172 3356 2229 3410 in
2263 3358 2459 3413 animo
2491 3358 2687 3432 aliqua
2716 3363 2941 3416 scentia
2982 3365 3357 3437 sempiterna,
3407 3371 3464 3422 et
3510 3385 3666 3424 sem-

2015 3446 2245 3517 piterna
2274 3463 2403 3501 esse
2428 3464 2541 3503 non
2574 3452 2763 3519 potest
2791 3450 3054 3520 ejusdem
3088 3453 3341 3509 scientia;
3371 3456 3662 3527 cogitatio,

2016 3541 2076 3590 et
2096 3536 2334 3591 verbum
2368 3552 2564 3591 verum
2598 3541 2863 3592 nostrum
2901 3539 3171 3595 intimum
3206 3542 3316 3597 nisi
3341 3548 3539 3600 nostra
3569 3562 3665 3601 co-

2017 3624 2294 3696 gitatione
2325 3642 2439 3680 non
2479 3626 2711 3691 dicitur,
2746 3626 2906 3683 solus
2954 3628 3107 3685 Deus
3150 3630 3513 3704 intelligatur
3556 3634 3666 3689 ba-

2017 3714 2152 3769 bere
2180 3714 2432 3769 Verbum
2459 3715 2875 3785 sempiternum
2900 3716 3124 3788 sibique
3146 3724 3515 3777 coaeternum.
3536 3723 3663 3779 Nisi

2016 3803 2163 3858 forte
2186 3803 2497 3860 dicendum
2523 3807 2630 3871 est,
2664 3804 2850 3874 ipsam
2887 3806 3329 3875 possibilitatem
3358 3810 3663 3882 cogitatio-

2018 3893 2132 3962 nis,
2159 3893 2437 3965 quoniam
2469 3892 2525 3947 id
2561 3893 2713 3962 quod
2747 3892 3139 3960 scitur,etiam
3173 3899 3407 3968 quando
3429 3916 3541 3954 non
3566 3917 3658 3955 co-

2019 3982 2262 4052 gitatur,
2324 3985 2518 4051 potest
2572 3987 2768 4036 tamen
2812 3984 3092 4041 veraciter
3122 3986 3385 4057 cogitari,
3416 3989 3657 4044 verbum

2016 4085 2145 4125 esse
2175 4075 2299 4124 tam
2331 4074 2698 4141 perpetuum,
2738 4086 2915 4141 quam
2956 4072 3179 4127 scentia
3206 4075 3336 4146 ipsa
3382 4082 3661 4147 perpetua

2016 4159 2251 4214 est.Sed
2276 4161 2567 4229 quomodo
2587 4163 2675 4212 est
2703 4160 2966 4224 verbum,
2994 4162 3145 4231 quod
3183 4164 3438 4218 nondum
3475 4166 3533 4219 in
3566 4183 3657 4221 co-

2016 4249 2315 4319 gitationis
2345 4247 2565 4302 visione
2597 4248 2909 4302 formatum
2932 4249 3063 4303 est?
3104 4251 3403 4314 Quomodo
3432 4252 3541 4307 erit
3572 4254 3659 4307 si-

2017 4336 2156 4391 mile
2185 4336 2442 4391 scientize
2472 4337 2543 4390 de
2571 4352 2687 4405 qua
2708 4335 3044 4405 nascitur,si
3066 4338 3192 4407 ejus
3216 4354 3329 4392 non
3352 4339 3526 4419 babet
3546 4341 3662 4395 for-

2021 4441 2200 4491 mam,
2227 4429 2285 4478 et
2306 4426 2435 4479 ideo
2461 4424 2585 4494 jam
2612 4428 2855 4478 vocatur
2892 4425 3127 4479 verbum
3166 4425 3302 4496 quia
3324 4432 3517 4497 potest
3557 4429 3660 4482 ba-

2015 4514 2327 4568 bereP'l‘ale
2347 4516 2436 4567 est
2455 4512 2610 4565 enim
2634 4528 2699 4567 ac
2720 4512 2768 4567 si
2792 4513 3038 4575 dicatur,
3057 4513 3316 4584 ideojam
3330 4516 3656 4571 vocandum

2015 4619 2143 4658 esse
2158 4602 2397 4657 verbum
2422 4600 2560 4672 quia
2580 4604 2771 4671 potest
2793 4616 2922 4655 esse
2951 4602 3215 4659 verbum.
3250 4602 3361 4657 Sed
3414 4604 3510 4674 qui
3560 4610 3649 4659 est

2015 4692 2167 4763 quod
2204 4694 2392 4762 potest
2422 4705 2550 4744 esse
2596 4689 2860 4755 verbum,
2893 4694 2949 4745 et
2979 4690 3105 4745 ideo
3132 4692 3259 4761 jam
3294 4692 3535 4763 dignum
3569 4697 3658 4749 est

2012 4780 2174 4836 verbi
2206 4780 2472 4835 nomine?
2488 4776 2633 4842 Quid
2656 4782 2765 4840 est.
2788 4777 3052 4848 inquam,
3067 4778 3175 4833 hoc
3197 4779 3499 4835 formabile
3516 4796 3658 4836 non-

2015 4871 2275 4939 dumque
2306 4870 2644 4930 formatum,
2676 4866 2790 4921 nisi
2838 4867 3120 4937 quiddam
3172 4868 3387 4923 mentis
3418 4875 3655 4937 nostra},

2016 4959 2171 5029 quod
2185 4958 2293 5012 bac
2322 4961 2497 5027 atque
2519 4958 2625 5010 bac
2659 4954 2893 5010 volubili
2923 4955 3175 5026 quadam
3207 4956 3463 5011 motione
3476 4957 3660 5026 jacta-
3692 4965 3695 4967 ’

2016 5063 2173 5111 mus,
2196 5061 2331 5101 cum
2355 5061 2388 5098 a
2416 5043 2586 5099 nobis
2608 5059 2764 5098 nunc
2814 5043 2943 5109 hoc,
2994 5059 3150 5097 nunc
3187 5042 3353 5111 illud,
3385 5044 3541 5101 sicut
3570 5046 3659 5100 in-

2015 5140 2249 5190 ventum
2282 5133 2461 5188 fuerit
2488 5132 2577 5186 vel
2606 5130 2942 5196 occurrerit,
2979 5131 3270 5201 cogitatur
3287 5132 3315 5185 ‘P
3342 5132 3407 5187 Et
3433 5137 3575 5188 tunc
3596 5134 3665 5189 fit

2014 5238 2215 5279 verum
2247 5223 2509 5289 verbum,
2533 5220 2766 5290 quando
2786 5219 2933 5273 illud
2968 5220 3125 5289 quod
3146 5235 3254 5274 nos
3275 5220 3391 5274 dixi
3420 5220 3665 5277 volubili

2019 5312 2529 5381 motionejactare,
2550 5308 2621 5363 ad
2647 5308 2703 5362 id
2735 5307 2890 5378 quod
2923 5308 3146 5361 scimus
3168 5309 3665 5380 pervenit9,atque

2018 5402 2155 5457 inde
2183 5401 2488 5463 formatur,
2511 5399 2639 5467 ejus
2670 5396 3067 5451 omnimodam
3092 5396 3535 5453 similitudinem
3566 5414 3662 5453 ca-

2019 5491 2205 5561 piens;
2237 5494 2300 5542 ut
2333 5486 2627 5557 quomodo
2660 5501 2751 5539 res
2772 5500 3014 5555 quasque
3035 5484 3235 5552 scitur,
3269 5486 3353 5540 sic
3374 5486 3549 5541 etiam
3568 5503 3662 5541 co-

2082 5618 2098 5651 ¹
2117 5615 2169 5665 Si
2182 5614 2372 5664 ceditio
2388 5610 3117 5671 PP.Benedict.Antuerpiana
3130 5624 3250 5659 cum
3270 5611 3537 5661 nonnullis
3551 5612 3660 5662 edi-

2016 5680 2102 5735 tis;
2124 5683 2178 5726 at
2194 5678 2245 5725 in
2266 5676 2424 5739 priori
2446 5674 2678 5739 editione
2694 5672 3033 5739 Benedictins
3049 5673 3259 5736 legitur,
3279 5676 3347 5723 sit
3359 5676 3459 5739 ita.
3524 5675 3594 5724 M.

2080 5743 2103 5779 ³
2121 5735 2283 5797 Εᾱὶιὶζ
2302 5736 2609 5802 pervenerit.
2637 5735 2959 5787 Coucinnius
2987 5735 3129 5798 Msa,
3155 5738 3407 5801 pervenit.
