4048 6488
441 371 595 430 1079

440 499 742 573 gitetur,id
773 500 880 564 est,
901 496 1026 552 sine
1050 512 1204 564 voce,
1240 495 1363 551 sine
1382 496 1536 551 vocis
1564 496 1936 568 cogitatione,
1963 511 2086 566 quae

439 589 697 663 profecto
715 586 961 658 alicujus
982 585 1194 657 lingua
1211 589 1318 653 est,
1345 585 1444 640 sic‘
1467 586 1525 639 in
1551 586 1721 641 corde
1741 585 1984 640 dicatur.
2010 590 2089 638 Ac

444 695 546 753 per
575 678 684 732 hoc
733 676 905 730 etiam
944 675 990 729 si
1032 674 1443 741 concedamus,
1480 689 1548 728 ne
1593 676 1662 728 dc
1701 671 2091 728 controversia

438 765 702 822 vocabuli
722 765 983 820 laborare
1002 763 1320 834 videamur,
1335 764 1459 833 jam
1477 763 1801 818 vocandum
1829 777 1957 817 esse
1969 777 2090 816 ver-

444 857 582 912 bum
606 854 885 927 quiddam
932 852 1070 908 illud
1113 852 1325 906 mentis
1357 856 1569 907 nostras
1607 852 1759 922 quod
1792 852 1863 906 de
1893 855 2093 905 nostra

447 946 692 1001 scientia
721 942 956 999 formari
982 945 1190 1013 potest,
1211 942 1388 996 etiam
1412 941 1753 1012 priusquam
1778 941 2090 994 formatum

446 1035 544 1102 sit,
565 1034 860 1106 quiajam,
887 1035 950 1086 ut
971 1031 1052 1085 ita
1092 1030 1303 1097 dicam,
1338 1029 1638 1085 formabile
1661 1032 1784 1096 est;
1814 1028 1947 1099 quis
1979 1045 2093 1083 non

445 1123 881 1193 videat,quanta
903 1119 996 1174 hic
1018 1120 1095 1174 sit
1113 1118 1530 1174 dissimilitudo
1549 1117 1742 1172 abillo
1765 1117 1862 1174 Dei
1884 1117 2091 1185 Verbo,

449 1213 602 1284 quod
627 1212 684 1267 in
709 1211 895 1266 forma
912 1209 1009 1264 Dei
1043 1208 1127 1264 sic
1152 1213 1264 1277 est,
1285 1211 1349 1262 ut
1370 1223 1483 1262 non
1503 1210 1671 1261 antea
1689 1206 1861 1262 fuerit
1881 1206 2093 1261 forma-

447 1302 563 1359 bile
584 1301 927 1374 priusquam
950 1299 1287 1367 formatum,
1308 1312 1412 1351 nec
1430 1295 1744 1368 aliquando
1764 1311 1890 1351 esse
1914 1293 2099 1366 possit

448 1389 826 1459 informe,sed
851 1388 929 1444 sit
949 1387 1134 1443 forma
1154 1383 1404 1457 simplex
1420 1389 1475 1440 et
1491 1383 1836 1456 simpliciter
1854 1382 2096 1456 aequalis

453 1481 503 1538 ei
521 1481 591 1536 de
623 1495 736 1552 quo
750 1481 856 1546 est,
890 1479 947 1532 et
975 1475 1068 1531 cui
1091 1472 1436 1530 mirabiliter
1454 1477 1738 1529 coaeterna
1766 1476 1871 1528 est.

522 1568 748 1624 CAPUT
770 1565 913 1621 XVI.
946 1595 1013 1606 —
1049 1564 1277 1620 Verbum
1300 1571 1568 1629 nostrum,
1588 1565 1757 1618 etiam
1785 1578 1911 1618 cum
1939 1561 2099 1617 simi-

453 1659 526 1715 les
544 1659 648 1713 Deo
669 1657 902 1725 erimus,
922 1669 1227 1724 numquam
1251 1653 1416 1707 Verbo
1447 1651 1637 1706 divino
1678 1649 2095 1721 coaequandum.

452 1749 815 1818 Quapropter
843 1743 924 1798 ita
954 1741 1170 1798 dicitur
1193 1740 1338 1795 illud
1361 1740 1456 1796 Dei
1489 1739 1766 1807 Verbum,
1793 1743 1858 1794 ut
1887 1738 1987 1794 Dei
2005 1755 2098 1793 co-

452 1836 653 1910 gitatio
687 1850 800 1888 non
833 1832 1080 1900 dicatur,
1123 1846 1195 1885 ne
1222 1828 1443 1900 aliquid
1483 1845 1610 1884 esse
1639 1827 1806 1900 quasi
1847 1827 2098 1883 volubile

451 1925 723 1982 credatur
749 1921 807 1976 in
843 1923 976 1988 Deo,
1000 1919 1154 1991 quod
1191 1935 1349 1972 nunc
1371 1917 1639 1990 accipiat,
1673 1933 1828 1971 nunc
1861 1915 2101 1986 recipiat

453 2015 724 2077 formam,
753 2014 818 2064 ut
840 2009 1081 2064 verbum
1105 2007 1200 2077 sit,
1224 2022 1469 2077 eamque
1490 2006 1676 2078 possit
1698 2005 1986 2074 amittere,
2016 2009 2100 2060 at-

455 2118 570 2175 que
590 2098 918 2156 informiter
940 2098 1194 2168 quodam
1217 2097 1389 2151 modo
1418 2094 1686 2150 volutari.
1712 2095 1863 2149 Bene
1885 2093 2102 2165 quippe

457 2195 692 2247 noverat
721 2188 914 2257 verba,
933 2191 989 2242 et
1003 2185 1120 2240 vim
1142 2184 1510 2256 cogitationis
1529 2185 1858 2255 inspexerat
1878 2182 2103 2239 locutor

455 2279 744 2354 egregius,
770 2273 871 2350 qui
903 2275 1047 2331 dixit
1077 2274 1134 2328 in
1160 2273 1439 2344 carnime,

1014 2390 1314 2453 Secumque
1351 2388 1555 2438 volutat

615 2457 850 2508 Eventus
871 2453 998 2504 belli
1026 2454 1236 2502 varios:

995 2513 1206 2579 (Virgil.
1228 2513 1438 2563 JEneid.
1458 2513 1546 2562 lib.
1581 2515 1656 2571 Io,
1681 2514 1785 2572 159,
1820 2513 1948 2573 I60).

461 2638 521 2694 id
547 2639 637 2693 est
658 2631 1024 2706 cogitat.Non
1046 2647 1182 2703 ergo
1201 2629 1297 2685 ille
1337 2629 1436 2685 Dei
1473 2628 1652 2684 Filius
1683 2628 1953 2700 cogitatio
1985 2628 2109 2683 Dei:

463 2726 564 2784 sed
580 2724 829 2781 Verbum
852 2721 953 2777 Dei
970 2719 1200 2775 dicitur.
1220 2718 1500 2790 Cogitatio
1523 2717 1738 2789 quippe
1759 2721 1958 2773 nostra
1983 2733 2107 2789 per-

460 2814 694 2872 veniens
728 2811 879 2868 adid
908 2810 1063 2881 quod
1095 2808 1336 2876 scimus,
1352 2811 1526 2878 atque
1548 2807 1683 2861 inde
1704 2807 1952 2861 formata
1979 2822 2105 2860 ver-

460 2904 603 2961 bum
636 2904 902 2957 nostrum
933 2915 1132 2954 verum
1165 2902 1271 2953 est.
1305 2897 1374 2952 Et
1404 2896 1531 2952 ideo
1561 2895 1817 2951 Verbum
1852 2895 1946 2950 Dei
1981 2895 2106 2950 sine

459 2991 808 3064 cogitatione
852 2988 953 3044 Dei
984 2988 1156 3042 debet
1185 2985 1452 3056 intelligi,
1497 2989 1560 3039 ut
1591 2985 1778 3040 forma
1809 2983 1936 3055 ipsa
1963 2984 2103 3039 sim-

458 3081 587 3153 plex
632 3078 1011 3149 intelligatur,
1072 3093 1188 3131 non
1236 3074 1460 3129 habens
1521 3073 1742 3143 aliquid
1802 3072 2104 3128 formabile

458 3169 611 3242 quod
645 3184 771 3223 esse
804 3167 977 3221 etiam
1019 3163 1205 3234 possit
1238 3164 1511 3218 informe.
1547 3163 1828 3217 Dicuntur
1868 3161 2101 3233 quidem

456 3258 633 3316 etiam
667 3256 726 3310 in
759 3254 1052 3326 Scripuris
1084 3253 1308 3308 sanctis
1335 3251 1716 3323 cogitationes
1748 3251 1880 3317 Dei;
1916 3251 2014 3306 sed
2038 3267 2104 3306 eo

451 3345 763 3403 locutionis
818 3344 1009 3411 modo,
1045 3359 1161 3413 quo
1220 3340 1299 3394 ibi
1351 3343 1409 3394 et
1456 3339 1667 3395 oblivio
1720 3339 1820 3395 Dei
1870 3339 2100 3410 dicitur,

455 3452 581 3508 quae
613 3433 815 3506 utique
845 3433 916 3488 ad
950 3430 1360 3502 preprietatem
1394 3428 1451 3484 in
1489 3429 1606 3484 Deo
1639 3428 1801 3483 nulla
1828 3433 1932 3483 est.

523 3526 615 3579 26.
641 3521 1027 3588 Quamobrem
1060 3535 1192 3575 cum
1223 3522 1387 3574 tanta
1417 3519 1493 3573 sit
1523 3533 1677 3573 nunc
1708 3516 1768 3571 in
1797 3518 1908 3571 isto
1924 3517 2105 3589 aenig-

458 3617 614 3670 mate
643 3610 1060 3667 dissimilitudo
1104 3609 1202 3663 Dei
1232 3611 1289 3663 et
1331 3607 1504 3664 Verbi
1535 3606 1657 3672 Dei,
1687 3606 1744 3660 in
1775 3622 1889 3676 qua
1909 3609 2104 3661 tamen

458 3699 742 3760 nonnulla
771 3697 1092 3754 similitudo
1114 3699 1412 3767 comperta
1437 3699 1558 3758 est;
1601 3694 1742 3750 illud
1767 3711 1992 3765 quoque
2024 3695 2107 3749 fa-

457 3791 701 3846 tendum
756 3792 848 3843 est
902 3787 1056 3858 quod
1114 3786 1290 3841 etiam
1333 3801 1466 3840 cum
1509 3785 1717 3839 similes
1769 3786 1824 3839 ei
1877 3785 2104 3850 erimus,

460 3878 694 3951 quando
749 3875 1055 3932 videbimus
1099 3889 1225 3929 eum
1281 3874 1448 3928 sicuti
1490 3880 1565 3926 est
1614 3872 1660 3942 (Ι
1706 3876 1860 3928 Joan.
1908 3889 1995 3940 III,
2051 3873 2108 3942 2)

455 3966 637 4039 (quod
691 3965 892 4034 utique
936 3962 1035 4033 qui
1085 3961 1252 4028 dixit,
1311 3961 1462 4016 hanc
1506 3959 1705 4030 procul
1755 3960 1931 4016 dubio
1981 3977 2106 4031 quas

456 4071 613 4110 nunc
660 4057 749 4109 est
803 4049 1376 4107 dissimillitudinem
1447 4048 1750 4115 attendit),
1809 4065 1913 4103 nec
1970 4054 2108 4104 tunc

457 4146 670 4199 natura
725 4141 808 4195 illi
867 4139 1088 4194 erimus
1152 4137 1439 4208 aequales.
1503 4136 1742 4207 Semper
1796 4138 1950 4192 enim
2007 4155 2106 4192 na-

457 4237 591 4288 tura
633 4230 823 4286 minor
870 4233 958 4283 est
1005 4226 1271 4290 faciente,
1325 4241 1451 4296 quas
1485 4224 1636 4279 facta
1691 4229 1799 4280 est.
1856 4227 1923 4280 Et
1969 4231 2109 4281 tunc

460 4321 696 4392 quidem
725 4317 964 4373 verbum
995 4319 1265 4370 nostrum
1301 4330 1414 4368 non
1445 4312 1554 4369 erit
1583 4312 1814 4382 falsum,
1849 4314 1985 4385 quia
2015 4330 2110 4370 ne-

462 4423 572 4480 que
623 4405 998 4471 mentiemur,
1045 4417 1232 4472 neque
1281 4401 1586 4457 fallamur:
1622 4402 1888 4458 fortassis
1934 4404 2108 4459 etiam

462 4494 749 4551 volubiles
779 4509 893 4548 non
925 4495 1097 4546 erunt
1126 4495 1339 4546 nostra:
1371 4489 1751 4563 cogitationes
1789 4491 1860 4546 ab
1891 4491 2020 4546 aliis
2049 4491 2107 4546 in

465 4582 614 4640 alia2
646 4585 850 4637 euntes
874 4585 1048 4651 atque
1071 4579 1398 4646 redeuntes,
1429 4579 1530 4634 sed
1553 4595 1785 4634 omnem
1809 4578 2107 4634 scientiam

468 4676 728 4729 nostram
771 4686 889 4724 uno
937 4667 1114 4723 simul
1156 4671 1470 4739 conspectu
1515 4667 1878 4722 videbimus:
1916 4672 2109 4724 tamen

469 4776 603 4817 cum
637 4763 693 4814 et
724 4757 828 4814 hoc
879 4757 1070 4826 fuerit,
1117 4757 1164 4811 si
1215 4761 1271 4812 et
1309 4755 1418 4811 hoc
1467 4756 1662 4822 fuerit,
1709 4756 1957 4810 formata
2003 4756 2114 4812 erit

469 4852 734 4907 creatura
763 4863 889 4917 quas
922 4844 1246 4900 formabilis
1273 4844 1399 4914 fuit,
1423 4847 1488 4898 ut
1508 4843 1789 4914 nihiljam
1811 4845 1963 4900 desit
1982 4847 2109 4916 ejus

468 4939 691 5006 formai,
707 4937 780 4992 ad
811 4951 988 5008 quam
1011 4933 1310 5004 pervenire
1328 4932 1600 4988 deberet:
1625 4934 1724 4988 sed
1755 4937 1950 4988 tamen
1970 4951 2109 4990 coae-

467 5027 705 5100 quanda
725 5041 840 5080 non
873 5022 980 5079 erit
999 5021 1082 5076 illi
1113 5019 1495 5092 simplicitati,
1531 5019 1632 5076 ubi
1654 5038 1769 5078 non
1810 5023 2114 5080 formabile

467 5113 689 5186 aliquid
722 5113 1042 5168 formatum
1082 5111 1168 5165 vel
1203 5109 1582 5164 reformatum
1613 5113 1720 5176 est,
1754 5111 1852 5165 sed
1887 5112 2109 5179 forma;

465 5219 655 5275 neque
676 5200 968 5267 informis,
1000 5214 1196 5269 neque
1222 5197 1487 5267 formata,
1517 5197 1647 5269 ipsa
1673 5198 1753 5254 ibi
1784 5204 1994 5256 aeterna
2024 5205 2112 5257 est

463 5288 968 5359 immutabilisque
989 5285 1337 5341 substantia.

536 5378 767 5436 CAPUT
815 5375 985 5431 XVII.
1008 5404 1080 5417 —
1097 5375 1187 5428 27.
1213 5375 1481 5442 Quomodo
1503 5374 1738 5447 Spiritus
1765 5380 1989 5433 sanctus
2018 5378 2110 5434 di-

466 5472 625 5524 catur
652 5466 916 5532 charitas,
939 5467 989 5519 et
1018 5480 1090 5519 an
1120 5464 1283 5520 solus.
1308 5463 1576 5535 Spiritum
1603 5470 1854 5521 sanctum
1875 5468 1933 5520 in
1964 5466 2110 5522 Scri-

469 5558 649 5628 pturis
663 5555 884 5625 proprie
896 5561 1270 5624 nuncupatum
1289 5568 1398 5608 esse
1416 5555 1667 5609 vocabulo
1688 5555 2002 5609 Charitotis.
2017 5559 2112 5610 Sa-

472 5647 549 5701 tis
574 5644 642 5699 de
661 5644 829 5699 Patre
847 5646 903 5697 et
921 5640 1086 5707 Filio,
1120 5645 1401 5713 quantum
1422 5659 1524 5715 per
1552 5643 1660 5700 hoc
1689 5642 1990 5714 speculum
2022 5649 2108 5701 at-

535 5754 552 5788 ¹
586 5753 664 5802 Ita
692 5751 816 5799 Mss.
847 5749 915 5800 At
938 5748 1082 5806 editi,
1101 5748 1165 5798 si.

535 5815 557 5852 ³
583 5813 738 5875 Editi,
768 5811 823 5864 in
851 5810 998 5864 alios.
1028 5809 1214 5864 Melius
1236 5809 1379 5875 Mam,
1407 5811 1462 5865 in
1489 5809 1614 5863 alia.

1553 367 1654 426 DE
1700 364 2145 458 TRINITATE,
2196 368 2260 422 S.
2297 364 2723 425 AUGUSTINI

3683 360 3851 420 1080

2197 509 2308 566 que
2327 493 2383 548 in
2404 494 2511 549 hoc
2537 493 2840 565 aenigmate
2866 492 3054 548 videre
3075 491 3592 564 potuimus,locuti
3609 508 3849 547 sumus.

2194 582 2360 638 Nunc
2384 584 2454 638 de
2473 584 2691 654 Spiritu
2740 585 2963 649 sancto,
2987 586 3298 650 quamtum
3321 586 3433 637 Deo
3472 582 3729 637 donante
3766 581 3853 636 vi-

2191 673 2326 728 dere
2357 672 2710 737 conceditur,
2731 672 3137 727 disserendum
3170 677 3275 726 est.
3296 671 3401 734 Qui
3436 671 3690 740 Spiritus
3719 688 3860 726 san-

2191 765 2287 816 tus
2319 763 2638 816 secundum
2665 761 2996 833 Scripturas
3023 763 3279 831 sanctas,
3303 776 3408 815 nec
3444 759 3630 815 Patris
3663 760 3855 816 solius

2193 853 2300 920 est,
2336 867 2438 904 nec
2473 849 2594 904 Filii
2627 850 2830 916 solius,
2855 851 2955 905 sed
2982 850 3288 904 amborum
3313 866 3326 905 :
3353 852 3409 905 et
3439 849 3568 904 ideo
3587 866 3855 904 commu-

2195 955 2347 1006 nem,
2383 956 2498 1010 qua
2529 939 2774 995 invicem
2794 955 2854 993 se
2885 937 3141 1009 diligunt
3162 938 3329 993 Pater
3359 944 3417 993 et
3449 938 3650 1005 Filius,
3676 940 3852 994 nobis

2194 1028 2456 1082 insinuat
2477 1029 2843 1085 charitatem.
2881 1029 2950 1083 Ut
2981 1037 3174 1083 autem
3201 1046 3305 1082 nos
3337 1034 3627 1085 exerceret
3657 1046 3856 1084 sermo

2195 1116 2449 1183 divinus,
2501 1134 2616 1172 non
2652 1134 2744 1172 res
2776 1117 2835 1172 in
2868 1121 3144 1189 promptu
3194 1117 3359 1183 sitas,
3405 1119 3505 1174 sed
3543 1118 3602 1173 in
3651 1119 3856 1174 abdito

2195 1207 2542 1262 scrutandas
2578 1213 2632 1261 et
2682 1222 2751 1261 ex
2795 1207 2992 1261 abdito
3037 1207 3346 1277 eruendas,
3380 1208 3598 1276 majore
3655 1209 3856 1264 studio

2196 1294 2330 1350 fecit
2361 1295 2597 1366 inquiri.
2631 1295 2756 1350 Non
2808 1293 3000 1366 itaque
3049 1295 3198 1349 dixit
3244 1295 3564 1367 Scriptura,
3597 1297 3856 1367 Spiritus

2197 1388 2436 1438 sanctus
2469 1383 2721 1439 charitas
2751 1387 2871 1450 est;
2907 1384 3060 1455 quod
3092 1383 3140 1439 si
3173 1383 3438 1450 dixisset,
3470 1401 3584 1439 non
3609 1403 3851 1456 parvam

2197 1476 2418 1543 partem
2445 1472 2787 1543 quaestionis
2808 1471 2982 1527 istius
3006 1471 3348 1528 abstulisset
3367 1490 3380 1528 :
3397 1473 3494 1528 sed
3519 1473 3686 1541 dixit,
3710 1476 3859 1529 Deus

2195 1560 2440 1617 charitas
2461 1561 2604 1632 est(l
2633 1563 2788 1617 Joan.
2812 1579 2893 1628 v1,
2929 1562 3041 1630 16);
3073 1565 3138 1615 ut
3167 1561 3457 1616 incertum
3500 1563 3600 1630 sit,
3635 1568 3693 1618 et
3724 1565 3858 1619 ideo

2197 1651 2637 1720 requirendum,
2687 1654 2884 1705 utrum
2927 1650 3080 1705 Deus
3128 1651 3296 1705 Pater
3338 1650 3414 1706 sit
3459 1651 3740 1719 charitas,
3783 1670 3861 1708 an

2200 1739 2352 1793 Deus
2379 1738 2576 1805 Filius,
2611 1755 2684 1793 an
2709 1743 2858 1793 Deus
2887 1738 3140 1809 Spiritus
3163 1743 3428 1804 sanctus,
3448 1757 3518 1795 an
3552 1740 3709 1796 Deus
3730 1742 3866 1814 ipsa

2196 1827 2472 1883 Trinitas.
2505 1832 2704 1898 Neque
2748 1827 2904 1882 enim
2937 1827 3149 1882 dicturi
3185 1845 3416 1894 sumus,
3450 1845 3567 1884 non
3616 1838 3859 1902 propte-

2199 1932 2296 1971 rea
2326 1915 2510 1970 Deum
2543 1914 2764 1969 dictum
2789 1930 2915 1969 esse
2937 1913 3281 1969 charitatem
3318 1916 3471 1987 quod
3495 1916 3626 1988 ipsa
3656 1917 3858 1972 chari-

2200 2008 2292 2058 tas
2323 2005 2400 2058 sit
2430 2002 2551 2058 ulla
2580 2003 2968 2070 substantia‘,
3003 2018 3130 2071 quae
3154 2003 3252 2058 Dei
3277 2003 3454 2075 digna
3475 2004 3553 2060 sit
3583 2007 3858 2075 nomine;

2201 2092 2304 2148 sed
2330 2092 2484 2162 quod
2507 2092 2725 2146 donum
2743 2092 2816 2146 sit
2844 2091 2969 2160 Dei,
3007 2091 3160 2147 sicut
3183 2091 3408 2148 dictum
3431 2099 3518 2149 est
3540 2095 3678 2164 Deo,
3714 2097 3865 2164 Quo-

2201 2183 2355 2236 niam
2386 2190 2447 2236 tu
2474 2196 2528 2236 es
2546 2183 2816 2253 patientia
2831 2197 2952 2236 mea
2989 2181 3164 2253 (Psal.
3200 2199 3325 2250 Lxx,
3354 2183 3412 2255 5)
3436 2199 3450 2239 :
3477 2201 3668 2255 neque
3697 2186 3860 2241 enim

2202 2274 2504 2343 propterea
2527 2270 2747 2325 dictum
2780 2274 2888 2336 est,
2922 2271 3059 2342 quia
3081 2270 3523 2328 Deisubstantia
3541 2278 3630 2329 est
3656 2280 3864 2331 nostra

2203 2360 2504 2433 patientia;
2531 2360 2801 2431 sedquod
2824 2361 2894 2416 ab
2916 2359 3045 2432 ipso
3071 2360 3239 2416 nobis
3273 2365 3378 2429 est,
3413 2362 3568 2417 sicut
3598 2363 3738 2419 alibi
3774 2364 3858 2420 le-

2203 2449 2666 2521 gitur,()uoniam
2686 2451 2754 2504 ab
2775 2451 2891 2520 ipso
2909 2456 2991 2504 est
3006 2450 3278 2520 patientia
3296 2466 3418 2506 mea
3447 2451 3618 2522 (Psal.
3646 2469 3756 2520 LXI,
3776 2455 3862 2526 6).

2208 2538 2371 2594 Hunc
2391 2539 2604 2610 quippe
2617 2554 2858 2594 sensum
2872 2537 3038 2593 facile
3054 2537 3711 2611 refellitScripturarum
3727 2543 3862 2614 ipsa

2207 2626 2442 2682 locutio.
2457 2627 2595 2681 Tale
2611 2631 2698 2681 est
2720 2626 2976 2696 enim,th
2999 2635 3073 2682 est
3083 2628 3367 2698 patientia
3381 2646 3527 2695 mea;
3550 2629 3722 2700 quale
3745 2636 3860 2699 est,

2208 2717 2278 2771 Tu
2299 2732 2373 2780 es,
2395 2716 2639 2783 Domine,
2661 2731 2779 2786 spes
2799 2731 2920 2770 mea
2937 2715 3294 2787 (Psal.xc,9);
3319 2721 3400 2783 et,
3421 2718 3560 2772 Deus
3579 2735 3733 2774 meus
3749 2721 3866 2774 mi-

2204 2805 2504 2861 sericordia
2553 2822 2680 2859 mea
2722 2805 2893 2873 (Psal.
2937 2820 3093 2873 LVIII,
3133 2805 3245 2877 18),
3296 2810 3352 2861 et
3392 2806 3579 2863 multa
3611 2807 3862 2864 similia.

2205 2895 2329 2950 Non
2360 2898 2450 2950 est
2479 2898 2674 2949 autem
2710 2894 2952 2965 dictum,
2988 2895 3229 2950 Domine
3257 2895 3514 2951 charitas
3536 2913 3698 2964 mea;
3731 2903 3860 2966 aut,

2206 2985 2293 3039 Tu
2325 2999 2386 3039 es
2435 2983 2688 3038 charitas
2722 2999 2880 3050 mea;
2917 2987 3038 3054 aut,
3082 2983 3236 3040 Deus
3277 2983 3532 3041 charitas
3563 3002 3731 3043 mea:
3755 2987 3860 3041 sed

2205 3072 2286 3128 ita
2316 3073 2535 3128 dictum
2566 3075 2673 3138 est,
2705 3073 2845 3128 Deus
2873 3072 3114 3127 charitas
3133 3078 3256 3136 est;
3307 3073 3460 3128 sicut
3488 3075 3713 3130 dictum
3746 3080 3865 3142 est,

2205 3163 2345 3217 Deus
2392 3161 2635 3233 Spiritus
2679 3166 2757 3216 est
2805 3163 2976 3228 (Joan.
3020 3177 3095 3229 1v,
3127 3162 3240 3233 24).
3287 3161 3406 3218 Hoc
3455 3164 3556 3235 qui
3602 3182 3713 3219 non
3765 3165 3868 3219 di-

2205 3251 2442 3319 scernit,
2490 3249 2852 3306 intellectum
2900 3267 2935 3306 a
2965 3251 3229 3317 Domino,
3271 3269 3386 3307 non
3435 3255 3868 3324 expositionem

2207 3343 2428 3412 quaerat
2457 3356 2491 3394 a
2520 3341 2848 3395 nobisznon
2879 3339 3036 3395 enim
3069 3340 3325 3412 apertius
3360 3341 3686 3414 quidquam
3719 3360 3861 3414 pos-

2207 3446 2413 3486 sumus
2446 3428 2655 3484 dicere.

2273 3519 2364 3572 28.
2394 3523 2538 3574 Deus
2569 3533 2704 3590 ergo
2724 3516 2964 3574 charitas
2995 3519 3068 3572 est
3093 3521 3321 3573 :utrum
3347 3523 3546 3574 autem
3567 3523 3756 3586 Pater,
3790 3538 3867 3576 an

2209 3606 2412 3676 Filius,
2437 3623 2506 3661 an
2529 3606 2779 3677 Spiritus
2799 3610 3058 3676 sanctus,
3079 3623 3152 3661 an
3175 3606 3308 3679 ipsa
3328 3607 3606 3678 Trinitas,
3630 3609 3774 3680 quia
3806 3614 3868 3664 et

2221 3695 2351 3766 ipsa
2378 3711 2492 3750 non
2514 3698 2633 3749 tres
2657 3694 2762 3761 dii,
2789 3694 2890 3749 sed
2919 3711 3072 3750 unus
3095 3699 3184 3750 est
3213 3695 3384 3766 Deus,
3409 3696 3518 3751 hoc
3551 3697 3863 3768 quaeritur.

2209 3785 2317 3840 Sed
2336 3785 2458 3854 jam
2485 3783 2544 3837 in
2567 3783 2676 3839 hoc
2694 3781 2842 3838 libro
2866 3784 3136 3854 superius
3169 3783 3482 3855 disputavi,
3506 3802 3622 3839 non
3652 3785 3736 3840 sic
3769 3802 3868 3841 ac-

2207 3873 2535 3944 cipiendam
2555 3887 2683 3928 esse
2703 3871 3046 3927 Trinitatem
3067 3889 3191 3944 quas
3215 3874 3368 3928 Deus
3393 3877 3502 3940 est,
3527 3891 3595 3929 ex
3615 3873 3734 3930 illis
3755 3874 3867 3929 tri-

2209 3963 2322 4017 bus
2343 3977 2472 4032 quae
2494 3961 2552 4015 in
2575 3960 2837 4016 trinitate
2872 3965 3082 4016 nostra:
3125 3961 3338 4017 mentis
3374 3962 3764 4029 ostendimus,
3802 3968 3871 4019 ut

2208 4055 2486 4120 tanquam
2525 4050 2811 4104 memoria
2838 4049 2916 4105 sit
2954 4049 3214 4105 omnium
3245 4051 3426 4107 trium
3458 4055 3646 4118 Pater,
3680 4057 3740 4107 et
3771 4053 3867 4107 in-

2209 4138 2535 4210 telligentia
2582 4137 2847 4192 omnium
2902 4138 3081 4193 trium
3115 4138 3319 4210 Filius,
3354 4145 3412 4195 et
3441 4140 3697 4197 charitas
3734 4157 3870 4195 om-

2211 4227 2375 4282 nium
2410 4227 2590 4281 trium
2625 4226 2874 4298 Spiritus
2915 4230 3177 4296 sanctus,
3210 4227 3380 4298 quasi
3429 4228 3599 4283 Pater
3631 4245 3739 4284 nec
3777 4229 3869 4284 in-

2209 4315 2436 4386 telligat
2463 4315 2574 4371 sibi
2607 4332 2712 4371 nec
2761 4314 2984 4388 diligat,
3017 4317 3116 4372 sed
3157 4316 3209 4372 ei
3243 4316 3422 4373 Filius
3464 4317 3778 4391 intelligat,
3812 4324 3873 4373 et

2213 4404 2466 4475 Spiritus
2498 4409 2740 4460 sanctus
2771 4404 2822 4460 ei
2853 4404 3080 4477 diligat,
3112 4406 3238 4477 ipse
3267 4411 3462 4462 autem
3495 4407 3610 4462 sibi
3660 4412 3717 4463 et
3747 4407 3873 4464 illis

2211 4496 2444 4548 tantum
2477 4493 2848 4562 meminerit;
2897 4498 2955 4550 et
3003 4494 3185 4550 Filius
3232 4511 3337 4551 nec
3386 4496 3723 4552 meminerit
3758 4513 3871 4553 nec

2213 4581 2418 4652 diligat
2449 4582 2580 4650 sibi,
2626 4583 2728 4638 sed
2759 4581 3088 4638 meminerit
3123 4584 3173 4639 ei
3229 4589 3418 4652 Pater,
3453 4590 3509 4640 et
3554 4586 3764 4656 diligat
3817 4586 3872 4642 ei

2215 4671 2467 4742 Spiritus
2500 4676 2760 4739 sanctus,
2782 4671 2907 4742 ipse
2929 4676 3123 4726 autem
3147 4677 3205 4727 et
3233 4674 3345 4728 sibi
3369 4678 3426 4729 et
3455 4673 3574 4728 illis
3605 4679 3880 4731 tantum»

2214 4761 2384 4816 modo
2417 4759 2742 4832 intelligat;
2774 4761 3031 4831 itemque
3062 4761 3313 4831 Spiritus
3335 4767 3572 4817 sanctus
3603 4778 3712 4817 nec
3744 4779 3872 4818 me-

2215 4849 2451 4904 minerit
2472 4864 2576 4904 nec
2605 4847 2890 4920 intelligat
2919 4848 3051 4917 sibi,
3072 4849 3176 4905 sed
3219 4850 3552 4906 meminerit
3580 4856 3639 4907 et
3669 4856 3868 4921 Pater,

2214 4943 2271 4993 et
2297 4937 2584 5010 intelligat
2603 4937 2654 4992 ei
2677 4937 2878 5003 Filius,
2903 4937 3029 5008 ipse
3065 4942 3259 4995 autem
3299 4943 3356 4993 et
3394 4939 3507 4994 sibi
3537 4943 3596 4995 et
3615 4940 3732 4995 illis
3750 4957 3869 4996 non

2215 5027 2327 5083 nisi
2362 5026 2567 5098 diligat
2589 5044 2603 5084 :
2627 5025 2728 5082 sed
2747 5025 2831 5081 sic
2855 5025 3069 5097 potius,
3114 5031 3180 5082 ut
3218 5027 3414 5082 omnia
3435 5028 3549 5083 tria
3577 5034 3636 5083 et
3661 5045 3870 5084 omnes

2213 5115 2764 5187 etsingulibabeant
2781 5113 2842 5170 in
2861 5131 2968 5171 sua
2990 5114 3238 5186 quisque
3261 5120 3491 5173 natura.
3513 5117 3628 5172 Nec
3647 5117 3872 5173 distent

2211 5205 2270 5259 in
2302 5205 2386 5260 eis
2433 5204 2564 5272 ista,
2598 5205 2749 5260 sicut
2776 5201 2835 5258 in
2876 5201 3045 5258 nobis
3069 5203 3223 5259 aliud
3248 5209 3336 5259 est
3366 5205 3672 5273 memoria,
3707 5205 3868 5262 aliud

2213 5303 2299 5351 est
2344 5292 2748 5364 intelligentia,
2780 5290 2939 5348 aliud
2983 5291 3213 5348 dilectio
3253 5293 3375 5348 sive
3422 5294 3679 5349 charitas
3715 5312 3727 5350 :
3765 5296 3867 5350 sed

2211 5399 2397 5439 unum
2411 5381 2631 5453 aliquid
2645 5382 2722 5437 sit
2734 5381 2888 5453 quod
2903 5380 3618 5454 omniavaleat,sicutipsa
3637 5383 3871 5456 sapien-

2210 5471 2326 5538 tia;
2358 5477 2414 5527 et
2442 5472 2524 5527 sic
2557 5470 2841 5527 habeatur
2860 5470 2920 5525 in
2938 5471 3400 5542 uniuscujusque
3423 5476 3653 5540 natura,
3681 5478 3749 5527 ut
3765 5473 3869 5544 qui

2211 5559 2404 5631 habet,
2420 5559 2528 5615 hoc
2541 5560 2617 5615 sit
2629 5560 2779 5630 quod
2799 5559 2994 5626 habet,
3013 5560 3867 5633 sicutimmutabilissimplex-

2210 5666 2323 5720 que
2349 5649 2699 5704 substantia.
2728 5647 2788 5704 Si
2813 5664 2949 5720 ergo
2972 5647 3094 5704 haec
3114 5647 3408 5705 intellecta
3428 5655 3586 5719 sunt,
3610 5655 3867 5721 etquan-

2210 5757 2296 5870 tu;
2319 5753 2644 5870 Ξὲὶὶἲῧὲαοᾱ
2661 5755 2771 5819 ipsa
2805 5754 3033 5805 charitas
3060 5753 3205 5806 nulla
3253 5754 3559 5808 substantia.
3589 5757 3865 5822 Castigan-
