4048 6450
242 388 397 448 1081

244 525 374 577 tum
406 520 576 576 nobis
605 520 662 574 in
696 519 870 575 rebus
894 518 1071 574 tantis
1091 520 1283 575 videre
1304 518 1393 575 vel
1415 520 1739 592 conjectare
1759 535 1896 574 con-

239 627 476 667 cessum
506 614 611 677 est,
634 626 769 665 vera
792 625 921 665 esse
943 608 1307 677 claruerunt;
1328 609 1522 665 nescio
1539 625 1644 665 cur
1659 625 1774 663 non
1791 608 1897 665 sic-

240 704 307 756 ut
332 698 621 772 sapientia
639 703 696 753 et
712 699 883 754 Pater
903 698 1120 753 dicitur
1139 702 1195 754 et
1216 698 1394 754 Filius
1414 703 1471 753 et
1491 698 1741 769 Spiritus
1761 714 1895 753 san-

240 793 396 855 ctus,
419 791 477 849 et
498 787 678 843 simul
721 802 927 842 omnes
964 803 1081 842 non
1123 791 1262 855 tres,
1307 789 1404 842 sed
1430 804 1549 843 una
1573 786 1893 859 sapientia;

241 879 326 931 ita
359 880 416 932 et
446 875 705 932 cbaritas
736 878 792 930 et
823 875 990 930 Pater
1019 875 1249 931 dicatur
1274 879 1332 931 et
1359 875 1540 931 Filius
1572 879 1629 931 et
1645 876 1897 949 Spiritus

244 969 510 1033 sanctus,
545 967 604 1019 et
633 962 813 1020 simul
845 979 1047 1019 omnes
1078 980 1197 1019 una
1221 964 1498 1019 cbaritas.
1532 964 1625 1019 Sic
1654 964 1810 1020 enim
1842 968 1899 1019 et

246 1054 416 1109 Pater
431 1053 607 1121 Deus,
633 1056 691 1108 et
712 1052 894 1108 Filius
914 1053 1089 1122 Deus,
1113 1057 1170 1109 et
1187 1052 1438 1124 Spiritus
1460 1058 1700 1109 sanctus
1717 1053 1893 1124 Deus,

242 1147 299 1198 et
333 1142 511 1198 simul
540 1159 745 1198 omnes
771 1159 925 1197 unus
956 1142 1130 1198 Deus.

309 1232 409 1285 29.
440 1232 509 1286 Et
532 1236 729 1286 tamen
752 1248 865 1286 non
890 1232 1107 1286 frustra
1126 1230 1183 1285 in
1204 1229 1313 1285 hac
1329 1230 1610 1286 Trinitate
1628 1247 1742 1286 non
1763 1228 1899 1285 dici-

241 1326 339 1376 tur
363 1320 622 1377 Verbum
646 1321 745 1376 Dei
770 1320 884 1376 nisi
910 1320 1116 1391 Filius,
1143 1336 1248 1376 nec
1270 1324 1498 1375 Donum
1523 1319 1625 1375 Dei
1643 1318 1757 1374 nisi
1775 1318 1900 1390 Spi-

242 1410 397 1466 ritus
420 1414 683 1481 sanctus,
706 1426 812 1465 nec
833 1410 903 1465 de
925 1426 1038 1480 quo
1058 1410 1319 1481 genitum
1350 1413 1439 1464 est
1468 1409 1717 1465 Verbum
1749 1412 1808 1464 et
1828 1408 1900 1464 de

245 1515 363 1573 quo
382 1499 644 1571 procedit
666 1497 1062 1570 principaliter
1083 1498 1338 1570 Spiritus
1356 1502 1594 1553 sanctus
1612 1498 1724 1552 nisi
1745 1497 1898 1553 Deus

244 1589 439 1646 Pater.
474 1587 606 1644 Ideo
639 1591 835 1643 autem
868 1586 1089 1655 addidi,
1122 1585 1545 1659 Principaliter,
1577 1585 1711 1656 quia
1740 1590 1798 1642 et
1828 1587 1899 1643 de

248 1676 395 1734 Filio
427 1677 682 1750 Spiritus
710 1679 951 1732 sanctus
984 1676 1296 1748 procedere
1330 1676 1635 1747 reperitur.
1659 1675 1768 1731 Sed
1790 1675 1898 1731 hoc

246 1783 483 1839 quoque
505 1764 589 1821 illi
613 1766 783 1821 Pater
802 1765 982 1832 dedit,
1007 1764 1259 1837 nonjam
1277 1766 1545 1821 existenti
1563 1769 1619 1821 et
1636 1765 1899 1820 nondum

245 1854 613 1912 habenti:sed
632 1853 920 1926 quidquid
936 1852 1239 1927 unigenito
1264 1853 1633 1921 Verbidedit,
1657 1854 1900 1926 gignen-

245 1945 323 2001 do
353 1944 534 2000 dedit.
566 1943 657 1999 Sic
688 1959 825 2015 ergo
856 1959 986 1999 eum
1021 1942 1244 2015 genuit,
1277 1946 1345 1997 ut
1373 1942 1549 1998 etiam
1573 1940 1761 1997 deillo
1788 1941 1897 1997 Do-

245 2050 390 2090 num
422 2048 735 2089 commune
764 2033 1122 2105 procederet,
1155 2034 1211 2086 et
1242 2030 1497 2104 Spiritus
1518 2034 1760 2086 sanctus
1780 2030 1899 2103 spi-

249 2124 403 2179 ritus
433 2126 591 2178 esset
618 2121 949 2178 amborum.
1001 2120 1126 2176 Non
1184 2124 1273 2175 est
1327 2120 1512 2192 igitur
1567 2118 1902 2191 accipienda

258 2215 650 2277 transeunter,
684 2211 785 2266 sed
834 2209 1145 2282 diligenter
1174 2209 1461 2265 intuenda
1491 2207 1901 2280 inseparabilis

253 2300 562 2358 Trinitatis
591 2300 709 2356 ista
739 2299 1059 2355 distinctio.
1093 2299 1240 2355 Hinc
1285 2298 1440 2355 enim
1470 2298 1687 2354 factum
1718 2301 1808 2353 est
1836 2300 1902 2352 ut

252 2390 487 2464 proprie
516 2389 617 2445 Dei
646 2388 899 2444 Verbum
934 2388 1110 2443 etiam
1142 2387 1241 2443 Dei
1274 2387 1562 2459 sapientia
1592 2387 1897 2454 diceretur,

249 2495 390 2535 cum
415 2478 492 2533 sit
506 2477 794 2549 sapientia
809 2481 866 2533 et
881 2478 1048 2533 Pater
1061 2481 1119 2532 et
1135 2476 1389 2549 Spiritus
1406 2480 1663 2532 sanctus.
1686 2475 1742 2531 Si
1763 2492 1899 2549 ergo

252 2568 489 2641 proprie
510 2567 733 2639 aliquid
764 2566 975 2623 horum
1002 2564 1182 2621 trium
1212 2565 1467 2621 cbaritas
1505 2565 1901 2636 nuncupanda

250 2662 363 2724 est,
398 2656 538 2728 quid
570 2656 763 2728 aptius
797 2670 975 2727 quam
1007 2658 1074 2709 ut
1102 2653 1214 2709 hoc
1235 2652 1313 2708 sit
1337 2653 1591 2725 Spiritus
1615 2652 1902 2709 sanctus?

250 2745 331 2802 Ut
359 2744 582 2801 scilicet
612 2744 670 2798 in
704 2742 835 2799 illa‘
871 2741 1125 2815 simplici
1151 2759 1501 2813 summaque
1530 2745 1760 2810 natura,
1784 2759 1899 2798 non

248 2835 329 2891 sit
350 2834 509 2889 aliud
532 2832 865 2889 substantia
886 2835 944 2887 et
963 2831 1121 2887 aliud
1146 2831 1429 2898 cbaritas;
1449 2831 1550 2887 sed
1574 2831 1901 2887 substantia

245 2924 381 2996 ipsa
402 2922 480 2979 sit
499 2920 778 2988 cbaritas,
800 2924 857 2977 et
878 2920 1135 2978 cbaritas
1159 2920 1288 2992 ipsa
1310 2920 1387 2975 sit
1408 2919 1757 2989 substantia,
1780 2921 1899 2976 sive

244 3011 309 3065 in
346 3012 533 3083 Patre,
568 3010 690 3067 sive
720 3009 791 3065 in
816 3008 981 3077 Filio,
1018 3008 1138 3065 sive
1170 3008 1229 3064 in
1254 3008 1472 3082 Spiritu
1495 3012 1717 3077 sancto,
1741 3013 1796 3065 et
1819 3013 1901 3066 ta-

245 3116 384 3155 men
418 3099 650 3173 proprie
679 3097 934 3171 Spiritus
964 3102 1206 3155 sanctus
1229 3097 1482 3154 cbaritas
1504 3102 1894 3171 nuncupetur.

319 3190 407 3246 30.
434 3190 597 3246 Sicut
622 3188 791 3261 Legis
809 3187 1046 3245 nomine
1066 3186 1383 3260 aliquando
1402 3187 1579 3244 simul
1598 3188 1796 3244 omnia
1810 3203 1900 3244 ve-

244 3278 1117 3335 terisInstrumcntisanctarum
1131 3276 1554 3349 scripturarum
1567 3277 1900 3350 signiﬁcan-

241 3372 346 3424 tur
363 3367 614 3439 eloquia.
638 3367 785 3422 Nam
809 3383 877 3421 ex
899 3366 1182 3438 propheta
1203 3366 1356 3422 Isaia
1370 3366 1778 3422 testimonium
1797 3383 1898 3439 po-

245 3472 398 3512 nens
419 3455 756 3527 Apostolus,
780 3455 878 3511 ubi
902 3456 1006 3525 ait,
1031 3456 1095 3512 In
1115 3455 1244 3510 aliis
1267 3456 1471 3526 linguis
1493 3458 1546 3509 et
1570 3457 1631 3510 in
1653 3453 1897 3513 aliish-

247 3545 361 3602 biis
375 3546 569 3617 loquar
588 3544 786 3617 papula
806 3544 933 3600 huic
952 3562 972 3600 :
992 3544 1272 3617 praemisit
1291 3548 1507 3611 tamen,
1528 3549 1589 3600 In
1611 3546 1746 3613 Lege
1760 3545 1897 3601 scri-

242 3642 407 3707 ptum
433 3638 513 3689 est
540 3634 689 3705 (Isai.
721 3650 917 3701 xxvxxx,
958 3634 1017 3688 11
1044 3652 1058 3702 ;
1094 3641 1145 3689 et
1176 3634 1197 3688 Ι
1229 3632 1349 3691 Cor.
1381 3650 1496 3705 xxv,
1525 3632 1638 3705 21).
1672 3633 1743 3689 Et
1770 3633 1896 3705 ipse

246 3721 558 3793 Dominus,
590 3723 652 3779 In
673 3722 837 3794 Lege,
872 3721 1083 3793 inquit,
1111 3737 1301 3778 eorum
1344 3723 1611 3793 scriptum
1637 3730 1736 3790 est,
1767 3722 1897 3794 quia

244 3812 483 3870 oderunt
510 3828 597 3867 me
623 3813 799 3882 gratis
828 3811 1007 3883 (Joan.
1034 3828 1125 3878 xv,
1146 3810 1237 3883 35)
1261 3828 1275 3879 ;
1301 3827 1433 3867 eum
1457 3810 1565 3867 hoc
1585 3810 1812 3883 legatur
1832 3810 1892 3866 in

246 3900 483 3958 Psalmo
515 3900 685 3973 (Psal.
718 3917 910 3971 xxxxv,
943 3899 1053 3970 19).
1082 3899 1406 3972 Aliquando
1436 3903 1629 3956 autem
1663 3900 1894 3973 proprie

244 3993 488 4047 vocatur
518 3989 652 4062 Lex,
684 4004 811 4059 quas
842 3989 979 4045 data
1025 3992 1115 4045 est
1153 4005 1255 4061 per
1282 3991 1536 4062 Moysen,
1568 3990 1891 4046 secundum

245 4080 405 4152 quod
428 4078 651 4135 dictum
672 4082 782 4151 est,
822 4079 936 4135 Lex
956 4086 1007 4134 et
1025 4078 1315 4150 Propheta?
1335 4095 1501 4151 usque
1523 4078 1593 4135 ad
1610 4083 1893 4137 Joannem

251 4167 467 4242 (Matth.
498 4183 577 4235 xx,
610 4166 699 4239 13)
725 4185 739 4235 ;
762 4171 841 4234 et,
864 4169 925 4222 in
956 4168 1042 4223 his
1080 4166 1284 4223 duobus
1321 4170 1603 4240 preceptis
1644 4172 1755 4225 tota
1786 4170 1895 4225 Lex

242 4258 450 4328 pendet
477 4261 533 4313 et
558 4255 852 4329 Propheta?
871 4255 971 4329 (Id.
994 4273 1131 4324 xxxx,
1157 4256 1268 4328 40).
1294 4256 1397 4311 Hic
1428 4257 1633 4328 utique
1663 4257 1893 4329 proprie

244 4347 365 4403 Lex
386 4345 676 4418 appellata
698 4348 810 4415 est,
833 4346 905 4401 dc
927 4349 1126 4401 monte
1148 4345 1307 4402 Sina.
1335 4344 1755 4418 Prophetarum
1789 4363 1891 4402 au-

244 4440 369 4491 tem
393 4434 629 4491 nomine
649 4434 829 4490 etiam
851 4433 1071 4490 Psalmi
1092 4434 1401 4507 significati
1425 4438 1596 4490 sunt:
1622 4438 1678 4490 et
1696 4437 1890 4490 tamen

246 4522 365 4581 alio
391 4522 517 4579 loco
538 4522 665 4595 ipse
680 4522 959 4587 Salvator,
982 4523 1300 4595 Oportebat,
1319 4522 1528 4595 inquit,
1548 4524 1772 4595 impleri
1786 4538 1894 4579 om-

244 4613 349 4668 nia
376 4628 495 4685 quae
522 4613 726 4684 scripta
752 4616 882 4667 sunt
922 4613 983 4668 in
1012 4611 1147 4685 lege,
1181 4617 1233 4667 et
1262 4612 1564 4683 Prophetis,
1586 4620 1637 4668 et
1654 4612 1893 4668 Psalmis

246 4701 316 4757 de
342 4716 431 4757 me
462 4702 612 4772 (Luc.
645 4717 797 4770 xxxv,
829 4701 942 4773 44).
975 4701 1076 4757 Hic
1109 4718 1312 4758 rursus
1346 4701 1765 4774 Prophetarum
1795 4718 1893 4758 no—

249 4806 409 4858 men,
430 4789 686 4863 exceptis
707 4789 981 4857 Psalmis,
1004 4790 1250 4863 intelligi
1275 4790 1474 4846 voluit.
1503 4790 1726 4847 Dicitur
1756 4806 1891 4863 ergo

247 4880 366 4937 Lex
390 4878 793 4936 universaliter
812 4895 947 4937 cum
967 4878 1272 4952 Prophetis
1306 4884 1362 4935 et
1381 4879 1649 4951 Psalmis,
1681 4880 1895 4937 dicitur

244 4972 308 5025 et
329 4968 568 5041 proprie
592 4984 717 5040 quas
738 4984 840 5041 per
868 4968 1102 5042 Moysen
1135 4969 1269 5025 data
1298 4973 1407 5026 est.
1441 4970 1585 5026 Item
1618 4970 1861 5026 dicuntu

250 5057 644 5116 communiter
662 5056 962 5130 Propheta:
984 5056 1163 5113 simul
1182 5074 1314 5113 cum
1333 5058 1598 5130 Psalmis,
1617 5059 1894 5115 dicuntur

244 5150 308 5203 et
327 5146 555 5218 proprie
578 5150 785 5218 praeter
802 5144 1094 5204 Psalmos.
1126 5147 1197 5202 Et
1217 5145 1420 5202 multis
1451 5146 1584 5204 aliis
1612 5148 1893 5221 exemplis

242 5234 441 5292 doceri
456 5239 672 5307 potest,
688 5233 874 5292 multa
890 5252 1086 5292 rerum
1102 5235 1400 5305 vocabula,
1419 5241 1476 5293 et
1489 5236 1895 5293 universaliter

250 5323 411 5397 poni,
433 5327 490 5380 et
512 5323 742 5396 proprie
772 5324 1125 5396 quibusdam
1155 5326 1331 5381 rebus
1370 5325 1652 5395 adhiberi,
1688 5326 1803 5381 nisi
1830 5326 1891 5383 in

250 5428 316 5471 re
343 5416 546 5485 aperta
572 5412 811 5468 vitanda
840 5412 919 5469 sit
947 5412 1250 5486 longitudo
1282 5413 1591 5470 sermonis.
1623 5414 1741 5470 Hoc
1762 5414 1892 5472 ideo

248 5501 395 5573 dixi,
428 5518 499 5558 ne
546 5501 859 5573 quisquam
916 5506 1223 5575 propterea
1280 5520 1386 5559 nos
1424 5502 1895 5561 inconvenienter

248 5590 543 5646 existimet
571 5589 911 5645 charitatem
942 5590 1231 5662 appellare
1277 5590 1558 5663 Spiritum
1599 5597 1891 5663 sanctum,

322 5757 338 5792 ι
366 5756 523 5818 Editl,
553 5756 606 5807 in
632 5754 726 5806 illa
758 5756 1044 5809 Trinitatis.
1064 5758 1194 5818 Vox,
1230 5757 1511 5819 Trinitatis,
1540 5758 1693 5810 abest
1718 5761 1890 5815 alios.

1436 387 1668 448 LIBER
1713 384 2060 459 QUINTUS
2104 387 2476 449 DECIMUS.

3498 388 3650 447 1082

2005 517 2143 590 quia
2173 522 2229 575 et
2258 519 2411 575 Deus
2461 522 2631 575 Pater
2678 522 2736 575 et
2783 517 2936 575 Deus
2968 517 3149 575 Filius
3180 523 3369 591 potest
3398 518 3649 577 cbaritas

2002 607 2353 679 nuncupari.

2073 696 2161 750 31.
2188 696 2353 751 Sicut
2373 712 2508 769 ergo
2532 696 2771 752 unicum
2799 694 2895 751 Dei
2924 695 3182 752 Verbum
3212 697 3443 769 proprie
3474 714 3649 754 voca-

2002 799 2135 839 mus
2158 783 2392 840 nomine
2414 785 2734 857 sapientise,
2760 801 2893 839 cum
2918 784 2996 840 sit
3014 784 3419 842 universaliter
3445 790 3500 842 et
3520 787 3643 859 Spi-

2001 872 2151 928 ritus
2170 878 2411 929 sanctus
2430 878 2485 929 et
2501 874 2800 945 Pateripse
2815 874 3131 946 sapientia;
3150 875 3231 929 ita
3254 875 3501 946 Spiritus
3520 894 3650 931 san-

2000 964 2129 1016 ctus
2149 961 2380 1033 proprie
2398 964 3065 1035 nuncupaturvocabulo
3084 964 3408 1030 cbaritatis,
3426 982 3556 1020 cum
3580 966 3657 1021 sit

2002 1050 2410 1107 universaliter
2428 1052 2679 1108 cbaritas
2696 1058 2754 1108 et
2779 1054 2944 1109 Pater
2961 1057 3017 1107 et
3040 1052 3242 1109 Filius.
3265 1053 3374 1109 Sed
3397 1053 3498 1109 Dei
3517 1054 3653 1109 Ver-

2001 1138 2164 1206 bum,
2187 1139 2245 1193 id
2271 1144 2380 1206 est,
2407 1140 2746 1211 unigenitus
2780 1142 2878 1197 Dei
2910 1141 3092 1196 Filius
3125 1146 3321 1215 aperte
3348 1142 3538 1198 dictus
3562 1148 3651 1199 est

2006 1227 2101 1283 Dei
2124 1229 2429 1300 sapientia,
2460 1246 2557 1285 ore
2579 1230 2929 1301 Apostolico,
2959 1231 3057 1286 ubi
3101 1230 3199 1299 ait,
3248 1231 3521 1287 Christum
3555 1234 3651 1288 Dei

2001 1319 2260 1373 virtutem
2280 1326 2332 1373 et
2348 1320 2448 1374 Dei
2464 1321 2795 1390 sapientiam
2818 1320 2863 1393 (Ι
2887 1320 3063 1390 Cor.x,
3090 1320 3181 1392 24)
3208 1337 3221 1375 :
3257 1320 3507 1392 Spiritus
3539 1339 3642 1376 au-

2000 1408 2119 1461 tem
2142 1410 2377 1462 sanctus
2400 1407 2498 1462 ubi
2520 1406 2593 1462 sit
2616 1407 2809 1463 dictus
2834 1407 3087 1463 cbaritas
3109 1408 3455 1475 invenimus,
3482 1408 3531 1463 si
3555 1409 3640 1463 di-

2000 1492 2248 1567 ligenter
2270 1495 2515 1551 Joannis
2543 1496 2791 1567 apostoli
2825 1500 3156 1552 scrutemur
3176 1496 3473 1568 eloquium
3500 1515 3512 1565 ;
3538 1498 3640 1568 qui

2001 1599 2136 1638 cum
2168 1584 2429 1652 dixisset,
2460 1586 2834 1653 Dilectissimi,
2887 1586 3184 1655 diligamus
3225 1587 3485 1653 invicem,
3516 1590 3648 1658 quia

2001 1671 2217 1728 dilectio
2242 1689 2313 1728 ex
2345 1675 2449 1729 Deo
2486 1677 2604 1741 est;
2634 1678 2871 1730 secutus
2903 1674 3190 1745 adjunxit,
3241 1676 3305 1729 Et
3355 1677 3532 1730 omnis
3553 1678 3648 1746 qui

2000 1761 2211 1830 diligit,
2238 1779 2312 1817 ea:
2340 1764 2445 1817 Deo
2466 1768 2631 1819 natus
2653 1769 2737 1819 est
2757 1782 2775 1818 :
2798 1766 2895 1835 qui
2913 1780 3022 1819 non
3040 1764 3247 1833 diligit,
3271 1780 3377 1820 non
3400 1768 3648 1835 cognovit

1999 1853 2191 1918 Deum,
2214 1855 2345 1924 quia
2363 1854 2501 1909 Deus
2521 1853 2746 1909 dilectio
2763 1861 2859 1909 est.
2886 1853 2987 1908 Hic
3016 1854 3411 1910 manifestavit
3431 1870 3560 1909 eam
3582 1872 3645 1910 se

2001 1941 2216 1997 dixisse
2246 1942 2616 1997 dilectionem
2648 1941 2855 2007 Deum,
2879 1959 3055 2014 quam
3078 1942 3222 1997 dixit
3241 1959 3310 1998 ex
3329 1942 3466 2000 Deo.
3494 1947 3642 1999 Deus

2001 2046 2138 2102 ergo
2168 2047 2237 2086 ex
2265 2031 2380 2086 Deo
2420 2034 2510 2086 est
2539 2031 2794 2087 dilectio.
2826 2031 2935 2087 Sed
2970 2030 3103 2103 quia
3131 2034 3187 2087 et
3219 2030 3396 2086 Filius
3426 2047 3494 2088 ex
3524 2031 3639 2087 Deo

2000 2121 2167 2176 Patre
2197 2123 2370 2175 natus
2403 2123 2513 2185 est,
2544 2124 2603 2175 et
2629 2119 2876 2191 Spiritus
2924 2125 3163 2176 sanctus
3213 2136 3282 2176 ex
3328 2119 3441 2175 Deo
3475 2125 3641 2177 Patre

2002 2209 2281 2281 procedit,
2309 2225 2482 2281 quem
2514 2208 2713 2281 potius
2751 2226 2953 2265 eorum
3000 2209 3095 2264 hic
3145 2210 3462 2265 debeamus
3493 2211 3642 2266 acci-

2001 2314 2136 2370 pere
2167 2298 2388 2353 dictum
2419 2314 2547 2354 esse
2577 2298 2949 2354 dilectionem
2980 2298 3191 2366 Deum,
3213 2300 3419 2354 merito
3443 2300 3646 2372 quaeri-

2001 2390 2116 2442 tur.
2140 2387 2309 2443 Pater
2324 2386 2480 2442 enim
2499 2386 2661 2443 solus
2683 2386 2767 2443 ita
2788 2387 2942 2443 Deus
2965 2391 3074 2457 est,
3097 2391 3162 2442 ut
3182 2404 3297 2443 non
3317 2388 3473 2443 silex
3489 2389 3602 2443 Deo
3628 2405 3640 2444 :

2002 2492 2069 2531 ac
2099 2492 2200 2548 per
2229 2476 2337 2532 hoc
2368 2474 2599 2532 dilectio
2630 2493 2758 2548 quae
2789 2475 2868 2531 ita
2894 2476 3047 2532 Deus
3078 2480 3185 2546 est,
3216 2480 3281 2531 ut
3312 2492 3379 2532 ex
3405 2477 3517 2532 Deo
3542 2477 3638 2544 sit,

2002 2570 2105 2621 aut
2135 2565 2316 2621 Filius
2348 2570 2457 2631 est,
2490 2569 2590 2621 aut
2629 2565 2879 2638 Spiritus
2914 2569 3171 2621 sanctus.
3205 2566 3315 2621 Sed
3347 2565 3406 2621 in
3437 2582 3640 2622 conse-

2000 2654 2318 2725 quentibus
2350 2670 2483 2710 cum
2532 2653 2634 2710 Dei
2681 2654 3050 2711 dilectionem
3099 2659 3641 2724 commemorasset,

2001 2759 2118 2798 non
2150 2760 2266 2814 qua
2294 2760 2409 2799 non
2440 2759 2596 2813 eum,
2629 2744 2730 2799 sed
2773 2760 2888 2815 qua
2913 2746 3031 2813 Ipse
3071 2744 3269 2799 dilexit
3296 2761 3418 2813 nos,
3449 2754 3500 2800 et
3531 2746 3639 2800 mi-

2000 2832 2073 2887 sit
2100 2833 2305 2887 Filium
2334 2848 2495 2887 suum
2548 2832 2862 2887 litatorem1
2903 2848 3003 2904 pro
3034 2835 3269 2902 peccatis
3295 2835 3501 2888 nostris
3526 2852 3547 2900 ,-
3579 2838 3636 2889 et

2001 2920 2137 2976 hinc
2169 2921 2508 2977 exhortatus
2558 2925 2712 2976 esset
2760 2926 2826 2976 ut
2875 2938 2983 2977 nos
3026 2921 3271 2977 invicem
3305 2921 3640 2994 diligamus,

2002 3013 2175 3081 atque
2206 3011 2287 3065 ita
2316 3015 2464 3066 Deus
2494 3010 2554 3065 in
2583 3010 2753 3066 nobis
2782 3014 3034 3076 maneat,
3066 3010 3203 3082 quia
3231 3011 3434 3081 utique
3464 3011 3646 3067 dilec-

2001 3100 2221 3155 tionem
2255 3101 2403 3154 Deus
2433 3099 2675 3168 dixerat,
2711 3099 2911 3156 statim
2942 3098 3141 3155 volens
3173 3100 3242 3155 de
3264 3099 3372 3155 hae
3394 3117 3454 3155 re
3476 3117 3645 3171 aper-

2000 3188 2119 3244 tius
2149 3188 2370 3259 aliquid
2400 3188 2616 3260 eloqui,
2646 3189 2705 3244 In
2737 3190 2853 3258 hoc,
2884 3188 3099 3261 inquit,
3123 3192 3491 3260 cognoscimus
3514 3191 3646 3260 quia

2000 3278 2062 3333 in
2088 3279 2209 3349 ipso
2238 3286 2545 3345 manemus,
2594 3285 2646 3333 et
2694 3279 2805 3348 ipse
2848 3279 2909 3332 in
2948 3279 3124 3347 nobis,
3159 3280 3289 3350 quia
3334 3278 3398 3334 de
3428 3279 3641 3351 Spiritu

1999 3381 2096 3421 suo
2127 3366 2274 3423 dedit
2302 3368 2475 3422 nobis.
2502 3366 2758 3438 Spiritus
2782 3367 2977 3437 itaque
2997 3371 3234 3422 sanctus
3256 3368 3326 3422 de
3347 3384 3461 3439 quo
3486 3368 3645 3422 dedit

2000 3455 2189 3519 nobis,
2224 3455 2361 3511 facit
2389 3472 2498 3511 nos
2528 3456 2585 3511 in
2618 3455 2733 3511 Deo
2766 3472 3023 3523 manere,
3056 3461 3111 3511 et
3136 3456 3329 3528 ipsum
3359 3456 3414 3510 in
3440 3456 3638 3510 nobis:

2000 3543 2108 3599 hoc
2138 3548 2330 3599 autem
2360 3544 2498 3599 facit
2527 3543 2778 3599 dilectio.
2806 3546 2934 3616 Ipse
2965 3548 3054 3600 est
3080 3544 3260 3617 igitur
3287 3544 3439 3600 Deus
3471 3544 3645 3599 dilec~

1999 3633 2100 3688 tio.
2134 3632 2398 3704 Denique
2430 3632 2600 3705 paulo
2631 3636 2764 3705 post
2795 3650 2928 3689 cum
2958 3632 3068 3689 hoc
3098 3633 3293 3705 ipsum
3318 3633 3648 3705 repetiisset

1999 3724 2171 3793 atque
2202 3722 2463 3791 dixisset,
2494 3723 2634 3777 Deus
2659 3721 2879 3778 dilectio
2907 3725 2984 3777 est
3002 3739 3023 3785 ;
3062 3722 3339 3779 continuo
3370 3722 3640 3793 subjecit,

1997 3812 2064 3867 Et
2093 3814 2190 3883 qui
2222 3819 2401 3866 manet
2433 3812 2489 3866 in
2520 3811 2828 3879 dilectione,
2853 3814 2915 3868 in
2938 3813 3041 3867 Deo
3062 3816 3275 3878 manet,
3299 3820 3348 3867 et
3369 3813 3507 3867 Deus
3528 3828 3643 3866 ma-

1995 3907 2087 3956 net
2106 3901 2166 3955 in
2180 3916 2266 3956 eo:
2281 3901 2434 3955 unde
2453 3917 2631 3972 supra
2652 3901 2895 3969 dixerat,
2918 3901 2979 3955 In
3000 3902 3098 3956 hoc
3119 3904 3487 3971 cognoscimus
3508 3902 3640 3971 quia

1995 3991 2056 4045 in
2083 3991 2199 4062 ipso
2228 4006 2534 4059 manemus,
2566 3997 2620 4045 et
2644 3991 2762 4062 ipse
2795 3992 2853 4045 in
2874 3991 3050 4059 nobis,
3074 3992 3204 4062 quia
3224 3992 3292 4046 de
3311 3992 3522 4064 Spiritu
3546 4006 3638 4046 suo

1993 4078 2143 4134 dedit
2174 4079 2349 4134 nobis.
2382 4083 2511 4150 Ipse
2541 4094 2676 4151 ergo
2704 4078 3070 4151 significatur
3099 4079 3199 4134 ubi
3231 4079 3458 4152 legitur,
3494 4081 3635 4135 Deus

1991 4169 2214 4225 dilectio
2241 4175 2341 4224 est.
2376 4169 2529 4224 Deus
2558 4168 2737 4238 igitur
2764 4168 3018 4239 Spiritus
3049 4172 3285 4225 sanctus
3311 4168 3410 4239 qui
3435 4186 3632 4239 proce-

1993 4258 2080 4313 dit
2109 4275 2177 4313 ex
2210 4258 2340 4325 Deo,
2371 4273 2504 4312 cum
2539 4257 2712 4311 datus
2744 4256 2915 4311 fuerit
2938 4256 3181 4324 homini,
3212 4257 3476 4311 accendit
3496 4273 3632 4311 eum

1991 4347 2052 4403 in
2084 4346 2452 4402 dilectionem
2484 4345 2586 4401 Dei
2616 4350 2674 4400 et
2702 4345 2971 4417 proximi,
3021 4349 3077 4399 et
3105 4344 3230 4417 ipse
3262 4344 3489 4400 dilectio
3520 4349 3629 4401 est.

1992 4435 2117 4492 Non
2150 4435 2306 4492 enim
2338 4434 2511 4491 habet
2539 4434 2713 4489 homo
2745 4433 2899 4489 unde
2952 4439 3131 4489 Deum
3164 4432 3388 4506 diligat,
3420 4432 3535 4488 nisi
3565 4450 3634 4489 ex

1994 4528 2127 4580 Deo.
2161 4525 2402 4595 Propter
2430 4522 2582 4594 quod
2625 4521 2795 4594 paulo
2827 4525 2959 4594 post
3001 4522 3175 4578 dicit:
3209 4523 3311 4579 Nos
3333 4522 3634 4593 diligamus

1992 4630 2142 4683 eum,
2174 4613 2307 4684 quia
2336 4613 2451 4683 ipse
2496 4613 2655 4683 prior
2699 4611 2897 4666 dilexit
2937 4627 3034 4667 nos
3066 4611 3111 4684 (I
3154 4612 3309 4669 Joan.
3344 4628 3418 4679 xv,
3449 4610 3630 4683 7-19).

1990 4700 2304 4774 Apostolus
2336 4716 2564 4772 quoque
2596 4699 2845 4754 Paulus:
2878 4700 3127 4769 Dilectio,
3160 4698 3373 4772 inquit,
3402 4700 3501 4755 Dei
3518 4699 3633 4771 dif-

1991 4793 2118 4866 fusa
2145 4791 2308 4848 estin
2365 4790 2615 4845 cordibus
2668 4791 2891 4855 nostris,
2937 4805 3039 4861 per
3086 4789 3355 4861 Spiritum
3382 4794 3633 4846 sanctum

1995 4883 2091 4956 qui
2119 4880 2276 4936 datus
2302 4886 2383 4936 est
2409 4879 2562 4935 nobis
2587 4880 2760 4949 (Rom.
2793 4895 2849 4946 v,
2879 4879 2957 4950 5).

2063 4969 2295 5029 CAPUT
2324 4969 2518 5025 XVIII.
2552 4999 2621 5009 ——
2649 4969 2738 5023 32.
2770 4968 2996 5023 Nullum
3024 4968 3121 5023 Dei
3138 4966 3341 5023 donum
3360 4966 3634 5023 charitate
3690 4973 3694 4976 ’

1992 5057 2614 5117 excellentius.Nullum
2629 5062 2718 5113 est
2730 5058 2840 5112 isto
2858 5057 2952 5113 Dei
2967 5057 3115 5113 dono
3130 5055 3634 5112 excellentius.So-

1994 5148 2118 5205 lum
2140 5151 2230 5203 est
2249 5147 2405 5220 quod
2426 5146 2632 5202 dividit
2652 5147 2803 5202 inter
2826 5145 2979 5201 ﬁlios
3001 5146 3161 5217 regni
3186 5145 3379 5201 aeterni
3407 5150 3463 5201 et
3484 5144 3633 5201 ﬁlios

1994 5235 2340 5310 perditionis
2360 5240 2607 5292 aeterna.
2632 5238 2852 5290 Dantur
2871 5238 2927 5290 et
2947 5232 3060 5289 alia
3080 5250 3182 5305 per
3199 5234 3478 5306 Spiritum
3499 5251 3632 5290 san-

1994 5329 2153 5382 ctum
2176 5340 2441 5391 munera,
2464 5324 2565 5380 sed
2587 5323 2714 5379 sine
2736 5321 3015 5378 charitate
3038 5321 3179 5377 nihil
3216 5326 3477 5395 prosunt.
3512 5322 3633 5379 Nisi

1992 5431 2130 5488 ergo
2150 5419 2381 5470 tantum
2405 5412 2775 5485 impertiatur
2795 5410 3003 5483 cuique
3020 5410 3272 5484 Spiritus
3291 5416 3551 5478 sanctus,
3573 5417 3637 5467 ut

1993 5520 2125 5560 eum
2150 5503 2247 5559 Dei
2269 5506 2325 5559 et
2344 5500 2592 5574 proximi
2617 5501 2791 5557 faciat
2812 5504 3154 5567 amatorem,
3187 5517 3221 5555 a
3251 5499 3490 5556 sinistra
3520 5518 3635 5557 non

1993 5593 2347 5650 transfertur
2363 5592 2434 5647 ad
2450 5593 2766 5649 dexteram.
2785 5590 2899 5647 Nec
2916 5589 3158 5663 spiritus
3176 5589 3404 5662 proprie
3422 5590 3636 5647 dicitur

2058 5703 2077 5738 ί
2108 5699 2263 5757 Editi,
2296 5697 2637 5749 liberatorem.
2668 5698 2733 5749 At
2762 5699 2888 5750 Mss.
2920 5697 3194 5748 litatorem.
3216 5699 3412 5761 Graece,
3437 5700 3458 5748 1
3481 5698 3634 5753 Joan-

1995 5764 2097 5824 nis,
2128 5776 2242 5827 cap.
2275 5765 2320 5822 Ii,
2342 5776 2394 5823 γ,
2426 5766 2500 5821 10,
2531 5761 2767 5812 ilasmon.
