4048 6460
474 363 630 423 1083

475 502 720 568 Donum,
743 498 854 555 nisi
880 503 1113 571 propter
1134 497 1529 557 dilectionem:
1554 517 1728 572 quam
1752 500 1851 573 qui
1874 518 1989 556 non
2012 499 2110 554 ha-

476 588 685 658 buerit,
709 588 756 643 si
781 587 996 658 linguis
1020 588 1322 644 hominum
1346 589 1620 661 loquatur
1649 594 1705 644 et
1735 590 2109 661 Angelorum,

474 693 690 733 sonans
721 687 1099 732 atramentum
1129 682 1217 733 est
1245 682 1302 733 et
1320 678 1653 751 cymbalum
1684 678 2042 734 tinnienszet
2064 676 2112 732 si

470 765 745 823 habuerit
772 766 1160 838 prophetiam,
1194 775 1247 822 et
1279 768 1475 823 scierit
1504 768 1699 823 omnia
1729 771 2111 834 sacramenta,

474 859 771 910 etomnem
789 855 1116 921 scientiam,
1136 862 1191 912 et
1209 858 1255 910 si
1276 857 1543 913 habuerit
1560 873 1791 913 omnem
1812 856 2008 923 tidem,
2036 855 2116 909 ita

471 948 537 999 ut
559 948 787 1000 montes
816 946 1149 1012 transferat,
1178 945 1320 1001 nihil
1345 950 1459 1001 est:
1478 950 1534 1001 et
1551 947 1600 1001 si
1621 944 2115 1001 distribueritom-

476 1050 609 1088 nem
625 1032 1014 1089 substantiam
1030 1050 1218 1103 suam,
1245 1039 1301 1089 et
1315 1035 1361 1089 si
1380 1034 1681 1090 tradiderit
1704 1051 1917 1105 corpus
1941 1050 2113 1088 suum

481 1127 543 1177 ut
566 1123 786 1187 ardeat,
812 1122 954 1177 nihil
979 1122 1028 1177 ei
1054 1124 1289 1195 prodest
1310 1124 1355 1194 (Ι
1382 1126 1499 1179 Cor.
1524 1141 1643 1190 XIII,
1671 1124 2114 1191 i-3).Quantum

477 1227 613 1282 ergo
627 1211 846 1266 bonum
862 1215 967 1277 est,
983 1211 1107 1267 sine
1126 1229 1239 1283 quo
1257 1213 1327 1267 ad
1343 1217 1614 1267 aeternam
1632 1213 1807 1267 vitam
1823 1212 2115 1268 neminem

477 1299 809 1355 bonatanta
823 1301 1326 1371 perducunt?lpsa
1342 1317 1470 1356 vero
1486 1301 1715 1356 dilectio
1729 1302 1847 1356 sive
1862 1301 2118 1356 charitas

476 1389 635 1460 (nam
663 1388 839 1445 unius
862 1390 941 1444 rei
968 1395 1055 1445 est
1077 1397 1391 1461 utrumque
1414 1391 1668 1462 nomen),
1698 1390 1746 1445 si
1771 1390 2115 1446 babeateam

476 1476 577 1551 qui
601 1494 712 1532 non
737 1476 996 1548 loquitur
1013 1477 1251 1548 linguis,
1279 1496 1381 1534 nec
1408 1478 1582 1534 habet
1604 1479 1993 1551 prophetiam,
2014 1496 2119 1534 nec

476 1564 674 1619 omnia
687 1564 1170 1620 scitsacramenta
1182 1583 1529 1636 omnemque
1542 1567 1868 1634 scientiam,
1884 1584 1987 1623 nec
2001 1568 2120 1623 dis-

472 1651 682 1707 tribuit
699 1652 892 1708 omnia
913 1670 1020 1708 sua
1044 1654 1426 1726 pauperibus,
1444 1656 1532 1711 vel
1550 1673 1665 1711 non
1686 1656 1951 1712 habendo
1969 1656 2119 1727 quod

479 1739 814 1811 distribuat,
834 1742 920 1797 vel
939 1741 1135 1813 aliqua
1154 1744 1499 1799 necessitate
1517 1744 1866 1815 prohibitus,
1882 1761 1987 1799 nec
2000 1750 2119 1800 tra-

480 1829 566 1884 dit
582 1846 792 1901 corpus
806 1847 873 1885 su
885 1846 977 1885 um
997 1837 1059 1886 ut
1073 1832 1291 1897 ardeat,
1307 1832 1356 1887 si
1371 1832 1503 1887 talis
1518 1834 1807 1904 passionis
1822 1833 2123 1889 nullaten-

474 1918 617 1972 tatio
639 1923 748 1985 est,
772 1919 1038 1989 perducit
1055 1920 1124 1974 ad
1143 1937 1410 1991 regnum,
1427 1922 1506 1976 ita
1520 1922 1782 1993 utipsam
1809 1922 1982 1977 fidem
2008 1939 2121 1978 non

475 2005 652 2061 faciat
675 2006 875 2061 utilem
892 2007 1005 2062 nisi
1019 2008 1295 2064 charitas.
1315 2009 1741 2066 Sinecharitate
1755 2010 1965 2082 quippe
1981 2011 2125 2067 ﬁdes

481 2096 917 2166 potestquidem
934 2113 1081 2162 esse,
1096 2098 1194 2152 sed
1212 2114 1325 2153 non
1339 2104 1396 2152 et
1410 2098 1701 2169 prodesse.
1722 2100 1957 2170 Propter
1969 2099 2125 2170 quod

484 2187 542 2239 et
571 2184 870 2255 apostolus
902 2184 1136 2252 Paulus,
1170 2187 1231 2241 In
1276 2187 1504 2256 Christo,
1556 2187 1766 2259 inquit,
1805 2190 1929 2244 Jesu
1957 2203 2129 2260 neque

488 2274 855 2343 circumcisio,
881 2290 1054 2345 neque
1078 2279 1420 2346 praeputium
1444 2276 1659 2348 aliquid
1683 2278 1846 2345 valet,
1875 2277 1970 2332 sed
1998 2277 2129 2348 ﬁdes

484 2378 606 2435 quae
628 2378 732 2433 per
759 2362 1103 2419 dilectionem
1135 2368 1399 2435 cperatur
1429 2365 1632 2436 (Colat.
1662 2383 1717 2433 v,
1748 2368 1842 2435 6):
1877 2366 1962 2422 sic
2000 2382 2129 2422 eam

485 2450 823 2506 discernens
857 2452 928 2506 ab
960 2467 1026 2506 ea
1059 2452 1192 2519 fide,
1226 2469 1343 2525 qua
1372 2458 1430 2508 et
1479 2454 1772 2510 daemones
1804 2456 2048 2510 credunt
2076 2459 2133 2511 et

487 2539 950 2596 contremiscunt
980 2540 1189 2611 (Jacobi
1220 2559 1280 2609 ιι,
1322 2541 1424 2613 19).
1450 2541 1689 2597 Dilectio
1715 2542 1893 2615 igitur
1914 2561 2039 2617 quis
2065 2561 2134 2601 ex

488 2628 606 2684 Deo
637 2632 723 2683 est
755 2633 810 2682 et
840 2628 994 2684 Deus
1025 2633 1133 2695 est,
1177 2630 1405 2701 proprie
1453 2630 1708 2702 Spiritus
1757 2636 1995 2689 sanctus
2023 2637 2131 2703 est,

488 2732 592 2789 per
621 2734 795 2790 quem
828 2717 1175 2773 diti'unditur
1206 2718 1262 2773 in
1288 2719 1562 2774 cordibus
1586 2721 1800 2777 nostris
1826 2721 1920 2777 Dei
1943 2721 2134 2777 chari-

493 2811 607 2875 tas,
640 2823 741 2877 per
773 2823 949 2878 quam
976 2823 1081 2862 nos
1106 2812 1222 2862 tota
1247 2807 1538 2864 inhabitat
1559 2809 1832 2866 Trinitas.
1859 2811 2135 2875 Quocirca

498 2892 821 2949 rectissime
847 2894 1100 2966 Spiritus
1133 2901 1388 2964 sanctus,
1421 2912 1554 2951 cum
1596 2898 1670 2953 sit
1699 2897 1873 2968 Deus,
1899 2904 2137 2955 vocatur

499 2981 673 3038 etiam
703 2982 931 3038 Donum
967 2984 1061 3038 Dei
1090 2984 1222 3055 (Act.
1256 3002 1374 3053 VIII,
1406 2985 1517 3055 20).
1552 2986 1712 3051 Quod
1745 2986 1971 3044 Donum
2003 3005 2135 3061 pro-

498 3070 621 3143 prie
653 3071 789 3141 quid
822 3072 934 3127 nisi
982 3072 1236 3128 charitas
1282 3072 1661 3146 intelligenda
1705 3080 1814 3147 est,
1849 3094 1975 3149 quae
2005 3095 2134 3149 per-

498 3159 659 3214 ducit
688 3161 759 3215 ad
791 3164 992 3231 Deum,
1025 3165 1081 3216 et
1112 3162 1237 3217 sine
1268 3178 1386 3234 qua
1408 3162 1711 3234 quodlibet
1731 3164 1890 3221 aliud
1914 3168 2134 3222 donum

499 3246 602 3303 Dei
633 3263 747 3303 non
779 3248 1046 3319 perducit
1075 3250 1146 3307 ad
1178 3250 1411 3307 Deum?

570 3388 805 3445 CAPUT
847 3389 994 3446 XIX.
1025 3422 1094 3433 —
1120 3392 1209 3448 33.
1265 3391 1503 3465 Spiritus
1550 3404 1772 3451 sanctus
1818 3396 1994 3452 dictus
2040 3397 2140 3452 Dei

498 3476 705 3531 Donum
725 3479 786 3532 in
805 3481 1128 3550 Scripturis.
1155 3482 1364 3537 Donum
1373 3485 1617 3555 Spiritus
1628 3486 2025 3540 sanctidictum
2041 3501 2138 3557 pro

500 3566 711 3621 Donum
734 3567 874 3638 quod
892 3577 971 3623 est
988 3571 1230 3640 Spiritus
1248 3580 1488 3628 sanctus.
1504 3573 1754 3644 Spiritus
1774 3585 1993 3630 sanctus
2011 3590 2136 3647 pro-

498 3657 620 3725 prie
651 3655 903 3711 Charitas
932 3657 1153 3725 dicitur,
1187 3663 1434 3731 quamvis
1464 3678 1575 3717 non
1611 3664 1758 3717 solus
1789 3665 1847 3717 in
1878 3665 2142 3720 Trinitate

501 3742 741 3799 charitas
768 3747 860 3801 sit.
897 3751 983 3800 An
1014 3751 1069 3802 et
1101 3748 1207 3804 hoc
1238 3750 1605 3821 probandum
1636 3757 1743 3818 est,
1782 3753 1872 3806 Dei
1913 3753 2138 3809 Donum

503 3832 725 3887 dictum
759 3850 886 3889 esse
911 3834 969 3889 in
992 3836 1173 3891 sacris
1196 3837 1425 3893 Litteris
1445 3838 1725 3909 Spiritum
1749 3843 2060 3897 sanctum?
2081 3843 2139 3899 Si

505 3925 559 3975 et
582 3920 689 3976 hoc
711 3928 1093 3997 exspectatur,
1115 3924 1399 3981 habemus
1415 3926 1474 3980 in
1492 3928 1798 3998 Evangelio
1817 3931 2139 3986 secundum

502 4008 787 4066 Joannem
814 4012 1037 4067 Domini
1062 4015 1196 4069 Jesu
1218 4014 1431 4068 Christi
1453 4015 1626 4068 verba
1647 4015 1923 4073 dicentis:
1949 4019 2008 4074 Si
2022 4022 2142 4091 quis

504 4099 643 4166 sitit,
663 4102 844 4154 veniat
865 4102 937 4155 ad
960 4118 1066 4170 me,
1083 4110 1133 4156 et
1155 4102 1317 4157 bibat.
1345 4104 1460 4173 Qui
1476 4102 1647 4157 credit
1674 4105 1732 4158 in
1765 4122 1870 4169 me,
1902 4110 2039 4162 sicut
2059 4108 2141 4162 di-

505 4189 577 4242 cit
600 4187 901 4259 Scriptura,
924 4191 1159 4260 ﬂumina
1178 4190 1244 4244 de
1265 4194 1449 4247 ventre
1468 4194 1588 4261 eius
1607 4194 1777 4262 ﬂuent
1809 4211 1962 4266 aqua
1984 4199 2141 4255 vivae.

510 4278 685 4331 Porro
708 4277 1074 4350 Evangelista
1095 4284 1331 4334 secutus
1356 4281 1424 4334 ad
1425 4281 1621 4351 junxit
1640 4298 1651 4336 :
1675 4284 1783 4338 Hoc
1802 4287 1988 4339 autem
2005 4285 2148 4341 dixit

508 4365 575 4418 de
592 4364 821 4436 Spiritu,
836 4382 993 4437 quem
1005 4370 1447 4435 accepturierant
1458 4370 1734 4425 credentes
1752 4374 1807 4426 in
1821 4389 1947 4427 eum
1960 4374 2144 4443 (Joan.

511 4468 610 4516 vn,
647 4454 859 4523 37-39).
893 4454 1054 4509 Unde
1087 4455 1229 4510 dicit
1258 4456 1429 4512 etiam
1466 4457 1678 4513 Paulus
1717 4461 2017 4531 apostolus
2046 4481 2058 4521 :
2084 4466 2148 4519 Et

511 4558 693 4597 omnes
744 4559 913 4597 unum
966 4543 1238 4615 Spiritum
1289 4548 1593 4615 potavimus
1648 4548 1692 4619 (l
1745 4549 1863 4604 Cor.
1905 4553 2145 4621 101,13).

510 4633 714 4685 Utrum
732 4636 925 4685 autem
940 4632 1156 4687 donum
1174 4633 1272 4688 Dei
1287 4634 1364 4688 sit
1386 4634 1673 4705 appellata
1685 4638 1977 4707 aquaista,
1993 4641 2147 4711 quod

510 4722 599 4773 est
620 4718 872 4790 Spiritus
894 4724 1152 4786 sanctus,
1179 4722 1287 4777 hoc
1308 4724 1608 4792 quaeritur.
1641 4724 1745 4779 Sed
1771 4726 1920 4782 sicut
1942 4727 2035 4783 hic
2062 4728 2149 4783 in-

511 4807 778 4865 venimus
801 4809 951 4865 hanc
976 4826 1188 4882 aquam
1212 4809 1495 4881 Spiritum
1520 4816 1775 4868 sanctum
1798 4830 1944 4883 esse,
1970 4816 2150 4872 itain-

510 4896 778 4952 venimus
800 4897 936 4953 alibi
960 4898 1018 4952 in
1043 4898 1168 4969 ipso
1190 4898 1498 4970 Evangelia
1523 4900 1672 4955 hanc
1702 4918 1913 4973 aquam
1929 4905 2148 4960 donum

513 4986 613 5042 Dei
647 4986 1017 5059 appellatam.
1049 4986 1196 5042 Nam
1230 4987 1509 5043 Dominus
1548 4988 1702 5045 idem
1752 4994 1985 5063 quando
2014 5011 2149 5050 cum

514 5074 759 5130 muliere
775 5076 1142 5131 Samaritana
1158 5076 1227 5131 ad
1244 5081 1487 5147 puteum
1502 5076 1865 5148 loquebatur,
1885 5082 1977 5136 cui
1999 5082 2151 5138 dixe-

513 5168 623 5229 rat,
647 5165 725 5218 Da
746 5164 889 5218 mihi
913 5165 1094 5220 bibere
1112 5181 1132 5225 ,·
1154 5180 1286 5219 cum
1311 5163 1412 5219 illa
1435 5167 1848 5237 respondisset,
1875 5175 2028 5242 quod
2046 5172 2151 5227 Ju-

514 5252 620 5306 daei
644 5269 756 5307 non
775 5257 1142 5308 couterentur
1159 5254 1573 5321 Samaritanis;
1595 5258 2078 5327 responditJesus
2092 5265 2151 5316 et

517 5341 661 5395 dixit
682 5341 731 5395 ei
759 5357 770 5395 :
800 5341 859 5396 Si
879 5343 1043 5397 scires
1064 5344 1275 5398 Donum
1298 5344 1415 5409 Dei,
1439 5346 1624 5415 etquis
1644 5354 1724 5400 est
1749 5348 1846 5418 qui
1873 5347 2005 5402 dicit
2029 5349 2152 5421 tibi,

1590 365 1691 425 DE
1734 364 2181 439 TliINlTATE,
2225 361 2291 425 Β.
2337 365 2763 428 AUGUSTINI

3722 365 3886 426 1084

2222 497 2409 555 Omnis
2438 501 2535 572 qui
2560 500 2757 557 biberit
2785 516 2857 557 ea:
2877 501 2980 558 hac
2998 518 3175 574 aqua,
3198 503 3352 558 sitiet
3372 503 3589 558 iterum
3616 520 3631 571 ;
3655 502 3759 573 qui
3777 516 3887 556 au-

2214 591 2322 643 tem
2352 588 2554 645 biberit
2592 606 2661 644 ea:
2709 607 2855 662 aqua
2884 607 3050 664 quam
3077 607 3180 664 ego
3211 590 3349 647 dabo
3379 592 3454 661 ei,
3486 607 3599 647 non
3629 592 3782 646 sitiet
3816 591 3884 646 in

2215 680 2523 733 aeternum:
2547 678 2640 734 sed
2668 695 2813 751 aqua
2844 697 3009 752 quam
3039 696 3138 751 ego
3171 680 3307 736 dabo
3338 682 3413 748 ei,
3441 680 3535 751 ﬁet
3568 682 3629 735 in
3661 696 3723 736 eo
3744 682 3881 751 fons

2216 782 2383 838 aqua:
2397 768 2645 824 salientis
2664 770 2723 825 in
2741 772 2911 825 vitam
2924 778 3195 827 aeternam
3214 770 3397 841 (Joan.
3420 787 3498 837 ιχ,
3519 771 3582 824 7-
3595 770 3706 840 14).
3724 768 3881 834 Quia

2217 872 2352 928 ergo
2374 856 2495 912 hac
2517 874 2670 929 aqua
2693 858 2843 924 viva,
2869 858 3021 915 sicut
3042 858 3412 932 Evangelista
3432 857 3724 930 exposuit,
3742 855 3879 928 Spi-

2219 946 2367 1001 ritus
2389 951 2476 1001 est
2496 951 2755 1015 sanctus,
2780 946 2980 1019 procul
3008 948 3186 1004 dubio
3210 947 3467 1020 Spiritus
3504 947 3737 1003 Donum
3773 944 3881 1002 Dei

2219 1039 2309 1090 est
2356 1035 2427 1090 de
2478 1051 2591 1106 quo
2623 1035 2717 1091 hic
2748 1036 3030 1093 Dominus
3061 1036 3177 1093 ait:
3214 1036 3275 1092 Si
3300 1038 3467 1093 scires
3496 1038 3719 1092 Donum
3749 1036 3881 1102 Dei,

2220 1126 2270 1179 et
2299 1125 2419 1194 quis
2446 1128 2523 1179 est
2554 1126 2650 1195 qui
2679 1125 2816 1180 dicit
2846 1127 2968 1195 tibi,
3000 1130 3093 1182 Da
3121 1127 3264 1181 mihi
3292 1127 3519 1188 bibere;
3546 1135 3604 1181 tu
3625 1128 3883 1197 forsitan

2219 1214 2440 1284 petisses
2460 1214 2526 1268 ab
2546 1228 2627 1282 eo,
2650 1218 2702 1269 et
2721 1214 2950 1271 dedisset
2967 1214 3076 1271 tibi
3095 1231 3298 1286 aquam
3319 1216 3519 1270 vivam.
3545 1214 3692 1269 Nam
3715 1213 3878 1285 quod

2221 1300 2300 1356 ibi
2333 1301 2432 1373 ait,
2458 1302 2716 1358 Flumina
2766 1303 2832 1359 de
2884 1313 3073 1360 ventre
3127 1306 3244 1376 ejus
3290 1306 3464 1374 ﬂuent
3511 1318 3675 1374 aqua:
3699 1305 3881 1364 vive:

2224 1389 2332 1446 hoc
2362 1389 2473 1446 isto
2502 1391 2649 1460 loco,
2682 1394 2802 1448 Fiet
2835 1394 2894 1447 in
2921 1408 3003 1461 eo,
3040 1393 3248 1465 inquit,
3278 1394 3405 1463 fons
3431 1409 3587 1464 aqua:
3616 1393 3883 1448 salientis

2225 1480 2286 1534 in
2314 1481 2481 1535 vitam
2510 1488 2798 1538 aeternam.

2293 1604 2383 1657 34.
2416 1605 2632 1659 Paulus
2662 1621 2895 1676 quoque
2944 1604 3266 1676 apostolus,
3305 1606 3623 1675 Unicuique,
3656 1604 3877 1674 inquit,

2223 1697 2473 1747 nostrum
2500 1693 2663 1747 datur
2691 1696 2871 1764 gratia
2899 1694 3195 1751 secundum
3227 1710 3543 1749 mensuram
3563 1694 3884 1748 donationis

2229 1780 2466 1837 Christi:
2490 1787 2666 1852 atque
2696 1788 2760 1837 ut
2788 1783 3156 1838 donationem
3191 1783 3404 1838 Christi
3431 1782 3713 1853 Spiritum
3739 1798 3880 1837 san-

2226 1874 2384 1925 ctum
2410 1871 2759 1937 ostenderet,
2790 1876 3026 1927 secutus
3051 1873 3117 1926 ad
3120 1873 3143 1942 j
3154 1872 3341 1937 unxit,
3364 1873 3591 1943 Propter
3618 1870 3762 1942 quod
3792 1870 3881 1924 di-

2228 1961 2341 2014 cit:
2373 1960 2628 2015 Ascendit
2657 1962 2717 2015 in
2746 1962 2940 2031 altum,
2972 1963 3268 2028 captivavit
3304 1962 3702 2033 captivitatem,
3735 1960 3887 2015 dedit

2228 2049 2372 2105 dona
2395 2049 2707 2104 hominibus
2728 2049 2938 2120 (Ephes.
2970 2066 3044 2114 Iv,
3069 2052 3125 2115 7,
3147 2050 3226 2116 8).
3255 2049 3645 2105 Notissimum
3666 2054 3757 2104 est
3776 2065 3883 2102 au-

2228 2142 2369 2203 tem,
2394 2137 2702 2192 Dominum
2742 2138 2969 2203 Jesum,
3012 2155 3145 2193 cum
3170 2143 3301 2210 post
3327 2138 3817 2194 resurrectionem
3852 2153 3888 2190 a

2231 2226 2477 2281 mortuis
2495 2226 2855 2282 ascendiseet
2870 2226 2929 2281 in
2944 2228 3178 2291 ccelum,
3195 2227 3422 2283 dedisse
3438 2226 3723 2299 Spiritum
3740 2242 3886 2281 san-

2232 2320 2413 2382 ctum,
2438 2331 2551 2385 quo
2572 2315 2792 2386 impleti
2819 2316 2918 2388 qui
2941 2316 3329 2385 crediderant,
3349 2315 3569 2387 linguis
3610 2316 3885 2371 omnium

2234 2404 2494 2475 gentium
2518 2402 2926 2475 loquebantur.
2952 2405 3066 2460 Nec
3104 2408 3334 2460 moveat
3380 2405 3535 2476 quod
3562 2403 3665 2469 ait,
3699 2403 3845 2459 dona
3865 2419 3888 2465 ;

2237 2509 2351 2548 non
2374 2492 2591 2547 donum
2616 2509 2629 2546 :
2648 2492 2704 2546 id
2725 2494 2878 2547 enim
2905 2493 3303 2548 testimonium
3328 2493 3397 2546 de
3415 2492 3645 2547 Psalmo
3666 2492 3888 2562 posuit.

2237 2581 2355 2636 Hoc
2377 2586 2570 2636 autem
2593 2580 2652 2635 in
2677 2581 2907 2637 Psalmo
2928 2582 3010 2637 ita
3029 2581 3239 2655 legitur
3255 2596 3268 2635 :
3284 2582 3590 2637 Ascendisti
3607 2582 3668 2635 in
3689 2580 3887 2647 altum,

2237 2672 2529 2741 mptivasti
2556 2672 2960 2742 captivitatem,
3002 2672 3261 2743 accepisti
3305 2669 3447 2725 dona
3477 2672 3538 2725 in
3567 2667 3892 2723 hominibus

2238 2760 2406 2830 (Psal.
2439 2776 2607 2826 van,
2640 2759 2749 2831 19).
2798 2759 2890 2814 Sic
2938 2759 3093 2814 enim
3143 2758 3340 2830 plures
3384 2757 3614 2812 codices
3646 2755 3890 2817 habent.

2239 2853 2299 2904 et
2326 2847 2579 2903 maxime
2625 2848 2815 2921 graeci,
2863 2852 2921 2903 et
2948 2864 3016 2903 ex
3062 2847 3288 2903 hebran
3319 2846 3402 2902 sic
3433 2846 3889 2914 interpretatum

2243 2937 2547 3005 habemus,
2579 2939 2733 2993 Dona
2760 2937 2958 3008 itaque
2980 2936 3123 2990 dixit
3142 2934 3480 3008 Apostolus,
3503 2934 3892 3005 quemadmo-

2241 3027 2381 3081 dum
2405 3025 2714 3097 Propheta,
2738 3042 2874 3093 non,
2900 3027 3141 3081 donum.
3168 3025 3279 3081 Sed
3317 3041 3451 3080 cum
3475 3022 3768 3095 Propheta
3800 3020 3893 3076 di-

2239 3115 2405 3181 xerit,
2439 3117 2696 3186 accepisti
2733 3117 2873 3170 dona
2921 3116 2983 3170 in
3030 3114 3379 3181 hominibus;
3416 3110 3735 3184 Apostolus
3766 3127 3896 3164 ma-

2238 3202 2349 3259 luit
2379 3204 2591 3270 dicere,
2640 3204 2789 3259 dedit
2835 3204 2984 3259 dona
3030 3203 3381 3270 hominibus,-
3430 3206 3496 3256 ut
3543 3217 3612 3256 ex
3641 3203 3895 3270 utroque

2241 3292 2464 3349 scilicet
2503 3294 2699 3361 verbo,
2750 3309 2866 3347 uno
2914 3291 3272 3363 prophetico,
3327 3290 3649 3361 apostolico
3681 3287 3890 3355 altero,

2242 3382 2451 3453 quiain
2469 3385 2713 3453 utroque
2725 3386 2815 3436 est
2827 3381 3003 3436 divini
3019 3380 3306 3436 sermonis
3319 3379 3656 3444 auctoritas,
3674 3392 3891 3433 sensus

2242 3470 2622 3542 plenissimus
2649 3471 3005 3526 redderetur.
3037 3471 3358 3540 Utrumque
3379 3467 3535 3523 enim
3552 3482 3757 3522 verum
3776 3469 3889 3530 est,

2242 3566 2301 3615 et
2322 3560 2458 3630 quia
2478 3559 2638 3615 dedit
2672 3559 3030 3626 hominibus,
3054 3564 3111 3614 et
3138 3559 3279 3628 quia
3298 3557 3519 3628 accepit
3541 3556 3599 3611 in
3623 3554 3885 3609 homini-

2240 3648 2373 3703 bus.
2400 3648 2565 3703 Dedit
2585 3648 2941 3718 hominibus,
2956 3651 3238 3719 tanquam
3254 3644 3721 3719 caputmembris
3735 3643 3885 3710 suis;

2244 3737 2467 3807 accepit
2481 3736 2540 3790 in
2559 3736 2900 3790 hominibus
2916 3735 3071 3790 idem
3084 3734 3210 3806 ipse
3222 3735 3425 3806 utique
3438 3731 3723 3789 membris
3735 3731 3887 3796 suis,

2245 3830 2481 3898 propter
2501 3841 2627 3895 quae
2651 3825 2913 3879 membra
2961 3840 3069 3878 sua
3118 3823 3389 3879 clamavit
3419 3823 3491 3877 de
3509 3820 3677 3885 ccelo,
3700 3819 3886 3883 Saute,

2247 3913 2432 3979 Saule,
2463 3913 2595 3985 quid
2623 3929 2711 3968 me
2736 3913 3075 3984 persequeris
3105 3912 3242 3982 (Act.
3274 3928 3352 3978 ιχ,
3375 3910 3429 3981 li)
3448 3909 3476 3965 ?
3496 3915 3554 3965 et
3573 3909 3645 3964 de
3670 3908 3891 3979 quibus

2248 4003 2527 4058 membris
2559 4001 2683 4057 suis
2716 4002 2814 4067 ait,
2849 4000 3081 4071 Quando
3110 4001 3211 4055 uni
3238 4000 3573 4056 eaminimis
3594 3998 3729 4053 meis
3750 3997 3892 4068 feci-

2245 4094 2359 4162 stis,
2382 4092 2524 4146 mihi
2540 4092 2748 4162 fecistis
2767 4090 2976 4161 (Matth.
3000 4106 3127 4159 xxv,
3152 4089 3263 4161 40).
3290 4088 3418 4159 Ipse
3442 4102 3579 4158 ergo
3593 4085 3890 4154 Christus,

2248 4186 2305 4237 et
2328 4180 2488 4236 dedit
2507 4180 2577 4235 de
2596 4178 2757 4244 coelo,
2780 4182 2837 4234 et
2851 4178 3072 4250 accepit
3085 4178 3144 4233 in
3158 4177 3513 4235 terra.Porro
3527 4178 3724 4231 autem
3737 4174 3894 4229 dona

2249 4271 2322 4324 ob
2356 4269 2463 4324 hoc
2507 4268 2678 4323 ambo
2730 4266 3020 4330 dixerunt,
3073 4270 3130 4322 et
3160 4265 3442 4337 Propheta
3469 4269 3526 4318 et
3548 4261 3890 4335 Apostolus,

2250 4357 2389 4428 quia
2411 4373 2512 4427 per
2533 4357 2773 4426 donum,
2800 4355 2955 4426 quod
2977 4358 3065 4411 est
3085 4353 3337 4425 Spiritus
3359 4357 3618 4416 sanctus,
3641 4351 3698 4405 in
3732 4365 3891 4406 com-

2253 4462 2430 4500 mune
2462 4446 2727 4499 omnibus
2754 4444 3034 4498 membris
3064 4443 3278 4499 Christi
3328 4440 3511 4496 multa
3554 4441 3729 4504 dona,
3762 4455 3892 4510 qua

2253 4539 2392 4589 sunt
2416 4533 2749 4604 quibusque
2778 4531 3032 4604 propria,
3058 4531 3419 4586 dividuntur.
3446 4529 3571 4586 Non
3593 4528 3752 4585 enim
3771 4527 3893 4582 sin-

2252 4622 2373 4695 guli
2405 4622 2619 4694 quique
2670 4621 2886 4677 habent
2927 4619 3145 4689 omnia,
3198 4620 3299 4675 sed
3349 4618 3407 4673 bi
3455 4617 3576 4684 illa,
3608 4616 3709 4672 alii
3741 4615 3891 4671 alia:

2252 4711 2521 4782 quamvis
2534 4710 2726 4781 ipsum
2741 4710 2960 4765 donum
2974 4725 3009 4764 a
3024 4723 3137 4779 quo
3150 4706 3361 4778 cuique
3377 4706 3614 4778 propria
3629 4704 3897 4760 dividun-

2250 4803 2348 4855 tur
2368 4814 2571 4854 omnes
2592 4797 2861 4864 habeant,
2884 4797 2943 4853 id
2964 4800 3071 4863 est,
3105 4795 3391 4867 Spiritum
3418 4798 3712 4850 sanctum.
3746 4793 3895 4848 Nam

2253 4894 2310 4943 et
2337 4888 2474 4943 alibi
2522 4903 2657 4942 cum
2703 4886 2891 4942 multa
2920 4887 3076 4942 dona
3102 4890 3634 4949 commemorasset,
3669 4883 3895 4947 Omnia,

2252 4976 2463 5047 inquit,
2492 4976 2610 5032 haec
2620 4979 3027 5046 operaturunus
3042 4978 3205 5047 atque
3222 4973 3369 5029 idem
3386 4973 3634 5043 Spiritus
3645 4970 3896 5027 dividens

2250 5067 2478 5137 propria
2507 5065 2809 5134 unicuique
2832 5071 2997 5136 prout
3037 5068 3157 5119 vult
3206 5062 3251 5133 (Ι
3286 5063 3404 5118 Cor.
3454 5077 3556 5132 xu,
3587 5061 3700 5130 11).
3733 5060 3895 5125 Quod

2252 5154 2494 5209 verbum
2519 5157 2577 5208 et
2596 5152 2655 5207 in
2679 5152 2938 5224 Epistola
2960 5168 3084 5223 quas
3103 5152 3171 5208 ad
3191 5150 3459 5206 Hebraeos
3476 5154 3567 5205 est
3581 5148 3893 5211 invenitur,

2252 5242 2351 5297 ubi
2384 5241 2666 5312 scriptum
2717 5244 2829 5307 est,
2881 5241 3181 5295 Attestante
3225 5240 3330 5294 Deo
3358 5239 3538 5306 signis
3567 5243 3620 5291 et
3648 5237 3895 5301 ostentis,

2250 5338 2302 5386 et
2330 5331 2505 5385 variis
2532 5329 2857 5395 virtutibus,
2888 5338 2941 5384 et
2988 5328 3226 5401 Spiritus
3255 5328 3434 5383 sancti
3460 5325 3840 5381 distributioni
3858 5328 3899 5389 ί,

518 5430 593 5484 Da
621 5430 761 5483 mihi
792 5432 1010 5493 bibere;
1043 5436 1101 5486 tu
1128 5433 1362 5503 forsitan
1394 5434 1613 5503 petisses
1642 5434 1708 5487 ab
1734 5415 1813 5500 eo,
1848 5443 1901 5490 et
1922 5415 2155 5494 dedisset
2253 5419 2443 5492 (Hebr-
2468 5433 2530 5486 Πν
2560 5418 2634 5490 4)·
2658 5418 2727 5473 Et
2745 5417 2840 5473 hic
2862 5434 2996 5473 cum
3038 5417 3302 5485 ἀίκίεεθῖν
3342 5415 3595 5472 Ascendit
3615 5416 3681 5469 ίη
3704 5415 3899 5503 αιίωηι

516 5518 618 5574 tibi
645 5535 845 5589 aquam
873 5522 1071 5576 vivam.
1104 5522 1245 5577 Dicit
1274 5522 1325 5576 ei
1352 5523 1587 5576 mulier:
1620 5523 1865 5589 Domine,
1894 5541 2066 5596 neque
2093 5528 2153 5582 in

518 5623 623 5678 quo
646 5607 876 5664 haurias
897 5611 1079 5681 habes,
1098 5617 1150 5666 et
1171 5615 1367 5683 patens
1389 5611 1532 5665 altus
1546 5620 1623 5665 est
1636 5627 1657 5671 ;
1679 5612 1827 5667 unde
1846 5628 1969 5684 ergo
1989 5614 2153 5670 habes

518 5711 720 5769 aquam
740 5698 916 5757 vivam
939 5703 965 5755 γ
985 5704 1040 5757 et
1061 5704 1282 5757 caetera.
1308 5698 1600 5772 Respondit
1626 5698 1797 5772 Iesus,
1821 5708 1872 5758 et
1900 5701 2047 5760 dixit
2061 5703 2113 5761 ei
2136 5719 2151 5761 :

2253 5508 2542 5581 captivavit
2554 5508 2927 5580 captivitatem
2938 5550 2953 5577 ,
2965 5506 3114 5563 dedit
3130 5505 3272 5563 dona
3287 5505 3629 5571 homin-ibus;
3644 5502 3801 5572 Quod
3811 5518 3900 5556 au-

2322 5712 2341 5747 ί
2372 5709 2616 5775 Plerique
2649 5709 2797 5771 Msa,
2833 5705 3189 5760 divisionibus.
