  <div class='ocr_page' id='page_1' title='image "/cluster/home/n/w/nwhite01/storage/ocr_20150623/42/umn.31951d02850084t/549.png"; bbox 0 0 4048 6450; ppageno 0'>
   <div class='ocr_carea' id='block_1_1' title="bbox 570 383 717 443">
    <p class='ocr_par' dir='ltr' id='par_1_1' title="bbox 570 383 717 443">
     <span class='ocr_line' id='line_1_1' title="bbox 570 383 717 443; baseline -0.02 0"><span class='ocrx_word' id='word_1_1' title='bbox 570 383 717 443; x_wconf 80' lang='grc'><strong>1091</strong></span> 
     </span>
    </p>
   </div>
   <div class='ocr_carea' id='block_1_2' title="bbox 565 503 2202 577">
    <p class='ocr_par' dir='ltr' id='par_1_2' title="bbox 565 503 2202 577">
     <span class='ocr_line' id='line_1_2' title="bbox 565 503 2202 577; baseline -0.008 -8"><span class='ocrx_word' id='word_1_2' title='bbox 565 519 761 568; x_wconf 87' lang='lat' dir='ltr'>tamen</span> <span class='ocrx_word' id='word_1_3' title='bbox 792 513 941 566; x_wconf 90' lang='lat' dir='ltr'>inter</span> <span class='ocrx_word' id='word_1_4' title='bbox 970 527 1030 564; x_wconf 90' lang='lat' dir='ltr'>se</span> <span class='ocrx_word' id='word_1_5' title='bbox 1063 525 1214 561; x_wconf 90' lang='lat' dir='ltr'>nunc</span> <span class='ocrx_word' id='word_1_6' title='bbox 1250 507 1303 560; x_wconf 86' lang='lat' dir='ltr'>in</span> <span class='ocrx_word' id='word_1_7' title='bbox 1327 506 1562 561; x_wconf 66' lang='lat' dir='ltr'>istavita</span> <span class='ocrx_word' id='word_1_8' title='bbox 1589 503 2091 577; x_wconf 84' lang='lat' dir='ltr'>magnitudinibus</span> <span class='ocrx_word' id='word_1_9' title='bbox 2115 518 2202 557; x_wconf 89' lang='lat' dir='ltr'>se-</span> 
     </span>
    </p>
   </div>
   <div class='ocr_carea' id='block_1_3' title="bbox 568 591 2204 674">
    <p class='ocr_par' dir='ltr' id='par_1_3' title="bbox 568 591 2204 674">
     <span class='ocr_line' id='line_1_3' title="bbox 568 591 2204 674; baseline -0.009 -17"><span class='ocrx_word' id='word_1_10' title='bbox 568 605 869 674; x_wconf 80' lang='lat' dir='ltr'>parantur.</span> <span class='ocrx_word' id='word_1_11' title='bbox 910 598 1102 668; x_wconf 83' lang='lat' dir='ltr'>Neque</span> <span class='ocrx_word' id='word_1_12' title='bbox 1153 595 1303 648; x_wconf 83' lang='lat' dir='ltr'>enim</span> <span class='ocrx_word' id='word_1_13' title='bbox 1356 594 1486 665; x_wconf 82' lang='lat' dir='ltr'>quia</span> <span class='ocrx_word' id='word_1_14' title='bbox 1524 592 1704 647; x_wconf 88' lang='lat' dir='ltr'>moles</span> <span class='ocrx_word' id='word_1_15' title='bbox 1736 591 1906 646; x_wconf 71' lang='lat' dir='ltr'>nullis</span> <span class='ocrx_word' id='word_1_16' title='bbox 1938 591 2014 645; x_wconf 90' lang='lat' dir='ltr'>ibi</span> <span class='ocrx_word' id='word_1_17' title='bbox 2044 594 2204 657; x_wconf 90' lang='lat' dir='ltr'>sunt,</span> 
     </span>
    </p>
   </div>
   <div class='ocr_carea' id='block_1_4' title="bbox 566 679 2203 753">
    <p class='ocr_par' dir='ltr' id='par_1_4' title="bbox 566 679 2203 753">
     <span class='ocr_line' id='line_1_4' title="bbox 566 679 2203 753; baseline -0.006 -9"><span class='ocrx_word' id='word_1_18' title='bbox 566 690 696 745; x_wconf 89' lang='lat' dir='ltr'>ideo</span> <span class='ocrx_word' id='word_1_19' title='bbox 725 705 842 743; x_wconf 91' lang='lat' dir='ltr'>non</span> <span class='ocrx_word' id='word_1_20' title='bbox 874 687 1138 740; x_wconf 81' lang='lat' dir='ltr'>videmus</span> <span class='ocrx_word' id='word_1_21' title='bbox 1170 685 1225 737; x_wconf 89' lang='lat' dir='ltr'>in</span> <span class='ocrx_word' id='word_1_22' title='bbox 1260 682 1372 738; x_wconf 86' lang='lat' dir='ltr'>alio</span> <span class='ocrx_word' id='word_1_23' title='bbox 1407 684 1685 753; x_wconf 79' lang='lat' dir='ltr'>majorem</span> <span class='ocrx_word' id='word_1_24' title='bbox 1716 697 1843 737; x_wconf 83' lang='lat' dir='ltr'>esse</span> <span class='ocrx_word' id='word_1_25' title='bbox 1863 679 2203 734; x_wconf 77' lang='lat' dir='ltr'>memoriam</span> 
     </span>
    </p>
   </div>
   <div class='ocr_carea' id='block_1_5' title="bbox 567 767 2204 850">
    <p class='ocr_par' dir='ltr' id='par_1_5' title="bbox 567 767 2204 850">
     <span class='ocr_line' id='line_1_5' title="bbox 567 767 2204 850; baseline -0.007 -18"><span class='ocrx_word' id='word_1_26' title='bbox 567 793 741 850; x_wconf 88' lang='lat' dir='ltr'>quam</span> <span class='ocrx_word' id='word_1_27' title='bbox 774 772 1304 847; x_wconf 84' lang='lat' dir='ltr'>intelligentiam,in</span> <span class='ocrx_word' id='word_1_28' title='bbox 1330 771 1442 826; x_wconf 88' lang='lat' dir='ltr'>alio</span> <span class='ocrx_word' id='word_1_29' title='bbox 1460 775 1660 826; x_wconf 88' lang='lat' dir='ltr'>contra</span> <span class='ocrx_word' id='word_1_30' title='bbox 1684 786 1696 824; x_wconf 92' lang='lat'>:</span> <span class='ocrx_word' id='word_1_31' title='bbox 1730 770 1787 823; x_wconf 87' lang='lat' dir='ltr'>in</span> <span class='ocrx_word' id='word_1_32' title='bbox 1812 768 1924 823; x_wconf 91' lang='lat' dir='ltr'>alio</span> <span class='ocrx_word' id='word_1_33' title='bbox 1947 770 2060 822; x_wconf 91' lang='lat' dir='ltr'>duo</span> <span class='ocrx_word' id='word_1_34' title='bbox 2084 767 2204 821; x_wconf 69' lang='lat' dir='ltr'>haec</span> 
     </span>
    </p>
   </div>
   <div class='ocr_carea' id='block_1_6' title="bbox 566 856 2206 935">
    <p class='ocr_par' dir='ltr' id='par_1_6' title="bbox 566 856 2206 935">
     <span class='ocr_line' id='line_1_6' title="bbox 566 856 2206 935; baseline -0.007 -14"><span class='ocrx_word' id='word_1_35' title='bbox 566 864 782 921; x_wconf 89' lang='lat' dir='ltr'>amoris</span> <span class='ocrx_word' id='word_1_36' title='bbox 798 861 1202 935; x_wconf 71' lang='lat' dir='ltr'>magnitudine</span> <span class='ocrx_word' id='word_1_37' title='bbox 1216 860 1622 932; x_wconf 85' lang='lat' dir='ltr'>superari,sive</span> <span class='ocrx_word' id='word_1_38' title='bbox 1640 858 1750 914; x_wconf 88' lang='lat' dir='ltr'>sint</span> <span class='ocrx_word' id='word_1_39' title='bbox 1764 859 1891 929; x_wconf 89' lang='lat' dir='ltr'>ipsa</span> <span class='ocrx_word' id='word_1_40' title='bbox 1911 857 2026 912; x_wconf 93' lang='lat' dir='ltr'>duo</span> <span class='ocrx_word' id='word_1_41' title='bbox 2052 856 2206 911; x_wconf 89' lang='lat' dir='ltr'>inter</span> 
     </span>
    </p>
   </div>
   <div class='ocr_carea' id='block_1_7' title="bbox 564 945 2200 1026">
    <p class='ocr_par' dir='ltr' id='par_1_7' title="bbox 564 945 2200 1026">
     <span class='ocr_line' id='line_1_7' title="bbox 564 945 2200 1026; baseline -0.007 -16"><span class='ocrx_word' id='word_1_42' title='bbox 564 970 626 1010; x_wconf 89' lang='lat' dir='ltr'>se</span> <span class='ocrx_word' id='word_1_43' title='bbox 657 952 920 1026; x_wconf 83' lang='lat' dir='ltr'>aequalia,</span> <span class='ocrx_word' id='word_1_44' title='bbox 945 952 1063 1007; x_wconf 84' lang='lat' dir='ltr'>sive</span> <span class='ocrx_word' id='word_1_45' title='bbox 1097 967 1208 1004; x_wconf 88' lang='lat' dir='ltr'>non</span> <span class='ocrx_word' id='word_1_46' title='bbox 1244 950 1571 1019; x_wconf 87' lang='lat' dir='ltr'>sint.Atque</span> <span class='ocrx_word' id='word_1_47' title='bbox 1595 948 1673 1001; x_wconf 88' lang='lat' dir='ltr'>ita</span> <span class='ocrx_word' id='word_1_48' title='bbox 1700 963 1733 1000; x_wconf 89' lang='lat' dir='ltr'>a</span> <span class='ocrx_word' id='word_1_49' title='bbox 1764 945 2012 1017; x_wconf 80' lang='lat' dir='ltr'>singulis</span> <span class='ocrx_word' id='word_1_50' title='bbox 2044 945 2200 1014; x_wconf 91' lang='lat' dir='ltr'>bina,</span> 
     </span>
    </p>
   </div>
   <div class='ocr_carea' id='block_1_8' title="bbox 563 1034 2202 1112">
    <p class='ocr_par' dir='ltr' id='par_1_8' title="bbox 563 1034 2202 1112">
     <span class='ocr_line' id='line_1_8' title="bbox 563 1034 2202 1112; baseline -0.007 -12"><span class='ocrx_word' id='word_1_51' title='bbox 563 1048 619 1101; x_wconf 89' lang='lat' dir='ltr'>et</span> <span class='ocrx_word' id='word_1_52' title='bbox 648 1061 681 1098; x_wconf 89' lang='lat' dir='ltr'>a</span> <span class='ocrx_word' id='word_1_53' title='bbox 710 1042 866 1098; x_wconf 86' lang='lat' dir='ltr'>binis</span> <span class='ocrx_word' id='word_1_54' title='bbox 898 1038 1215 1112; x_wconf 88' lang='lat' dir='ltr'>singula,et</span> <span class='ocrx_word' id='word_1_55' title='bbox 1237 1056 1269 1093; x_wconf 92' lang='lat' dir='ltr'>a</span> <span class='ocrx_word' id='word_1_56' title='bbox 1290 1037 1539 1109; x_wconf 85' lang='lat' dir='ltr'>singulis</span> <span class='ocrx_word' id='word_1_57' title='bbox 1571 1034 1863 1106; x_wconf 87' lang='lat' dir='ltr'>singula,a</span> <span class='ocrx_word' id='word_1_58' title='bbox 1882 1035 2202 1105; x_wconf 81' lang='lat' dir='ltr'>majoribus</span> 
     </span>
    </p>
   </div>
   <div class='ocr_carea' id='block_1_9' title="bbox 562 1121 2201 1198">
    <p class='ocr_par' dir='ltr' id='par_1_9' title="bbox 562 1121 2201 1198">
     <span class='ocr_line' id='line_1_9' title="bbox 562 1121 2201 1198; baseline -0.005 -11"><span class='ocrx_word' id='word_1_59' title='bbox 562 1131 791 1187; x_wconf 91' lang='lat' dir='ltr'>minora</span> <span class='ocrx_word' id='word_1_60' title='bbox 818 1129 1146 1185; x_wconf 90' lang='lat' dir='ltr'>vincuntur.</span> <span class='ocrx_word' id='word_1_61' title='bbox 1181 1127 1249 1182; x_wconf 91' lang='lat' dir='ltr'>Et</span> <span class='ocrx_word' id='word_1_62' title='bbox 1278 1126 1509 1198; x_wconf 85' lang='lat' dir='ltr'>quando</span> <span class='ocrx_word' id='word_1_63' title='bbox 1539 1125 1690 1178; x_wconf 89' lang='lat' dir='ltr'>inter</span> <span class='ocrx_word' id='word_1_64' title='bbox 1719 1140 1781 1179; x_wconf 88' lang='lat' dir='ltr'>se</span> <span class='ocrx_word' id='word_1_65' title='bbox 1810 1121 2055 1194; x_wconf 69' lang='lat' dir='ltr'>aequalia</span> <span class='ocrx_word' id='word_1_66' title='bbox 2080 1123 2201 1179; x_wconf 84' lang='lat' dir='ltr'>fue-</span> 
     </span>
    </p>
   </div>
   <div class='ocr_carea' id='block_1_10' title="bbox 564 1211 2203 1289">
    <p class='ocr_par' dir='ltr' id='par_1_10' title="bbox 564 1211 2203 1289">
     <span class='ocr_line' id='line_1_10' title="bbox 564 1211 2203 1289; baseline -0.005 -14"><span class='ocrx_word' id='word_1_67' title='bbox 564 1220 681 1275; x_wconf 84' lang='lat' dir='ltr'>rint</span> <span class='ocrx_word' id='word_1_68' title='bbox 702 1220 773 1275; x_wconf 89' lang='lat' dir='ltr'>ab</span> <span class='ocrx_word' id='word_1_69' title='bbox 803 1217 963 1275; x_wconf 90' lang='lat' dir='ltr'>omni</span> <span class='ocrx_word' id='word_1_70' title='bbox 990 1216 1269 1289; x_wconf 81' lang='lat' dir='ltr'>languore</span> <span class='ocrx_word' id='word_1_71' title='bbox 1299 1218 1526 1282; x_wconf 87' lang='lat' dir='ltr'>sanata,</span> <span class='ocrx_word' id='word_1_72' title='bbox 1571 1229 1673 1268; x_wconf 90' lang='lat' dir='ltr'>nec</span> <span class='ocrx_word' id='word_1_73' title='bbox 1704 1215 1844 1267; x_wconf 89' lang='lat' dir='ltr'>tunc</span> <span class='ocrx_word' id='word_1_74' title='bbox 1873 1211 2203 1284; x_wconf 64' lang='lat' dir='ltr'>arquabitur</span> 
     </span>
    </p>
   </div>
   <div class='ocr_carea' id='block_1_11' title="bbox 564 1301 2197 1375">
    <p class='ocr_par' dir='ltr' id='par_1_11' title="bbox 564 1301 2197 1375">
     <span class='ocr_line' id='line_1_11' title="bbox 564 1301 2197 1375; baseline -0.004 -12"><span class='ocrx_word' id='word_1_75' title='bbox 564 1308 645 1365; x_wconf 86' lang='lat' dir='ltr'>rei</span> <span class='ocrx_word' id='word_1_76' title='bbox 679 1312 889 1363; x_wconf 89' lang='lat' dir='ltr'>natura</span> <span class='ocrx_word' id='word_1_77' title='bbox 912 1303 1260 1361; x_wconf 77' lang='lat' dir='ltr'>immutabili</span> <span class='ocrx_word' id='word_1_78' title='bbox 1294 1320 1360 1359; x_wconf 88' lang='lat' dir='ltr'>ea</span> <span class='ocrx_word' id='word_1_79' title='bbox 1390 1319 1482 1359; x_wconf 91' lang='lat' dir='ltr'>res</span> <span class='ocrx_word' id='word_1_80' title='bbox 1514 1319 1639 1375; x_wconf 74' lang='lat' dir='ltr'>quae</span> <span class='ocrx_word' id='word_1_81' title='bbox 1673 1318 1773 1374; x_wconf 90' lang='lat' dir='ltr'>per</span> <span class='ocrx_word' id='word_1_82' title='bbox 1801 1301 2047 1374; x_wconf 81' lang='lat' dir='ltr'>gratiam</span> <span class='ocrx_word' id='word_1_83' title='bbox 2082 1317 2197 1356; x_wconf 90' lang='lat' dir='ltr'>non</span> 
     </span>
    </p>
   </div>
   <div class='ocr_carea' id='block_1_12' title="bbox 564 1390 2198 1467">
    <p class='ocr_par' dir='ltr' id='par_1_12' title="bbox 564 1390 2198 1467">
     <span class='ocr_line' id='line_1_12' title="bbox 564 1390 2198 1467; baseline -0.006 -14"><span class='ocrx_word' id='word_1_84' title='bbox 564 1397 918 1453; x_wconf 73' lang='lat' dir='ltr'>mutabitur‘</span> <span class='ocrx_word' id='word_1_85' title='bbox 951 1412 963 1451; x_wconf 92' lang='lat'>:</span> <span class='ocrx_word' id='word_1_86' title='bbox 998 1393 1136 1467; x_wconf 89' lang='lat' dir='ltr'>quia</span> <span class='ocrx_word' id='word_1_87' title='bbox 1164 1410 1276 1449; x_wconf 91' lang='lat' dir='ltr'>non</span> <span class='ocrx_word' id='word_1_88' title='bbox 1323 1395 1589 1464; x_wconf 60' lang='lat' dir='ltr'>aequatur</span> <span class='ocrx_word' id='word_1_89' title='bbox 1631 1395 1896 1447; x_wconf 85' lang='lat' dir='ltr'>creatura</span> <span class='ocrx_word' id='word_1_90' title='bbox 1924 1390 2198 1458; x_wconf 85' lang='lat' dir='ltr'>Creatori,</span> 
     </span>
    </p>
   </div>
   <div class='ocr_carea' id='block_1_13' title="bbox 562 1478 2196 1558">
    <p class='ocr_par' dir='ltr' id='par_1_13' title="bbox 562 1478 2196 1558">
     <span class='ocr_line' id='line_1_13' title="bbox 562 1478 2196 1558; baseline -0.004 -16"><span class='ocrx_word' id='word_1_91' title='bbox 562 1491 619 1543; x_wconf 87' lang='lat' dir='ltr'>et</span> <span class='ocrx_word' id='word_1_92' title='bbox 644 1486 875 1558; x_wconf 85' lang='lat' dir='ltr'>quando</span> <span class='ocrx_word' id='word_1_93' title='bbox 905 1485 976 1540; x_wconf 89' lang='lat' dir='ltr'>ab</span> <span class='ocrx_word' id='word_1_94' title='bbox 1007 1482 1164 1539; x_wconf 92' lang='lat' dir='ltr'>omni</span> <span class='ocrx_word' id='word_1_95' title='bbox 1196 1483 1473 1556; x_wconf 83' lang='lat' dir='ltr'>languore</span> <span class='ocrx_word' id='word_1_96' title='bbox 1494 1481 1798 1538; x_wconf 87' lang='lat' dir='ltr'>sanabitur</span> <span class='ocrx_word' id='word_1_97' title='bbox 1820 1478 2196 1536; x_wconf 60' lang='lat' dir='ltr'>mutabitur“.</span> 
     </span>
    </p>
   </div>
   <div class='ocr_carea' id='block_1_14' title="bbox 633 1568 2197 1641">
    <p class='ocr_par' dir='ltr' id='par_1_14' title="bbox 633 1568 2197 1641">
     <span class='ocr_line' id='line_1_14' title="bbox 633 1568 2197 1641; baseline -0.004 -11"><span class='ocrx_word' id='word_1_98' title='bbox 633 1577 719 1630; x_wconf 82' lang='grc'>44.</span> <span class='ocrx_word' id='word_1_99' title='bbox 753 1575 863 1630; x_wconf 89' lang='lat' dir='ltr'>Sed</span> <span class='ocrx_word' id='word_1_100' title='bbox 921 1574 1072 1629; x_wconf 90' lang='lat' dir='ltr'>hanc</span> <span class='ocrx_word' id='word_1_101' title='bbox 1122 1589 1234 1627; x_wconf 91' lang='lat' dir='ltr'>non</span> <span class='ocrx_word' id='word_1_102' title='bbox 1280 1571 1469 1627; x_wconf 92' lang='lat' dir='ltr'>solum</span> <span class='ocrx_word' id='word_1_103' title='bbox 1518 1568 1961 1641; x_wconf 86' lang='lat' dir='ltr'>incorporalem,</span> <span class='ocrx_word' id='word_1_104' title='bbox 1993 1584 2197 1624; x_wconf 86' lang='lat' dir='ltr'>verum</span> 
     </span>
    </p>
   </div>
   <div class='ocr_carea' id='block_1_15' title="bbox 561 1657 2196 1733">
    <p class='ocr_par' dir='ltr' id='par_1_15' title="bbox 561 1657 2196 1733">
     <span class='ocr_line' id='line_1_15' title="bbox 561 1657 2196 1733; baseline -0.003 -15"><span class='ocrx_word' id='word_1_105' title='bbox 561 1664 733 1719; x_wconf 89' lang='lat' dir='ltr'>etiam</span> <span class='ocrx_word' id='word_1_106' title='bbox 758 1678 987 1718; x_wconf 86' lang='lat' dir='ltr'>summe</span> <span class='ocrx_word' id='word_1_107' title='bbox 1018 1661 1465 1733; x_wconf 81' lang='lat' dir='ltr'>inseparabilem</span> <span class='ocrx_word' id='word_1_108' title='bbox 1494 1676 1734 1731; x_wconf 85' lang='lat' dir='ltr'>vereque</span> <span class='ocrx_word' id='word_1_109' title='bbox 1766 1657 2196 1713; x_wconf 86' lang='lat' dir='ltr'>immutabilem</span> 
     </span>
    </p>
   </div>
   <div class='ocr_carea' id='block_1_16' title="bbox 560 1746 2197 1822">
    <p class='ocr_par' dir='ltr' id='par_1_16' title="bbox 560 1746 2197 1822">
     <span class='ocr_line' id='line_1_16' title="bbox 560 1746 2197 1822; baseline -0.004 -14"><span class='ocrx_word' id='word_1_110' title='bbox 560 1753 929 1821; x_wconf 86' lang='lat' dir='ltr'>Trinitatem,</span> <span class='ocrx_word' id='word_1_111' title='bbox 964 1767 1096 1806; x_wconf 90' lang='lat' dir='ltr'>cum</span> <span class='ocrx_word' id='word_1_112' title='bbox 1128 1750 1349 1806; x_wconf 87' lang='lat' dir='ltr'>venerit</span> <span class='ocrx_word' id='word_1_113' title='bbox 1382 1750 1527 1803; x_wconf 88' lang='lat' dir='ltr'>visio</span> <span class='ocrx_word' id='word_1_114' title='bbox 1564 1766 1692 1820; x_wconf 72' lang='lat' dir='ltr'>quae</span> <span class='ocrx_word' id='word_1_115' title='bbox 1722 1748 1870 1822; x_wconf 81' lang='lat' dir='ltr'>facie</span> <span class='ocrx_word' id='word_1_116' title='bbox 1902 1746 1973 1803; x_wconf 89' lang='lat' dir='ltr'>ad</span> <span class='ocrx_word' id='word_1_117' title='bbox 1998 1750 2197 1817; x_wconf 82' lang='lat' dir='ltr'>[aciem</span> 
     </span>
    </p>
   </div>
   <div class='ocr_carea' id='block_1_17' title="bbox 560 1836 2195 1913">
    <p class='ocr_par' dir='ltr' id='par_1_17' title="bbox 560 1836 2195 1913">
     <span class='ocr_line' id='line_1_17' title="bbox 560 1836 2195 1913; baseline -0.003 -17"><span class='ocrx_word' id='word_1_118' title='bbox 560 1841 984 1913; x_wconf 87' lang='lat' dir='ltr'>repromittitur</span> <span class='ocrx_word' id='word_1_119' title='bbox 1014 1840 1201 1907; x_wconf 90' lang='lat' dir='ltr'>nobis,</span> <span class='ocrx_word' id='word_1_120' title='bbox 1237 1837 1418 1893; x_wconf 91' lang='lat' dir='ltr'>multo</span> <span class='ocrx_word' id='word_1_121' title='bbox 1446 1838 1659 1893; x_wconf 89' lang='lat' dir='ltr'>clarius</span> <span class='ocrx_word' id='word_1_122' title='bbox 1689 1838 2019 1908; x_wconf 87' lang='lat' dir='ltr'>certiusque</span> <span class='ocrx_word' id='word_1_123' title='bbox 2041 1836 2195 1891; x_wconf 90' lang='lat' dir='ltr'>vide-</span> 
     </span>
    </p>
   </div>
   <div class='ocr_carea' id='block_1_18' title="bbox 559 1927 2190 2001">
    <p class='ocr_par' dir='ltr' id='par_1_18' title="bbox 559 1927 2190 2001">
     <span class='ocr_line' id='line_1_18' title="bbox 559 1927 2190 2001; baseline -0.002 -16"><span class='ocrx_word' id='word_1_124' title='bbox 559 1931 956 2001; x_wconf 88' lang='lat' dir='ltr'>bimus,quam</span> <span class='ocrx_word' id='word_1_125' title='bbox 982 1945 1137 1983; x_wconf 78' lang='lat' dir='ltr'>nunc</span> <span class='ocrx_word' id='word_1_126' title='bbox 1158 1928 1284 1999; x_wconf 85' lang='lat' dir='ltr'>ejus</span> <span class='ocrx_word' id='word_1_127' title='bbox 1306 1927 1620 1999; x_wconf 85' lang='lat' dir='ltr'>imaginem</span> <span class='ocrx_word' id='word_1_128' title='bbox 1653 1927 1803 1997; x_wconf 87' lang='lat' dir='ltr'>quod</span> <span class='ocrx_word' id='word_1_129' title='bbox 1833 1943 1934 1981; x_wconf 91' lang='lat' dir='ltr'>nos</span> <span class='ocrx_word' id='word_1_130' title='bbox 1966 1942 2190 1982; x_wconf 86' lang='lat' dir='ltr'>sumus:</span> 
     </span>
    </p>
   </div>
   <div class='ocr_carea' id='block_1_19' title="bbox 558 2014 2197 2091">
    <p class='ocr_par' dir='ltr' id='par_1_19' title="bbox 558 2014 2197 2091">
     <span class='ocr_line' id='line_1_19' title="bbox 558 2014 2197 2091; baseline -0.003 -17"><span class='ocrx_word' id='word_1_131' title='bbox 558 2035 661 2091; x_wconf 88' lang='lat' dir='ltr'>per</span> <span class='ocrx_word' id='word_1_132' title='bbox 681 2019 833 2089; x_wconf 89' lang='lat' dir='ltr'>quod</span> <span class='ocrx_word' id='word_1_133' title='bbox 856 2023 1051 2072; x_wconf 90' lang='lat' dir='ltr'>tamen</span> <span class='ocrx_word' id='word_1_134' title='bbox 1077 2016 1377 2088; x_wconf 88' lang='lat' dir='ltr'>speculum</span> <span class='ocrx_word' id='word_1_135' title='bbox 1400 2014 1523 2071; x_wconf 91' lang='lat' dir='ltr'>etin</span> <span class='ocrx_word' id='word_1_136' title='bbox 1537 2032 1647 2086; x_wconf 85' lang='lat' dir='ltr'>quo</span> <span class='ocrx_word' id='word_1_137' title='bbox 1660 2014 2197 2087; x_wconf 72' lang='lat' dir='ltr'>aanigmate,quivi-</span> 
     </span>
    </p>
   </div>
   <div class='ocr_carea' id='block_1_20' title="bbox 555 2102 2193 2177">
    <p class='ocr_par' dir='ltr' id='par_1_20' title="bbox 555 2102 2193 2177">
     <span class='ocr_line' id='line_1_20' title="bbox 555 2102 2193 2177; baseline -0.002 -16"><span class='ocrx_word' id='word_1_138' title='bbox 555 2106 873 2177; x_wconf 88' lang='lat' dir='ltr'>dent,sicut</span> <span class='ocrx_word' id='word_1_139' title='bbox 904 2106 962 2160; x_wconf 92' lang='lat' dir='ltr'>in</span> <span class='ocrx_word' id='word_1_140' title='bbox 995 2106 1103 2161; x_wconf 91' lang='lat' dir='ltr'>hac</span> <span class='ocrx_word' id='word_1_141' title='bbox 1133 2105 1249 2159; x_wconf 89' lang='lat' dir='ltr'>vita</span> <span class='ocrx_word' id='word_1_142' title='bbox 1281 2104 1472 2160; x_wconf 90' lang='lat' dir='ltr'>videre</span> <span class='ocrx_word' id='word_1_143' title='bbox 1493 2120 1834 2160; x_wconf 84' lang='lat' dir='ltr'>concessum</span> <span class='ocrx_word' id='word_1_144' title='bbox 1860 2107 2085 2173; x_wconf 90' lang='lat' dir='ltr'>est,non</span> <span class='ocrx_word' id='word_1_145' title='bbox 2108 2102 2193 2158; x_wconf 89' lang='lat' dir='ltr'>illi</span> 
     </span>
    </p>
   </div>
   <div class='ocr_carea' id='block_1_21' title="bbox 555 2192 2191 2266">
    <p class='ocr_par' dir='ltr' id='par_1_21' title="bbox 555 2192 2191 2266">
     <span class='ocr_line' id='line_1_21' title="bbox 555 2192 2191 2266; baseline -0.001 -16"><span class='ocrx_word' id='word_1_146' title='bbox 555 2200 695 2250; x_wconf 91' lang='lat' dir='ltr'>sunt</span> <span class='ocrx_word' id='word_1_147' title='bbox 716 2195 811 2266; x_wconf 90' lang='lat' dir='ltr'>qui</span> <span class='ocrx_word' id='word_1_148' title='bbox 846 2212 911 2251; x_wconf 90' lang='lat' dir='ltr'>ea</span> <span class='ocrx_word' id='word_1_149' title='bbox 941 2211 1066 2266; x_wconf 64' lang='lat' dir='ltr'>quas</span> <span class='ocrx_word' id='word_1_150' title='bbox 1094 2194 1447 2266; x_wconf 87' lang='lat' dir='ltr'>digessimus</span> <span class='ocrx_word' id='word_1_151' title='bbox 1477 2198 1531 2248; x_wconf 90' lang='lat' dir='ltr'>et</span> <span class='ocrx_word' id='word_1_152' title='bbox 1563 2192 2101 2248; x_wconf 89' lang='lat' dir='ltr'>commendavimus</span> <span class='ocrx_word' id='word_1_153' title='bbox 2133 2193 2191 2248; x_wconf 92' lang='lat' dir='ltr'>in</span> 
     </span>
    </p>
   </div>
   <div class='ocr_carea' id='block_1_22' title="bbox 554 2281 2191 2355">
    <p class='ocr_par' dir='ltr' id='par_1_22' title="bbox 554 2281 2191 2355">
     <span class='ocr_line' id='line_1_22' title="bbox 554 2281 2191 2355; baseline -0.002 -15"><span class='ocrx_word' id='word_1_154' title='bbox 554 2303 663 2341; x_wconf 88' lang='lat' dir='ltr'>sua</span> <span class='ocrx_word' id='word_1_155' title='bbox 691 2288 885 2340; x_wconf 86' lang='lat' dir='ltr'>mente</span> <span class='ocrx_word' id='word_1_156' title='bbox 915 2283 1317 2355; x_wconf 90' lang='lat' dir='ltr'>conspiciunt:</span> <span class='ocrx_word' id='word_1_157' title='bbox 1358 2283 1453 2338; x_wconf 80' lang='lat' dir='ltr'>sed</span> <span class='ocrx_word' id='word_1_158' title='bbox 1486 2281 1564 2337; x_wconf 90' lang='lat' dir='ltr'>illi</span> <span class='ocrx_word' id='word_1_159' title='bbox 1600 2283 1699 2355; x_wconf 90' lang='lat' dir='ltr'>qui</span> <span class='ocrx_word' id='word_1_160' title='bbox 1753 2299 1877 2338; x_wconf 90' lang='lat' dir='ltr'>eam</span> <span class='ocrx_word' id='word_1_161' title='bbox 1910 2287 2191 2353; x_wconf 87' lang='lat' dir='ltr'>tanquam</span> 
     </span>
    </p>
   </div>
   <div class='ocr_carea' id='block_1_23' title="bbox 549 2371 2189 2446">
    <p class='ocr_par' dir='ltr' id='par_1_23' title="bbox 549 2371 2189 2446">
     <span class='ocr_line' id='line_1_23' title="bbox 549 2371 2189 2446; baseline 0 -19"><span class='ocrx_word' id='word_1_162' title='bbox 549 2373 866 2446; x_wconf 87' lang='lat' dir='ltr'>imaginem</span> <span class='ocrx_word' id='word_1_163' title='bbox 893 2373 1109 2440; x_wconf 85' lang='lat' dir='ltr'>vident,</span> <span class='ocrx_word' id='word_1_164' title='bbox 1164 2378 1227 2426; x_wconf 92' lang='lat' dir='ltr'>ut</span> <span class='ocrx_word' id='word_1_165' title='bbox 1274 2373 1499 2443; x_wconf 89' lang='lat' dir='ltr'>possint</span> <span class='ocrx_word' id='word_1_166' title='bbox 1537 2372 1606 2426; x_wconf 92' lang='lat' dir='ltr'>ad</span> <span class='ocrx_word' id='word_1_167' title='bbox 1639 2389 1769 2427; x_wconf 91' lang='lat' dir='ltr'>eum</span> <span class='ocrx_word' id='word_1_168' title='bbox 1802 2372 1969 2443; x_wconf 87' lang='lat' dir='ltr'>cujus</span> <span class='ocrx_word' id='word_1_169' title='bbox 1998 2371 2189 2443; x_wconf 85' lang='lat' dir='ltr'>imago</span> 
     </span>
    </p>
   </div>
   <div class='ocr_carea' id='block_1_24' title="bbox 549 2460 2192 2533">
    <p class='ocr_par' dir='ltr' id='par_1_24' title="bbox 549 2460 2192 2533">
     <span class='ocr_line' id='line_1_24' title="bbox 549 2460 2192 2533; baseline -0.001 -18"><span class='ocrx_word' id='word_1_170' title='bbox 549 2465 658 2532; x_wconf 89' lang='lat' dir='ltr'>est,</span> <span class='ocrx_word' id='word_1_171' title='bbox 702 2461 1245 2533; x_wconf 89' lang='lat' dir='ltr'>quomodocumque</span> <span class='ocrx_word' id='word_1_172' title='bbox 1277 2462 1488 2515; x_wconf 80' lang='lat' dir='ltr'>referre</span> <span class='ocrx_word' id='word_1_173' title='bbox 1519 2460 1670 2532; x_wconf 89' lang='lat' dir='ltr'>quod</span> <span class='ocrx_word' id='word_1_174' title='bbox 1722 2460 1939 2527; x_wconf 90' lang='lat' dir='ltr'>vident,</span> <span class='ocrx_word' id='word_1_175' title='bbox 1986 2464 2041 2514; x_wconf 90' lang='lat' dir='ltr'>et</span> <span class='ocrx_word' id='word_1_176' title='bbox 2089 2476 2192 2531; x_wconf 90' lang='lat' dir='ltr'>per</span> 
     </span>
    </p>
   </div>
   <div class='ocr_carea' id='block_1_25' title="bbox 550 2547 2188 2623">
    <p class='ocr_par' dir='ltr' id='par_1_25' title="bbox 550 2547 2188 2623">
     <span class='ocr_line' id='line_1_25' title="bbox 550 2547 2188 2623; baseline 0 -19"><span class='ocrx_word' id='word_1_177' title='bbox 550 2550 862 2623; x_wconf 89' lang='lat' dir='ltr'>imaginem</span> <span class='ocrx_word' id='word_1_178' title='bbox 896 2566 1069 2622; x_wconf 91' lang='lat' dir='ltr'>quam</span> <span class='ocrx_word' id='word_1_179' title='bbox 1104 2548 1512 2620; x_wconf 88' lang='lat' dir='ltr'>conspiciendo</span> <span class='ocrx_word' id='word_1_180' title='bbox 1547 2549 1763 2615; x_wconf 90' lang='lat' dir='ltr'>vident,</span> <span class='ocrx_word' id='word_1_181' title='bbox 1814 2549 1989 2604; x_wconf 88' lang='lat' dir='ltr'>etiam</span> <span class='ocrx_word' id='word_1_182' title='bbox 2041 2547 2188 2604; x_wconf 90' lang='lat' dir='ltr'>illud</span> 
     </span>
    </p>
   </div>
   <div class='ocr_carea' id='block_1_26' title="bbox 550 2638 2187 2709">
    <p class='ocr_par' dir='ltr' id='par_1_26' title="bbox 550 2638 2187 2709">
     <span class='ocr_line' id='line_1_26' title="bbox 550 2638 2187 2709; baseline 0.001 -17"><span class='ocrx_word' id='word_1_183' title='bbox 550 2639 741 2694; x_wconf 89' lang='lat' dir='ltr'>videre</span> <span class='ocrx_word' id='word_1_184' title='bbox 773 2638 1151 2708; x_wconf 88' lang='lat' dir='ltr'>conjiciendo,</span> <span class='ocrx_word' id='word_1_185' title='bbox 1186 2638 1460 2709; x_wconf 86' lang='lat' dir='ltr'>quoniam</span> <span class='ocrx_word' id='word_1_186' title='bbox 1507 2638 1764 2693; x_wconf 90' lang='lat' dir='ltr'>nondum</span> <span class='ocrx_word' id='word_1_187' title='bbox 1810 2643 2053 2708; x_wconf 89' lang='lat' dir='ltr'>possunt</span> <span class='ocrx_word' id='word_1_188' title='bbox 2105 2638 2187 2694; x_wconf 89' lang='lat' dir='ltr'>fa-</span> 
     </span>
    </p>
   </div>
   <div class='ocr_carea' id='block_1_27' title="bbox 552 2724 2186 2797">
    <p class='ocr_par' dir='ltr' id='par_1_27' title="bbox 552 2724 2186 2797">
     <span class='ocr_line' id='line_1_27' title="bbox 552 2724 2186 2797; baseline 0.001 -16"><span class='ocrx_word' id='word_1_189' title='bbox 552 2728 635 2783; x_wconf 91' lang='lat' dir='ltr'>cie</span> <span class='ocrx_word' id='word_1_190' title='bbox 668 2727 735 2782; x_wconf 90' lang='lat' dir='ltr'>ad</span> <span class='ocrx_word' id='word_1_191' title='bbox 773 2727 997 2781; x_wconf 83' lang='lat' dir='ltr'>faciem.</span> <span class='ocrx_word' id='word_1_192' title='bbox 1050 2726 1173 2780; x_wconf 90' lang='lat' dir='ltr'>Non</span> <span class='ocrx_word' id='word_1_193' title='bbox 1223 2726 1375 2780; x_wconf 91' lang='lat' dir='ltr'>enim</span> <span class='ocrx_word' id='word_1_194' title='bbox 1427 2726 1508 2780; x_wconf 90' lang='lat' dir='ltr'>ait</span> <span class='ocrx_word' id='word_1_195' title='bbox 1539 2724 1872 2797; x_wconf 83' lang='lat' dir='ltr'>Apostolus.</span> <span class='ocrx_word' id='word_1_196' title='bbox 1909 2726 2186 2782; x_wconf 87' lang='lat' dir='ltr'>Videmus</span> 
     </span>
    </p>
   </div>
   <div class='ocr_carea' id='block_1_28' title="bbox 549 2814 2185 2887">
    <p class='ocr_par' dir='ltr' id='par_1_28' title="bbox 549 2814 2185 2887">
     <span class='ocr_line' id='line_1_28' title="bbox 549 2814 2185 2887; baseline -0.001 -16"><span class='ocrx_word' id='word_1_197' title='bbox 549 2832 706 2871; x_wconf 88' lang='lat' dir='ltr'>nunc</span> <span class='ocrx_word' id='word_1_198' title='bbox 730 2814 1032 2887; x_wconf 90' lang='lat' dir='ltr'>speculum</span> <span class='ocrx_word' id='word_1_199' title='bbox 1064 2840 1077 2881; x_wconf 83' lang='lat'><strong>;</strong></span> <span class='ocrx_word' id='word_1_200' title='bbox 1111 2815 1233 2885; x_wconf 89' lang='lat' dir='ltr'>sed,</span> <span class='ocrx_word' id='word_1_201' title='bbox 1283 2815 1530 2869; x_wconf 87' lang='lat' dir='ltr'>Videmus</span> <span class='ocrx_word' id='word_1_202' title='bbox 1568 2831 1715 2870; x_wconf 83' lang='lat' dir='ltr'>nunc</span> <span class='ocrx_word' id='word_1_203' title='bbox 1757 2832 1857 2886; x_wconf 87' lang='lat' dir='ltr'>per</span> <span class='ocrx_word' id='word_1_204' title='bbox 1908 2817 2185 2886; x_wconf 86' lang='lat' dir='ltr'>speculum</span> 
     </span>
    </p>
   </div>
   <div class='ocr_carea' id='block_1_29' title="bbox 547 2904 1046 2976">
    <p class='ocr_par' dir='ltr' id='par_1_29' title="bbox 547 2904 1046 2976">
     <span class='ocr_line' id='line_1_29' title="bbox 547 2904 1046 2976; baseline 0 -17"><span class='ocrx_word' id='word_1_205' title='bbox 547 2905 592 2976; x_wconf 89' lang='grc' dir='ltr'>(Ι</span> <span class='ocrx_word' id='word_1_206' title='bbox 625 2904 749 2959; x_wconf 84' lang='lat' dir='ltr'>Cor.</span> <span class='ocrx_word' id='word_1_207' title='bbox 781 2922 904 2971; x_wconf 85' lang='lat' dir='ltr'>xm,</span> <span class='ocrx_word' id='word_1_208' title='bbox 939 2905 1046 2975; x_wconf 91' lang='grc'>11).</span> 
     </span>
    </p>
   </div>
   <div class='ocr_carea' id='block_1_30' title="bbox 620 2992 2185 3061">
    <p class='ocr_par' dir='ltr' id='par_1_30' title="bbox 620 2992 2185 3061">
     <span class='ocr_line' id='line_1_30' title="bbox 620 2992 2185 3061; baseline 0.001 -13"><span class='ocrx_word' id='word_1_209' title='bbox 620 2993 848 3049; x_wconf 73' lang='lat' dir='ltr'>CAPUT</span> <span class='ocrx_word' id='word_1_210' title='bbox 877 2992 1066 3048; x_wconf 83' lang='lat' dir='ltr'><strong>XXIV.</strong></span> <span class='ocrx_word' id='word_1_211' title='bbox 1104 3024 1169 3033; x_wconf 97' lang='lat'>—</span> <span class='ocrx_word' id='word_1_212' title='bbox 1201 2992 1502 3061; x_wconf 84' lang='lat' dir='ltr'>Inﬁrmitas</span> <span class='ocrx_word' id='word_1_213' title='bbox 1529 2994 1731 3047; x_wconf 84' lang='lat' dir='ltr'>mentis</span> <span class='ocrx_word' id='word_1_214' title='bbox 1761 2993 2042 3050; x_wconf 63' lang='lat' dir='ltr'>humanae.</span> <span class='ocrx_word' id='word_1_215' title='bbox 2079 2994 2185 3061; x_wconf 89' lang='lat' dir='ltr'>Qui</span> 
     </span>
    </p>
   </div>
   <div class='ocr_carea' id='block_1_31' title="bbox 546 3082 2181 3155">
    <p class='ocr_par' dir='ltr' id='par_1_31' title="bbox 546 3082 2181 3155">
     <span class='ocr_line' id='line_1_31' title="bbox 546 3082 2181 3155; baseline 0.001 -17"><span class='ocrx_word' id='word_1_216' title='bbox 546 3098 683 3155; x_wconf 87' lang='lat' dir='ltr'>ergo</span> <span class='ocrx_word' id='word_1_217' title='bbox 710 3084 904 3137; x_wconf 88' lang='lat' dir='ltr'>vident</span> <span class='ocrx_word' id='word_1_218' title='bbox 933 3099 1101 3137; x_wconf 84' lang='lat' dir='ltr'>suam</span> <span class='ocrx_word' id='word_1_219' title='bbox 1137 3086 1411 3148; x_wconf 88' lang='lat' dir='ltr'>mentem,</span> <span class='ocrx_word' id='word_1_220' title='bbox 1446 3082 1736 3152; x_wconf 89' lang='lat' dir='ltr'>quomodo</span> <span class='ocrx_word' id='word_1_221' title='bbox 1766 3082 1945 3138; x_wconf 88' lang='lat' dir='ltr'>videri</span> <span class='ocrx_word' id='word_1_222' title='bbox 1979 3088 2181 3154; x_wconf 85' lang='lat' dir='ltr'>potest,</span> 
     </span>
    </p>
   </div>
   <div class='ocr_carea' id='block_1_32' title="bbox 547 3170 2183 3243">
    <p class='ocr_par' dir='ltr' id='par_1_32' title="bbox 547 3170 2183 3243">
     <span class='ocr_line' id='line_1_32' title="bbox 547 3170 2183 3243; baseline 0.001 -17"><span class='ocrx_word' id='word_1_223' title='bbox 547 3176 603 3226; x_wconf 89' lang='lat' dir='ltr'>et</span> <span class='ocrx_word' id='word_1_224' title='bbox 624 3170 680 3225; x_wconf 91' lang='lat' dir='ltr'>in</span> <span class='ocrx_word' id='word_1_225' title='bbox 706 3187 773 3226; x_wconf 91' lang='lat' dir='ltr'>ea</span> <span class='ocrx_word' id='word_1_226' title='bbox 792 3171 1113 3225; x_wconf 84' lang='lat' dir='ltr'>trinitatem</span> <span class='ocrx_word' id='word_1_227' title='bbox 1141 3171 1311 3226; x_wconf 86' lang='lat' dir='ltr'>istam</span> <span class='ocrx_word' id='word_1_228' title='bbox 1335 3172 1404 3225; x_wconf 86' lang='lat' dir='ltr'>de</span> <span class='ocrx_word' id='word_1_229' title='bbox 1425 3187 1540 3241; x_wconf 89' lang='lat' dir='ltr'>qua</span> <span class='ocrx_word' id='word_1_230' title='bbox 1563 3171 1764 3226; x_wconf 88' lang='lat' dir='ltr'>multis</span> <span class='ocrx_word' id='word_1_231' title='bbox 1794 3172 1981 3226; x_wconf 87' lang='lat' dir='ltr'>modis</span> <span class='ocrx_word' id='word_1_232' title='bbox 2006 3178 2068 3227; x_wconf 93' lang='lat' dir='ltr'>ut</span> <span class='ocrx_word' id='word_1_233' title='bbox 2091 3190 2183 3243; x_wconf 90' lang='lat' dir='ltr'>po-</span> 
     </span>
    </p>
   </div>
   <div class='ocr_carea' id='block_1_33' title="bbox 544 3259 2183 3333">
    <p class='ocr_par' dir='ltr' id='par_1_33' title="bbox 544 3259 2183 3333">
     <span class='ocr_line' id='line_1_33' title="bbox 544 3259 2183 3333; baseline 0.002 -20"><span class='ocrx_word' id='word_1_234' title='bbox 544 3259 631 3313; x_wconf 91' lang='lat' dir='ltr'>tui</span> <span class='ocrx_word' id='word_1_235' title='bbox 659 3259 1083 3332; x_wconf 89' lang='lat' dir='ltr'>disputavi,nec</span> <span class='ocrx_word' id='word_1_236' title='bbox 1106 3263 1298 3313; x_wconf 89' lang='lat' dir='ltr'>tamen</span> <span class='ocrx_word' id='word_1_237' title='bbox 1332 3275 1458 3315; x_wconf 90' lang='lat' dir='ltr'>eam</span> <span class='ocrx_word' id='word_1_238' title='bbox 1492 3260 1829 3315; x_wconf 89' lang='lat' dir='ltr'>credantvel</span> <span class='ocrx_word' id='word_1_239' title='bbox 1854 3260 2183 3333; x_wconf 88' lang='lat' dir='ltr'>intelligunt</span> 
     </span>
    </p>
   </div>
   <div class='ocr_carea' id='block_1_34' title="bbox 542 3347 2181 3420">
    <p class='ocr_par' dir='ltr' id='par_1_34' title="bbox 542 3347 2181 3420">
     <span class='ocr_line' id='line_1_34' title="bbox 542 3347 2181 3420; baseline 0.001 -17"><span class='ocrx_word' id='word_1_240' title='bbox 542 3347 1013 3420; x_wconf 58' lang='lat' dir='ltr'>essetimaginem</span> <span class='ocrx_word' id='word_1_241' title='bbox 1050 3347 1143 3403; x_wconf 90' lang='lat' dir='ltr'>Dei</span> <span class='ocrx_word' id='word_1_242' title='bbox 1172 3364 1184 3401; x_wconf 88' lang='lat'><strong>:</strong></span> <span class='ocrx_word' id='word_1_243' title='bbox 1237 3347 1535 3419; x_wconf 90' lang='lat' dir='ltr'>speculum</span> <span class='ocrx_word' id='word_1_244' title='bbox 1569 3349 1801 3419; x_wconf 87' lang='lat' dir='ltr'>quidem</span> <span class='ocrx_word' id='word_1_245' title='bbox 1834 3349 2047 3417; x_wconf 82' lang='lat' dir='ltr'>vident,</span> <span class='ocrx_word' id='word_1_246' title='bbox 2081 3352 2181 3405; x_wconf 90' lang='lat' dir='ltr'>sed</span> 
     </span>
    </p>
   </div>
   <div class='ocr_carea' id='block_1_35' title="bbox 541 3436 2181 3511">
    <p class='ocr_par' dir='ltr' id='par_1_35' title="bbox 541 3436 2181 3511">
     <span class='ocr_line' id='line_1_35' title="bbox 541 3436 2181 3511; baseline 0.002 -20"><span class='ocrx_word' id='word_1_247' title='bbox 541 3453 727 3508; x_wconf 89' lang='lat' dir='ltr'>usque</span> <span class='ocrx_word' id='word_1_248' title='bbox 743 3437 883 3491; x_wconf 90' lang='lat' dir='ltr'>adeo</span> <span class='ocrx_word' id='word_1_249' title='bbox 908 3454 1018 3492; x_wconf 91' lang='lat' dir='ltr'>non</span> <span class='ocrx_word' id='word_1_250' title='bbox 1045 3437 1239 3491; x_wconf 89' lang='lat' dir='ltr'>vident</span> <span class='ocrx_word' id='word_1_251' title='bbox 1260 3453 1362 3509; x_wconf 91' lang='lat' dir='ltr'>per</span> <span class='ocrx_word' id='word_1_252' title='bbox 1377 3436 1680 3509; x_wconf 89' lang='lat' dir='ltr'>speculum</span> <span class='ocrx_word' id='word_1_253' title='bbox 1706 3438 1804 3508; x_wconf 89' lang='lat' dir='ltr'>qui</span> <span class='ocrx_word' id='word_1_254' title='bbox 1827 3442 1913 3493; x_wconf 85' lang='lat' dir='ltr'>est</span> <span class='ocrx_word' id='word_1_255' title='bbox 1935 3455 2035 3509; x_wconf 89' lang='lat' dir='ltr'>per</span> <span class='ocrx_word' id='word_1_256' title='bbox 2055 3455 2181 3511; x_wconf 89' lang='lat' dir='ltr'>spe-</span> 
     </span>
    </p>
   </div>
   <div class='ocr_carea' id='block_1_36' title="bbox 541 3524 2176 3599">
    <p class='ocr_par' dir='ltr' id='par_1_36' title="bbox 541 3524 2176 3599">
     <span class='ocr_line' id='line_1_36' title="bbox 541 3524 2176 3599; baseline 0.001 -19"><span class='ocrx_word' id='word_1_257' title='bbox 541 3524 736 3581; x_wconf 91' lang='lat' dir='ltr'>culum</span> <span class='ocrx_word' id='word_1_258' title='bbox 771 3542 925 3580; x_wconf 90' lang='lat' dir='ltr'>nunc</span> <span class='ocrx_word' id='word_1_259' title='bbox 954 3526 1333 3593; x_wconf 88' lang='lat' dir='ltr'>videndus,ut</span> <span class='ocrx_word' id='word_1_260' title='bbox 1365 3525 1673 3598; x_wconf 89' lang='lat' dir='ltr'>necipsum</span> <span class='ocrx_word' id='word_1_261' title='bbox 1698 3526 1999 3598; x_wconf 87' lang='lat' dir='ltr'>speculum</span> <span class='ocrx_word' id='word_1_262' title='bbox 2025 3528 2176 3599; x_wconf 89' lang='lat' dir='ltr'>quod</span> 
     </span>
    </p>
   </div>
   <div class='ocr_carea' id='block_1_37' title="bbox 536 3612 2175 3687">
    <p class='ocr_par' dir='ltr' id='par_1_37' title="bbox 536 3612 2175 3687">
     <span class='ocr_line' id='line_1_37' title="bbox 536 3612 2175 3687; baseline 0.002 -18"><span class='ocrx_word' id='word_1_263' title='bbox 536 3614 735 3669; x_wconf 81' lang='lat' dir='ltr'>vident</span> <span class='ocrx_word' id='word_1_264' title='bbox 757 3615 941 3669; x_wconf 85' lang='lat' dir='ltr'>sciant</span> <span class='ocrx_word' id='word_1_265' title='bbox 972 3630 1100 3669; x_wconf 90' lang='lat' dir='ltr'>esse</span> <span class='ocrx_word' id='word_1_266' title='bbox 1132 3612 1519 3686; x_wconf 84' lang='lat' dir='ltr'>speculum,id</span> <span class='ocrx_word' id='word_1_267' title='bbox 1551 3614 2175 3687; x_wconf 84' lang='lat' dir='ltr'>est,imagine:n.Quod</span> 
     </span>
    </p>
   </div>
   <div class='ocr_carea' id='block_1_38' title="bbox 537 3702 2174 3775">
    <p class='ocr_par' dir='ltr' id='par_1_38' title="bbox 537 3702 2174 3775">
     <span class='ocr_line' id='line_1_38' title="bbox 537 3702 2174 3775; baseline 0.001 -17"><span class='ocrx_word' id='word_1_268' title='bbox 537 3702 588 3758; x_wconf 87' lang='lat' dir='ltr'>si</span> <span class='ocrx_word' id='word_1_269' title='bbox 622 3702 1132 3767; x_wconf 89' lang='lat' dir='ltr'>scirent,fortassis</span> <span class='ocrx_word' id='word_1_270' title='bbox 1153 3708 1211 3758; x_wconf 89' lang='lat' dir='ltr'>et</span> <span class='ocrx_word' id='word_1_271' title='bbox 1240 3720 1372 3757; x_wconf 89' lang='lat' dir='ltr'>eum</span> <span class='ocrx_word' id='word_1_272' title='bbox 1408 3704 1574 3773; x_wconf 81' lang='lat' dir='ltr'>cujus</span> <span class='ocrx_word' id='word_1_273' title='bbox 1608 3709 1694 3758; x_wconf 89' lang='lat' dir='ltr'>est</span> <span class='ocrx_word' id='word_1_274' title='bbox 1720 3704 1829 3759; x_wconf 91' lang='lat' dir='ltr'>hoc</span> <span class='ocrx_word' id='word_1_275' title='bbox 1849 3705 2174 3775; x_wconf 87' lang='lat' dir='ltr'>speculum,</span> 
     </span>
    </p>
   </div>
   <div class='ocr_carea' id='block_1_39' title="bbox 538 3790 2175 3864">
    <p class='ocr_par' dir='ltr' id='par_1_39' title="bbox 538 3790 2175 3864">
     <span class='ocr_line' id='line_1_39' title="bbox 538 3790 2175 3864; baseline 0.003 -20"><span class='ocrx_word' id='word_1_276' title='bbox 538 3807 641 3861; x_wconf 88' lang='lat' dir='ltr'>per</span> <span class='ocrx_word' id='word_1_277' title='bbox 668 3790 777 3845; x_wconf 89' lang='lat' dir='ltr'>hoc</span> <span class='ocrx_word' id='word_1_278' title='bbox 826 3791 1203 3863; x_wconf 69' lang='lat' dir='ltr'>quaerendum</span> <span class='ocrx_word' id='word_1_279' title='bbox 1237 3796 1293 3844; x_wconf 89' lang='lat' dir='ltr'>et</span> <span class='ocrx_word' id='word_1_280' title='bbox 1328 3808 1429 3861; x_wconf 91' lang='lat' dir='ltr'>per</span> <span class='ocrx_word' id='word_1_281' title='bbox 1457 3790 1563 3846; x_wconf 92' lang='lat' dir='ltr'>hoc</span> <span class='ocrx_word' id='word_1_282' title='bbox 1596 3796 1912 3864; x_wconf 89' lang='lat' dir='ltr'>utcumque</span> <span class='ocrx_word' id='word_1_283' title='bbox 1944 3794 2175 3849; x_wconf 81' lang='lat' dir='ltr'>interim</span> 
     </span>
    </p>
   </div>
   <div class='ocr_carea' id='block_1_40' title="bbox 534 3877 2174 3943">
    <p class='ocr_par' dir='ltr' id='par_1_40' title="bbox 534 3877 2174 3943">
     <span class='ocr_line' id='line_1_40' title="bbox 534 3877 2174 3943; baseline 0.003 -12"><span class='ocrx_word' id='word_1_284' title='bbox 534 3877 844 3933; x_wconf 89' lang='lat' dir='ltr'>videndum</span> <span class='ocrx_word' id='word_1_285' title='bbox 878 3895 1006 3934; x_wconf 83' lang='lat' dir='ltr'>esse</span> <span class='ocrx_word' id='word_1_286' title='bbox 1037 3878 1463 3943; x_wconf 86' lang='lat' dir='ltr'>sentirent,ﬁde</span> <span class='ocrx_word' id='word_1_287' title='bbox 1494 3895 1608 3933; x_wconf 91' lang='lat' dir='ltr'>non</span> <span class='ocrx_word' id='word_1_288' title='bbox 1636 3880 1769 3934; x_wconf 85' lang='lat' dir='ltr'>ﬁcta</span> <span class='ocrx_word' id='word_1_289' title='bbox 1800 3880 1972 3935; x_wconf 91' lang='lat' dir='ltr'>corda</span> <span class='ocrx_word' id='word_1_290' title='bbox 2006 3899 2174 3936; x_wconf 73' lang='lat' dir='ltr'>mun~</span> 
     </span>
    </p>
   </div>
   <div class='ocr_carea' id='block_1_41' title="bbox 536 3965 2173 4038">
    <p class='ocr_par' dir='ltr' id='par_1_41' title="bbox 536 3965 2173 4038">
     <span class='ocr_line' id='line_1_41' title="bbox 536 3965 2173 4038; baseline 0.004 -19"><span class='ocrx_word' id='word_1_291' title='bbox 536 3966 709 4021; x_wconf 89' lang='lat' dir='ltr'>dante</span> <span class='ocrx_word' id='word_1_292' title='bbox 739 3967 782 4037; x_wconf 84' lang='grc' dir='ltr'>(ἰ</span> <span class='ocrx_word' id='word_1_293' title='bbox 819 3968 933 4021; x_wconf 87' lang='lat' dir='ltr'>Tim</span> <span class='ocrx_word' id='word_1_294' title='bbox 959 3984 998 4032; x_wconf 79' lang='grc' dir='ltr'>ι,</span> <span class='ocrx_word' id='word_1_295' title='bbox 1032 3967 1109 4038; x_wconf 85' lang='grc'>5),</span> <span class='ocrx_word' id='word_1_296' title='bbox 1144 3970 1207 4020; x_wconf 90' lang='lat' dir='ltr'>ut</span> <span class='ocrx_word' id='word_1_297' title='bbox 1238 3966 1380 4020; x_wconf 88' lang='lat' dir='ltr'>facie</span> <span class='ocrx_word' id='word_1_298' title='bbox 1411 3966 1480 4020; x_wconf 90' lang='lat' dir='ltr'>ad</span> <span class='ocrx_word' id='word_1_299' title='bbox 1511 3965 1713 4021; x_wconf 84' lang='lat' dir='ltr'>faciem</span> <span class='ocrx_word' id='word_1_300' title='bbox 1755 3968 1939 4038; x_wconf 87' lang='lat' dir='ltr'>possit</span> <span class='ocrx_word' id='word_1_301' title='bbox 1970 3970 2173 4038; x_wconf 91' lang='lat' dir='ltr'>videri,</span> 
     </span>
    </p>
   </div>
   <div class='ocr_carea' id='block_1_42' title="bbox 535 4053 2171 4126">
    <p class='ocr_par' dir='ltr' id='par_1_42' title="bbox 535 4053 2171 4126">
     <span class='ocr_line' id='line_1_42' title="bbox 535 4053 2171 4126; baseline 0.004 -19"><span class='ocrx_word' id='word_1_302' title='bbox 535 4054 633 4125; x_wconf 91' lang='lat' dir='ltr'>qui</span> <span class='ocrx_word' id='word_1_303' title='bbox 668 4069 767 4125; x_wconf 91' lang='lat' dir='ltr'>per</span> <span class='ocrx_word' id='word_1_304' title='bbox 799 4054 1101 4126; x_wconf 77' lang='lat' dir='ltr'>speculum</span> <span class='ocrx_word' id='word_1_305' title='bbox 1136 4070 1290 4109; x_wconf 92' lang='lat' dir='ltr'>nunc</span> <span class='ocrx_word' id='word_1_306' title='bbox 1340 4053 1582 4108; x_wconf 89' lang='lat' dir='ltr'>videtur.</span> <span class='ocrx_word' id='word_1_307' title='bbox 1616 4055 1739 4117; x_wconf 89' lang='lat' dir='ltr'>Qua</span> <span class='ocrx_word' id='word_1_308' title='bbox 1771 4056 1881 4112; x_wconf 80' lang='lat' dir='ltr'>fide</span> <span class='ocrx_word' id='word_1_309' title='bbox 1910 4060 2171 4114; x_wconf 86' lang='lat' dir='ltr'>cordium</span> 
     </span>
    </p>
   </div>
   <div class='ocr_carea' id='block_1_43' title="bbox 534 4142 2172 4221">
    <p class='ocr_par' dir='ltr' id='par_1_43' title="bbox 534 4142 2172 4221">
     <span class='ocr_line' id='line_1_43' title="bbox 534 4142 2172 4221; baseline 0.005 -26"><span class='ocrx_word' id='word_1_310' title='bbox 534 4142 903 4198; x_wconf 87' lang='lat' dir='ltr'>mundatrice</span> <span class='ocrx_word' id='word_1_311' title='bbox 919 4142 1421 4213; x_wconf 80' lang='lat' dir='ltr'>contempta,quid</span> <span class='ocrx_word' id='word_1_312' title='bbox 1447 4146 1629 4213; x_wconf 88' lang='lat' dir='ltr'>agunt</span> <span class='ocrx_word' id='word_1_313' title='bbox 1651 4143 2024 4217; x_wconf 83' lang='lat' dir='ltr'>intelligendo</span> <span class='ocrx_word' id='word_1_314' title='bbox 2048 4166 2172 4221; x_wconf 65' lang='lat' dir='ltr'>quis</span> 
     </span>
    </p>
   </div>
   <div class='ocr_carea' id='block_1_44' title="bbox 533 4230 2175 4306">
    <p class='ocr_par' dir='ltr' id='par_1_44' title="bbox 533 4230 2175 4306">
     <span class='ocr_line' id='line_1_44' title="bbox 533 4230 2175 4306; baseline 0.007 -23"><span class='ocrx_word' id='word_1_315' title='bbox 533 4230 604 4284; x_wconf 90' lang='lat' dir='ltr'>de</span> <span class='ocrx_word' id='word_1_316' title='bbox 634 4235 843 4286; x_wconf 88' lang='lat' dir='ltr'>natura</span> <span class='ocrx_word' id='word_1_317' title='bbox 874 4232 1088 4287; x_wconf 87' lang='lat' dir='ltr'>mentis</span> <span class='ocrx_word' id='word_1_318' title='bbox 1107 4231 1373 4286; x_wconf 64' lang='lat' dir='ltr'>humanae</span> <span class='ocrx_word' id='word_1_319' title='bbox 1392 4232 1777 4289; x_wconf 89' lang='lat' dir='ltr'>subtilissime</span> <span class='ocrx_word' id='word_1_320' title='bbox 1798 4234 2175 4306; x_wconf 88' lang='lat' dir='ltr'>disputantur</span> 
     </span>
    </p>
   </div>
   <div class='ocr_carea' id='block_1_45' title="bbox 532 4318 2173 4392">
    <p class='ocr_par' dir='ltr' id='par_1_45' title="bbox 532 4318 2173 4392">
     <span class='ocr_line' id='line_1_45' title="bbox 532 4318 2173 4392; baseline 0.005 -19"><span class='ocrx_word' id='word_1_321' title='bbox 532 4318 643 4373; x_wconf 88' lang='lat' dir='ltr'>nisi</span> <span class='ocrx_word' id='word_1_322' title='bbox 686 4323 748 4373; x_wconf 93' lang='lat' dir='ltr'>ut</span> <span class='ocrx_word' id='word_1_323' title='bbox 775 4320 902 4392; x_wconf 90' lang='lat' dir='ltr'>ipsa</span> <span class='ocrx_word' id='word_1_324' title='bbox 925 4336 1155 4391; x_wconf 91' lang='lat' dir='ltr'>quoque</span> <span class='ocrx_word' id='word_1_325' title='bbox 1174 4318 1556 4391; x_wconf 79' lang='lat' dir='ltr'>intelligentia</span> <span class='ocrx_word' id='word_1_326' title='bbox 1578 4338 1684 4377; x_wconf 89' lang='lat' dir='ltr'>sua</span> <span class='ocrx_word' id='word_1_327' title='bbox 1704 4327 1851 4378; x_wconf 89' lang='lat' dir='ltr'>teste</span> <span class='ocrx_word' id='word_1_328' title='bbox 1880 4324 2173 4381; x_wconf 90' lang='lat' dir='ltr'>damnen-</span> 
     </span>
    </p>
   </div>
   <div class='ocr_carea' id='block_1_46' title="bbox 530 4406 2168 4480">
    <p class='ocr_par' dir='ltr' id='par_1_46' title="bbox 530 4406 2168 4480">
     <span class='ocr_line' id='line_1_46' title="bbox 530 4406 2168 4480; baseline 0.008 -21"><span class='ocrx_word' id='word_1_329' title='bbox 530 4406 670 4461; x_wconf 86' lang='lat' dir='ltr'>tur?</span> <span class='ocrx_word' id='word_1_330' title='bbox 713 4408 771 4461; x_wconf 92' lang='lat' dir='ltr'>In</span> <span class='ocrx_word' id='word_1_331' title='bbox 805 4424 921 4477; x_wconf 92' lang='lat' dir='ltr'>qua</span> <span class='ocrx_word' id='word_1_332' title='bbox 951 4408 1144 4478; x_wconf 88' lang='lat' dir='ltr'>utique</span> <span class='ocrx_word' id='word_1_333' title='bbox 1177 4425 1291 4463; x_wconf 91' lang='lat' dir='ltr'>non</span> <span class='ocrx_word' id='word_1_334' title='bbox 1325 4407 1672 4480; x_wconf 87' lang='lat' dir='ltr'>laborarent,</span> <span class='ocrx_word' id='word_1_335' title='bbox 1706 4415 1762 4465; x_wconf 90' lang='lat' dir='ltr'>et</span> <span class='ocrx_word' id='word_1_336' title='bbox 1792 4411 1879 4466; x_wconf 86' lang='lat' dir='ltr'>vix</span> <span class='ocrx_word' id='word_1_337' title='bbox 1926 4415 1994 4468; x_wconf 91' lang='lat' dir='ltr'>ad</span> <span class='ocrx_word' id='word_1_338' title='bbox 2049 4432 2168 4471; x_wconf 92' lang='lat' dir='ltr'>cer-</span> 
     </span>
    </p>
   </div>
   <div class='ocr_carea' id='block_1_47' title="bbox 530 4494 2170 4569">
    <p class='ocr_par' dir='ltr' id='par_1_47' title="bbox 530 4494 2170 4569">
     <span class='ocr_line' id='line_1_47' title="bbox 530 4494 2170 4569; baseline 0.008 -22"><span class='ocrx_word' id='word_1_339' title='bbox 530 4501 653 4549; x_wconf 89' lang='lat' dir='ltr'>tum</span> <span class='ocrx_word' id='word_1_340' title='bbox 689 4494 905 4566; x_wconf 90' lang='lat' dir='ltr'>aliquid</span> <span class='ocrx_word' id='word_1_341' title='bbox 957 4497 1339 4568; x_wconf 79' lang='lat' dir='ltr'>pervenirent,</span> <span class='ocrx_word' id='word_1_342' title='bbox 1386 4498 1497 4552; x_wconf 91' lang='lat' dir='ltr'>nisi</span> <span class='ocrx_word' id='word_1_343' title='bbox 1547 4500 1873 4569; x_wconf 88' lang='lat' dir='ltr'>pcenatibus</span> <span class='ocrx_word' id='word_1_344' title='bbox 1916 4504 2170 4561; x_wconf 86' lang='lat' dir='ltr'>tenebris</span> 
     </span>
    </p>
   </div>
   <div class='ocr_carea' id='block_1_48' title="bbox 528 4582 2172 4664">
    <p class='ocr_par' dir='ltr' id='par_1_48' title="bbox 528 4582 2172 4664">
     <span class='ocr_line' id='line_1_48' title="bbox 528 4582 2172 4664; baseline 0.008 -28"><span class='ocrx_word' id='word_1_345' title='bbox 528 4582 771 4638; x_wconf 88' lang='lat' dir='ltr'>involuti</span> <span class='ocrx_word' id='word_1_346' title='bbox 804 4588 861 4639; x_wconf 88' lang='lat' dir='ltr'>et</span> <span class='ocrx_word' id='word_1_347' title='bbox 885 4585 1106 4641; x_wconf 81' lang='lat' dir='ltr'>onerati</span> <span class='ocrx_word' id='word_1_348' title='bbox 1136 4602 1370 4658; x_wconf 89' lang='lat' dir='ltr'>corpore</span> <span class='ocrx_word' id='word_1_349' title='bbox 1401 4588 1762 4659; x_wconf 88' lang='lat' dir='ltr'>corruptibili</span> <span class='ocrx_word' id='word_1_350' title='bbox 1788 4591 1938 4662; x_wconf 90' lang='lat' dir='ltr'>quod</span> <span class='ocrx_word' id='word_1_351' title='bbox 1972 4609 2172 4664; x_wconf 88' lang='lat' dir='ltr'>aggra-</span> 
     </span>
    </p>
   </div>
   <div class='ocr_carea' id='block_1_49' title="bbox 525 4673 2169 4747">
    <p class='ocr_par' dir='ltr' id='par_1_49' title="bbox 525 4673 2169 4747">
     <span class='ocr_line' id='line_1_49' title="bbox 525 4673 2169 4747; baseline 0.008 -24"><span class='ocrx_word' id='word_1_352' title='bbox 525 4675 623 4726; x_wconf 88' lang='lat' dir='ltr'>vat</span> <span class='ocrx_word' id='word_1_353' title='bbox 656 4673 909 4728; x_wconf 87' lang='lat' dir='ltr'>animam</span> <span class='ocrx_word' id='word_1_354' title='bbox 950 4675 1098 4747; x_wconf 87' lang='lat' dir='ltr'>(Sap.</span> <span class='ocrx_word' id='word_1_355' title='bbox 1134 4692 1210 4739; x_wconf 78' lang='lat' dir='ltr'>ix,</span> <span class='ocrx_word' id='word_1_356' title='bbox 1246 4676 1351 4747; x_wconf 81' lang='grc'>15).</span> <span class='ocrx_word' id='word_1_357' title='bbox 1387 4678 1509 4740; x_wconf 89' lang='lat' dir='ltr'>Quo</span> <span class='ocrx_word' id='word_1_358' title='bbox 1540 4677 1773 4731; x_wconf 85' lang='lat' dir='ltr'>tandem</span> <span class='ocrx_word' id='word_1_359' title='bbox 1822 4680 2027 4735; x_wconf 88' lang='lat' dir='ltr'>merito</span> <span class='ocrx_word' id='word_1_360' title='bbox 2074 4682 2169 4736; x_wconf 90' lang='lat' dir='ltr'>in-</span> 
     </span>
    </p>
   </div>
   <div class='ocr_carea' id='block_1_50' title="bbox 529 4760 2166 4835">
    <p class='ocr_par' dir='ltr' id='par_1_50' title="bbox 529 4760 2166 4835">
     <span class='ocr_line' id='line_1_50' title="bbox 529 4760 2166 4835; baseline 0.006 -20"><span class='ocrx_word' id='word_1_361' title='bbox 529 4760 685 4817; x_wconf 90' lang='lat' dir='ltr'>ﬂicto</span> <span class='ocrx_word' id='word_1_362' title='bbox 743 4762 895 4818; x_wconf 88' lang='lat' dir='ltr'>malo</span> <span class='ocrx_word' id='word_1_363' title='bbox 954 4763 1089 4830; x_wconf 90' lang='lat' dir='ltr'>isto,</span> <span class='ocrx_word' id='word_1_364' title='bbox 1151 4763 1261 4819; x_wconf 88' lang='lat' dir='ltr'>nisi</span> <span class='ocrx_word' id='word_1_365' title='bbox 1319 4765 1585 4835; x_wconf 84' lang='lat' dir='ltr'>peccati?</span> <span class='ocrx_word' id='word_1_366' title='bbox 1644 4765 1804 4821; x_wconf 89' lang='lat' dir='ltr'>Unde</span> <span class='ocrx_word' id='word_1_367' title='bbox 1854 4769 1998 4823; x_wconf 90' lang='lat' dir='ltr'>tanti</span> <span class='ocrx_word' id='word_1_368' title='bbox 2032 4769 2166 4825; x_wconf 91' lang='lat' dir='ltr'>mali</span> 
     </span>
    </p>
   </div>
   <div class='ocr_carea' id='block_1_51' title="bbox 528 4850 2168 4931">
    <p class='ocr_par' dir='ltr' id='par_1_51' title="bbox 528 4850 2168 4931">
     <span class='ocr_line' id='line_1_51' title="bbox 528 4850 2168 4931; baseline 0.007 -28"><span class='ocrx_word' id='word_1_369' title='bbox 528 4850 932 4922; x_wconf 88' lang='lat' dir='ltr'>magnitudine</span> <span class='ocrx_word' id='word_1_370' title='bbox 955 4852 1259 4919; x_wconf 86' lang='lat' dir='ltr'>admoniti,</span> <span class='ocrx_word' id='word_1_371' title='bbox 1294 4852 1454 4921; x_wconf 82' lang='lat' dir='ltr'>sequi</span> <span class='ocrx_word' id='word_1_372' title='bbox 1486 4853 1759 4909; x_wconf 86' lang='lat' dir='ltr'>deberent</span> <span class='ocrx_word' id='word_1_373' title='bbox 1808 4862 2035 4926; x_wconf 80' lang='lat' dir='ltr'>Agnum</span> <span class='ocrx_word' id='word_1_374' title='bbox 2068 4859 2168 4931; x_wconf 90' lang='lat' dir='ltr'>qui</span> 
     </span>
    </p>
   </div>
   <div class='ocr_carea' id='block_1_52' title="bbox 524 4938 1681 5011">
    <p class='ocr_par' dir='ltr' id='par_1_52' title="bbox 524 4938 1681 5011">
     <span class='ocr_line' id='line_1_52' title="bbox 524 4938 1681 5011; baseline 0.004 -19"><span class='ocrx_word' id='word_1_375' title='bbox 524 4938 676 4994; x_wconf 90' lang='lat' dir='ltr'>tollit</span> <span class='ocrx_word' id='word_1_376' title='bbox 709 4947 1009 5011; x_wconf 88' lang='lat' dir='ltr'>peccatum</span> <span class='ocrx_word' id='word_1_377' title='bbox 1042 4940 1247 4995; x_wconf 90' lang='lat' dir='ltr'>mundi</span> <span class='ocrx_word' id='word_1_378' title='bbox 1280 4943 1457 5009; x_wconf 86' lang='lat' dir='ltr'>(Joan.</span> <span class='ocrx_word' id='word_1_379' title='bbox 1495 4959 1534 5007; x_wconf 86' lang='grc' dir='ltr'>ι,</span> <span class='ocrx_word' id='word_1_380' title='bbox 1567 4943 1681 5010; x_wconf 84' lang='grc'>29).</span> 
     </span>
    </p>
   </div>
   <div class='ocr_carea' id='block_1_53' title="bbox 596 5028 2170 5104">
    <p class='ocr_par' dir='ltr' id='par_1_53' title="bbox 596 5028 2170 5104">
     <span class='ocr_line' id='line_1_53' title="bbox 596 5028 2170 5104; baseline 0.005 -21"><span class='ocrx_word' id='word_1_381' title='bbox 596 5028 826 5084; x_wconf 82' lang='lat' dir='ltr'>CAPUT</span> <span class='ocrx_word' id='word_1_382' title='bbox 857 5028 1019 5083; x_wconf 83' lang='lat' dir='ltr'>XXV.</span> <span class='ocrx_word' id='word_1_383' title='bbox 1045 5061 1110 5069; x_wconf 94' lang='lat'>—</span> <span class='ocrx_word' id='word_1_384' title='bbox 1139 5032 1194 5084; x_wconf 84' lang='lat' dir='ltr'>In</span> <span class='ocrx_word' id='word_1_385' title='bbox 1228 5029 1562 5084; x_wconf 78' lang='lat' dir='ltr'>beatitudine</span> <span class='ocrx_word' id='word_1_386' title='bbox 1589 5033 1803 5084; x_wconf 84' lang='lat' dir='ltr'>tantum</span> <span class='ocrx_word' id='word_1_387' title='bbox 1834 5034 2170 5104; x_wconf 74' lang='lat' dir='ltr'>intelligitur</span> 
     </span>
    </p>
   </div>
   <div class='ocr_carea' id='block_1_54' title="bbox 525 5118 2167 5193">
    <p class='ocr_par' dir='ltr' id='par_1_54' title="bbox 525 5118 2167 5193">
     <span class='ocr_line' id='line_1_54' title="bbox 525 5118 2167 5193; baseline 0.007 -22"><span class='ocrx_word' id='word_1_388' title='bbox 525 5118 751 5187; x_wconf 63' lang='lat' dir='ltr'>qurstio</span> <span class='ocrx_word' id='word_1_389' title='bbox 767 5133 869 5172; x_wconf 82' lang='lat' dir='ltr'>cur</span> <span class='ocrx_word' id='word_1_390' title='bbox 887 5118 1127 5189; x_wconf 76' lang='lat' dir='ltr'>Spiritus</span> <span class='ocrx_word' id='word_1_391' title='bbox 1147 5126 1364 5172; x_wconf 81' lang='lat' dir='ltr'>sanctus</span> <span class='ocrx_word' id='word_1_392' title='bbox 1383 5134 1492 5174; x_wconf 83' lang='lat' dir='ltr'>non.</span> <span class='ocrx_word' id='word_1_393' title='bbox 1512 5119 1582 5173; x_wconf 88' lang='lat' dir='ltr'>sit</span> <span class='ocrx_word' id='word_1_394' title='bbox 1603 5121 1896 5187; x_wconf 83' lang='lat' dir='ltr'>genitus,et</span> <span class='ocrx_word' id='word_1_395' title='bbox 1910 5125 2167 5193; x_wconf 87' lang='lat' dir='ltr'>quomodo</span> 
     </span>
    </p>
   </div>
   <div class='ocr_carea' id='block_1_55' title="bbox 524 5203 2165 5283">
    <p class='ocr_par' dir='ltr' id='par_1_55' title="bbox 524 5203 2165 5283">
     <span class='ocr_line' id='line_1_55' title="bbox 524 5203 2165 5283; baseline 0.005 -24"><span class='ocrx_word' id='word_1_396' title='bbox 524 5203 589 5259; x_wconf 81' lang='lat' dir='ltr'>de</span> <span class='ocrx_word' id='word_1_397' title='bbox 621 5209 795 5260; x_wconf 85' lang='lat' dir='ltr'>Patre</span> <span class='ocrx_word' id='word_1_398' title='bbox 821 5221 885 5260; x_wconf 89' lang='lat' dir='ltr'>ac</span> <span class='ocrx_word' id='word_1_399' title='bbox 924 5207 1065 5261; x_wconf 86' lang='lat' dir='ltr'>Filio</span> <span class='ocrx_word' id='word_1_400' title='bbox 1109 5206 1379 5278; x_wconf 78' lang='lat' dir='ltr'>procedat.</span> <span class='ocrx_word' id='word_1_401' title='bbox 1434 5207 1517 5261; x_wconf 91' lang='lat' dir='ltr'>Ad</span> <span class='ocrx_word' id='word_1_402' title='bbox 1549 5224 1682 5261; x_wconf 90' lang='lat' dir='ltr'>eum</span> <span class='ocrx_word' id='word_1_403' title='bbox 1718 5226 1961 5282; x_wconf 85' lang='lat' dir='ltr'>namque</span> <span class='ocrx_word' id='word_1_404' title='bbox 1990 5214 2165 5283; x_wconf 91' lang='lat' dir='ltr'>perti-</span> 
     </span>
    </p>
   </div>
   <div class='ocr_carea' id='block_1_56' title="bbox 526 5294 2165 5371">
    <p class='ocr_par' dir='ltr' id='par_1_56' title="bbox 526 5294 2165 5371">
     <span class='ocr_line' id='line_1_56' title="bbox 526 5294 2165 5371; baseline 0.005 -23"><span class='ocrx_word' id='word_1_405' title='bbox 526 5298 729 5349; x_wconf 85' lang='lat' dir='ltr'>nentes</span> <span class='ocrx_word' id='word_1_406' title='bbox 760 5294 934 5349; x_wconf 83' lang='lat' dir='ltr'>etiam</span> <span class='ocrx_word' id='word_1_407' title='bbox 968 5294 1137 5366; x_wconf 89' lang='lat' dir='ltr'>longe</span> <span class='ocrx_word' id='word_1_408' title='bbox 1168 5294 1298 5350; x_wconf 88' lang='lat' dir='ltr'>istis</span> <span class='ocrx_word' id='word_1_409' title='bbox 1328 5294 1562 5366; x_wconf 90' lang='lat' dir='ltr'>ingenio</span> <span class='ocrx_word' id='word_1_410' title='bbox 1595 5296 1898 5367; x_wconf 86' lang='lat' dir='ltr'>tardiores,</span> <span class='ocrx_word' id='word_1_411' title='bbox 1932 5302 2165 5371; x_wconf 87' lang='lat' dir='ltr'>quando</span> 
     </span>
    </p>
   </div>
   <div class='ocr_carea' id='block_1_57' title="bbox 525 5381 2164 5457">
    <p class='ocr_par' dir='ltr' id='par_1_57' title="bbox 525 5381 2164 5457">
     <span class='ocr_line' id='line_1_57' title="bbox 525 5381 2164 5457; baseline 0.007 -22"><span class='ocrx_word' id='word_1_412' title='bbox 525 5382 640 5436; x_wconf 77' lang='lat' dir='ltr'>fine</span> <span class='ocrx_word' id='word_1_413' title='bbox 668 5381 845 5452; x_wconf 88' lang='lat' dir='ltr'>hujus</span> <span class='ocrx_word' id='word_1_414' title='bbox 878 5383 1005 5437; x_wconf 70' lang='lat' dir='ltr'>vita:</span> <span class='ocrx_word' id='word_1_415' title='bbox 1038 5383 1406 5439; x_wconf 89' lang='lat' dir='ltr'>resolvuntur</span> <span class='ocrx_word' id='word_1_416' title='bbox 1438 5401 1471 5438; x_wconf 92' lang='lat' dir='ltr'>a</span> <span class='ocrx_word' id='word_1_417' title='bbox 1499 5386 1857 5457; x_wconf 86' lang='lat' dir='ltr'>eorpore,jus</span> <span class='ocrx_word' id='word_1_418' title='bbox 1888 5387 1945 5443; x_wconf 90' lang='lat' dir='ltr'>in</span> <span class='ocrx_word' id='word_1_419' title='bbox 1970 5389 2053 5446; x_wconf 91' lang='lat' dir='ltr'>eis</span> <span class='ocrx_word' id='word_1_420' title='bbox 2077 5408 2164 5447; x_wconf 84' lang='lat' dir='ltr'>re-</span> 
     </span>
    </p>
   </div>
   <div class='ocr_carea' id='block_1_58' title="bbox 521 5468 2165 5544">
    <p class='ocr_par' dir='ltr' id='par_1_58' title="bbox 521 5468 2165 5544">
     <span class='ocr_line' id='line_1_58' title="bbox 521 5468 2165 5544; baseline 0.007 -21"><span class='ocrx_word' id='word_1_421' title='bbox 521 5468 779 5525; x_wconf 87' lang='lat' dir='ltr'>tinendis</span> <span class='ocrx_word' id='word_1_422' title='bbox 828 5487 939 5526; x_wconf 92' lang='lat' dir='ltr'>non</span> <span class='ocrx_word' id='word_1_423' title='bbox 994 5472 1210 5528; x_wconf 90' lang='lat' dir='ltr'>habent</span> <span class='ocrx_word' id='word_1_424' title='bbox 1240 5472 1444 5527; x_wconf 72' lang='lat' dir='ltr'>invidae</span> <span class='ocrx_word' id='word_1_425' title='bbox 1493 5476 1830 5544; x_wconf 87' lang='lat' dir='ltr'>potestates.</span> <span class='ocrx_word' id='word_1_426' title='bbox 1885 5477 2039 5542; x_wconf 86' lang='lat' dir='ltr'>Quas</span> <span class='ocrx_word' id='word_1_427' title='bbox 2068 5478 2165 5536; x_wconf 91' lang='lat' dir='ltr'>ille</span> 
     </span>
    </p>
   </div>
   <div class='ocr_carea' id='block_1_59' title="bbox 589 5641 1771 5705">
    <p class='ocr_par' dir='ltr' id='par_1_59' title="bbox 589 5641 1771 5705">
     <span class='ocr_line' id='line_1_59' title="bbox 589 5641 1771 5705; baseline 0.007 -16"><span class='ocrx_word' id='word_1_428' title='bbox 589 5642 606 5705; x_wconf 57' lang='grc' dir='ltr'>ξ</span> <span class='ocrx_word' id='word_1_429' title='bbox 639 5641 701 5705; x_wconf 67' lang='lat' dir='ltr'>in</span> <span class='ocrx_word' id='word_1_430' title='bbox 734 5645 940 5693; x_wconf 79' lang='lat' dir='ltr'>excusis</span> <span class='ocrx_word' id='word_1_431' title='bbox 969 5646 1222 5697; x_wconf 85' lang='lat' dir='ltr'>omissum</span> <span class='ocrx_word' id='word_1_432' title='bbox 1248 5645 1441 5705; x_wconf 80' lang='lat' dir='ltr'>fuerat,</span> <span class='ocrx_word' id='word_1_433' title='bbox 1471 5643 1771 5697; x_wconf 84' lang='lat' dir='ltr'>mutabitur.</span> 
     </span>
    </p>
   </div>
   <div class='ocr_carea' id='block_1_60' title="bbox 582 5704 1060 5769">
    <p class='ocr_par' dir='ltr' id='par_1_60' title="bbox 582 5704 1060 5769">
     <span class='ocr_line' id='line_1_60' title="bbox 582 5704 1060 5769; baseline 0.008 -14"><span class='ocrx_word' id='word_1_434' title='bbox 582 5704 606 5742; x_wconf 80' lang='grc'>²</span> <span class='ocrx_word' id='word_1_435' title='bbox 635 5704 779 5769; x_wconf 60' lang='lat' dir='ltr'>Msa,</span> <span class='ocrx_word' id='word_1_436' title='bbox 810 5713 1060 5760; x_wconf 79' lang='lat' dir='ltr'>mutatur.</span> 
     </span>
    </p>
   </div>
   <div class='ocr_carea' id='block_1_61' title="bbox 1678 368 2845 441">
    <p class='ocr_par' dir='ltr' id='par_1_61' title="bbox 1678 368 2845 441">
     <span class='ocr_line' id='line_1_61' title="bbox 1678 368 2845 441; baseline -0.001 -9"><span class='ocrx_word' id='word_1_437' title='bbox 1678 372 1779 432; x_wconf 86' lang='lat' dir='ltr'><strong>DE</strong></span> <span class='ocrx_word' id='word_1_438' title='bbox 1822 368 2268 441; x_wconf 84' lang='lat' dir='ltr'>TRINITATE,</span> <span class='ocrx_word' id='word_1_439' title='bbox 2317 368 2381 429; x_wconf 92' lang='lat' dir='ltr'>S.</span> <span class='ocrx_word' id='word_1_440' title='bbox 2428 368 2845 433; x_wconf 84' lang='lat' dir='ltr'>AUGUSTlNl</span> 
     </span>
    </p>
   </div>
   <div class='ocr_carea' id='block_1_62' title="bbox 3814 368 3962 430">
    <p class='ocr_par' dir='ltr' id='par_1_62' title="bbox 3814 368 3962 430">
     <span class='ocr_line' id='line_1_62' title="bbox 3814 368 3962 430; baseline 0.007 -1"><span class='ocrx_word' id='word_1_441' title='bbox 3814 368 3962 430; x_wconf 67' lang='lat'><strong>£092</strong></span> 
     </span>
    </p>
   </div>
   <div class='ocr_carea' id='block_1_63' title="bbox 2316 500 3961 573">
    <p class='ocr_par' dir='ltr' id='par_1_63' title="bbox 2316 500 3961 573">
     <span class='ocr_line' id='line_1_63' title="bbox 2316 500 3961 573; baseline 0.002 -20"><span class='ocrx_word' id='word_1_442' title='bbox 2316 507 2515 572; x_wconf 83' lang='lat' dir='ltr'>Agnus</span> <span class='ocrx_word' id='word_1_443' title='bbox 2546 501 2670 556; x_wconf 85' lang='lat' dir='ltr'>sine</span> <span class='ocrx_word' id='word_1_444' title='bbox 2700 500 2816 556; x_wconf 91' lang='lat' dir='ltr'>ullo</span> <span class='ocrx_word' id='word_1_445' title='bbox 2844 504 2916 556; x_wconf 79' lang='lat' dir='ltr'>ab</span> <span class='ocrx_word' id='word_1_446' title='bbox 2947 501 3030 557; x_wconf 89' lang='lat' dir='ltr'>eis</span> <span class='ocrx_word' id='word_1_447' title='bbox 3058 500 3276 573; x_wconf 86' lang='lat' dir='ltr'>peccati</span> <span class='ocrx_word' id='word_1_448' title='bbox 3316 501 3510 557; x_wconf 86' lang='lat' dir='ltr'>debito</span> <span class='ocrx_word' id='word_1_449' title='bbox 3562 501 3813 572; x_wconf 83' lang='lat' dir='ltr'>occisus,</span> <span class='ocrx_word' id='word_1_450' title='bbox 3851 519 3961 557; x_wconf 89' lang='lat' dir='ltr'>non</span> 
     </span>
    </p>
   </div>
   <div class='ocr_carea' id='block_1_64' title="bbox 2311 589 3959 662">
    <p class='ocr_par' dir='ltr' id='par_1_64' title="bbox 2311 589 3959 662">
     <span class='ocr_line' id='line_1_64' title="bbox 2311 589 3959 662; baseline -0.001 -19"><span class='ocrx_word' id='word_1_451' title='bbox 2311 589 2569 660; x_wconf 89' lang='lat' dir='ltr'>potentia</span> <span class='ocrx_word' id='word_1_452' title='bbox 2590 592 2893 661; x_wconf 88' lang='lat' dir='ltr'>potestatis</span> <span class='ocrx_word' id='word_1_453' title='bbox 2914 590 3250 662; x_wconf 87' lang='lat' dir='ltr'>priusquam</span> <span class='ocrx_word' id='word_1_454' title='bbox 3267 589 3503 661; x_wconf 88' lang='lat' dir='ltr'>justitia</span> <span class='ocrx_word' id='word_1_455' title='bbox 3539 590 3850 662; x_wconf 87' lang='lat' dir='ltr'>sanguinis</span> <span class='ocrx_word' id='word_1_456' title='bbox 3876 589 3959 643; x_wconf 88' lang='lat' dir='ltr'>vi-</span> 
     </span>
    </p>
   </div>
   <div class='ocr_carea' id='block_1_65' title="bbox 2310 676 3959 751">
    <p class='ocr_par' dir='ltr' id='par_1_65' title="bbox 2310 676 3959 751">
     <span class='ocr_line' id='line_1_65' title="bbox 2310 676 3959 751; baseline 0.001 -19"><span class='ocrx_word' id='word_1_457' title='bbox 2310 676 2837 733; x_wconf 90' lang='lat' dir='ltr'>cit.Proindeliberi</span> <span class='ocrx_word' id='word_1_458' title='bbox 2860 696 2893 732; x_wconf 90' lang='lat' dir='ltr'>a</span> <span class='ocrx_word' id='word_1_459' title='bbox 2912 676 3127 733; x_wconf 89' lang='lat' dir='ltr'>diaboli</span> <span class='ocrx_word' id='word_1_460' title='bbox 3142 682 3444 751; x_wconf 82' lang='lat' dir='ltr'>potestate,</span> <span class='ocrx_word' id='word_1_461' title='bbox 3465 678 3959 751; x_wconf 88' lang='lat' dir='ltr'>suscipiunturab</span> 
     </span>
    </p>
   </div>
   <div class='ocr_carea' id='block_1_66' title="bbox 2312 765 3959 840">
    <p class='ocr_par' dir='ltr' id='par_1_66' title="bbox 2312 765 3959 840">
     <span class='ocr_line' id='line_1_66' title="bbox 2312 765 3959 840; baseline 0.002 -20"><span class='ocrx_word' id='word_1_462' title='bbox 2312 765 2539 839; x_wconf 80' lang='lat' dir='ltr'>Angelis</span> <span class='ocrx_word' id='word_1_463' title='bbox 2562 767 2840 831; x_wconf 89' lang='lat' dir='ltr'>sanctis,a</span> <span class='ocrx_word' id='word_1_464' title='bbox 2862 766 3034 822; x_wconf 87' lang='lat' dir='ltr'>malis</span> <span class='ocrx_word' id='word_1_465' title='bbox 3056 768 3335 833; x_wconf 81' lang='lat' dir='ltr'>omnibus</span> <span class='ocrx_word' id='word_1_466' title='bbox 3355 766 3581 823; x_wconf 89' lang='lat' dir='ltr'>liberati</span> <span class='ocrx_word' id='word_1_467' title='bbox 3606 784 3711 840; x_wconf 89' lang='lat' dir='ltr'>per</span> <span class='ocrx_word' id='word_1_468' title='bbox 3741 768 3959 823; x_wconf 89' lang='lat' dir='ltr'>Media-</span> 
     </span>
    </p>
   </div>
   <div class='ocr_carea' id='block_1_67' title="bbox 2309 855 3959 913">
    <p class='ocr_par' dir='ltr' id='par_1_67' title="bbox 2309 855 3959 913">
     <span class='ocr_line' id='line_1_67' title="bbox 2309 855 3959 913; baseline 0.001 -4"><span class='ocrx_word' id='word_1_469' title='bbox 2309 858 2493 909; x_wconf 90' lang='lat' dir='ltr'>torem</span> <span class='ocrx_word' id='word_1_470' title='bbox 2526 855 2623 911; x_wconf 90' lang='lat' dir='ltr'>Dei</span> <span class='ocrx_word' id='word_1_471' title='bbox 2652 860 2710 911; x_wconf 92' lang='lat' dir='ltr'>et</span> <span class='ocrx_word' id='word_1_472' title='bbox 2739 855 3045 911; x_wconf 87' lang='lat' dir='ltr'>hominum</span> <span class='ocrx_word' id='word_1_473' title='bbox 3077 856 3374 912; x_wconf 86' lang='lat' dir='ltr'>hominem</span> <span class='ocrx_word' id='word_1_474' title='bbox 3421 857 3622 913; x_wconf 84' lang='lat' dir='ltr'>Jesum</span> <span class='ocrx_word' id='word_1_475' title='bbox 3657 856 3959 912; x_wconf 85' lang='lat' dir='ltr'>Christum</span> 
     </span>
    </p>
   </div>
   <div class='ocr_carea' id='block_1_68' title="bbox 2309 942 3964 1017">
    <p class='ocr_par' dir='ltr' id='par_1_68' title="bbox 2309 942 3964 1017">
     <span class='ocr_line' id='line_1_68' title="bbox 2309 942 3964 1017; baseline 0.001 -20"><span class='ocrx_word' id='word_1_476' title='bbox 2309 942 2351 1011; x_wconf 92' lang='grc' dir='ltr'>(Ι</span> <span class='ocrx_word' id='word_1_477' title='bbox 2388 945 2523 998; x_wconf 89' lang='lat' dir='ltr'>Tim.</span> <span class='ocrx_word' id='word_1_478' title='bbox 2550 960 2612 1010; x_wconf 84' lang='lat' dir='ltr'>Il,</span> <span class='ocrx_word' id='word_1_479' title='bbox 2642 946 2697 1016; x_wconf 91' lang='lat'>5)</span> <span class='ocrx_word' id='word_1_480' title='bbox 2724 963 2736 1000; x_wconf 93' lang='lat'>:</span> <span class='ocrx_word' id='word_1_481' title='bbox 2770 944 3049 1017; x_wconf 88' lang='lat' dir='ltr'>quoniam</span> <span class='ocrx_word' id='word_1_482' title='bbox 3081 946 3541 1002; x_wconf 83' lang='lat' dir='ltr'>consonantibus</span> <span class='ocrx_word' id='word_1_483' title='bbox 3573 945 3792 1001; x_wconf 91' lang='lat' dir='ltr'>divinis</span> <span class='ocrx_word' id='word_1_484' title='bbox 3813 945 3964 1001; x_wconf 88' lang='lat' dir='ltr'>Scri-</span> 
     </span>
    </p>
   </div>
   <div class='ocr_carea' id='block_1_69' title="bbox 2310 1032 3959 1107">
    <p class='ocr_par' dir='ltr' id='par_1_69' title="bbox 2310 1032 3959 1107">
     <span class='ocr_line' id='line_1_69' title="bbox 2310 1032 3959 1107; baseline 0.002 -22"><span class='ocrx_word' id='word_1_485' title='bbox 2310 1032 2577 1103; x_wconf 89' lang='lat' dir='ltr'>pturis,et</span> <span class='ocrx_word' id='word_1_486' title='bbox 2594 1033 2883 1089; x_wconf 90' lang='lat' dir='ltr'>veteribus</span> <span class='ocrx_word' id='word_1_487' title='bbox 2908 1037 2965 1089; x_wconf 91' lang='lat' dir='ltr'>et</span> <span class='ocrx_word' id='word_1_488' title='bbox 2985 1034 3168 1101; x_wconf 89' lang='lat' dir='ltr'>novis,</span> <span class='ocrx_word' id='word_1_489' title='bbox 3200 1040 3258 1091; x_wconf 91' lang='lat' dir='ltr'>et</span> <span class='ocrx_word' id='word_1_490' title='bbox 3288 1050 3389 1107; x_wconf 88' lang='lat' dir='ltr'>per</span> <span class='ocrx_word' id='word_1_491' title='bbox 3420 1052 3568 1107; x_wconf 90' lang='lat' dir='ltr'>quas</span> <span class='ocrx_word' id='word_1_492' title='bbox 3598 1035 3959 1107; x_wconf 59' lang='lat' dir='ltr'>praenuntia-</span> 
     </span>
    </p>
   </div>
   <div class='ocr_carea' id='block_1_70' title="bbox 2306 1124 3959 1196">
    <p class='ocr_par' dir='ltr' id='par_1_70' title="bbox 2306 1124 3959 1196">
     <span class='ocr_line' id='line_1_70' title="bbox 2306 1124 3959 1196; baseline 0.002 -21"><span class='ocrx_word' id='word_1_493' title='bbox 2306 1124 2402 1176; x_wconf 89' lang='lat' dir='ltr'>tus</span> <span class='ocrx_word' id='word_1_494' title='bbox 2426 1126 2482 1177; x_wconf 90' lang='lat' dir='ltr'>et</span> <span class='ocrx_word' id='word_1_495' title='bbox 2512 1138 2615 1194; x_wconf 90' lang='lat' dir='ltr'>per</span> <span class='ocrx_word' id='word_1_496' title='bbox 2656 1139 2803 1194; x_wconf 90' lang='lat' dir='ltr'>quas</span> <span class='ocrx_word' id='word_1_497' title='bbox 2851 1124 3233 1179; x_wconf 89' lang='lat' dir='ltr'>annuntiatus</span> <span class='ocrx_word' id='word_1_498' title='bbox 3283 1129 3371 1179; x_wconf 90' lang='lat' dir='ltr'>est</span> <span class='ocrx_word' id='word_1_499' title='bbox 3419 1124 3709 1196; x_wconf 87' lang='lat' dir='ltr'>Christus,</span> <span class='ocrx_word' id='word_1_500' title='bbox 3739 1141 3849 1181; x_wconf 85' lang='lat' dir='ltr'>non</span> <span class='ocrx_word' id='word_1_501' title='bbox 3881 1128 3959 1180; x_wconf 84' lang='lat' dir='ltr'>est</span> 
     </span>
    </p>
   </div>
   <div class='ocr_carea' id='block_1_71' title="bbox 2306 1209 3959 1285">
    <p class='ocr_par' dir='ltr' id='par_1_71' title="bbox 2306 1209 3959 1285">
     <span class='ocr_line' id='line_1_71' title="bbox 2306 1209 3959 1285; baseline 0.003 -21"><span class='ocrx_word' id='word_1_502' title='bbox 2306 1209 2460 1265; x_wconf 86' lang='lat' dir='ltr'>aliud</span> <span class='ocrx_word' id='word_1_503' title='bbox 2488 1226 2687 1267; x_wconf 80' lang='lat' dir='ltr'>nomen</span> <span class='ocrx_word' id='word_1_504' title='bbox 2715 1213 2814 1268; x_wconf 85' lang='lat' dir='ltr'>sub</span> <span class='ocrx_word' id='word_1_505' title='bbox 2841 1214 2994 1283; x_wconf 69' lang='lat' dir='ltr'>caelo,</span> <span class='ocrx_word' id='word_1_506' title='bbox 3030 1215 3092 1268; x_wconf 86' lang='lat' dir='ltr'>in</span> <span class='ocrx_word' id='word_1_507' title='bbox 3120 1229 3222 1285; x_wconf 87' lang='lat' dir='ltr'>quo</span> <span class='ocrx_word' id='word_1_508' title='bbox 3253 1216 3457 1285; x_wconf 83' lang='lat' dir='ltr'>oportet</span> <span class='ocrx_word' id='word_1_509' title='bbox 3484 1214 3742 1270; x_wconf 82' lang='lat' dir='ltr'>homines</span> <span class='ocrx_word' id='word_1_510' title='bbox 3780 1215 3959 1270; x_wconf 84' lang='lat' dir='ltr'>salvos</span> 
     </span>
    </p>
   </div>
   <div class='ocr_carea' id='block_1_72' title="bbox 2304 1299 3954 1376">
    <p class='ocr_par' dir='ltr' id='par_1_72' title="bbox 2304 1299 3954 1376">
     <span class='ocr_line' id='line_1_72' title="bbox 2304 1299 3954 1376; baseline 0.002 -22"><span class='ocrx_word' id='word_1_511' title='bbox 2304 1299 2430 1369; x_wconf 83' lang='lat' dir='ltr'>ﬁeri</span> <span class='ocrx_word' id='word_1_512' title='bbox 2457 1299 2594 1371; x_wconf 81' lang='lat' dir='ltr'>(Act.</span> <span class='ocrx_word' id='word_1_513' title='bbox 2630 1317 2699 1368; x_wconf 83' lang='lat' dir='ltr'>Iv,</span> <span class='ocrx_word' id='word_1_514' title='bbox 2735 1301 2843 1370; x_wconf 78' lang='grc'>12).</span> <span class='ocrx_word' id='word_1_515' title='bbox 2875 1302 3323 1358; x_wconf 81' lang='lat' dir='ltr'>Constituantur</span> <span class='ocrx_word' id='word_1_516' title='bbox 3364 1307 3559 1358; x_wconf 89' lang='lat' dir='ltr'>autem</span> <span class='ocrx_word' id='word_1_517' title='bbox 3612 1302 3847 1376; x_wconf 89' lang='lat' dir='ltr'>purgati</span> <span class='ocrx_word' id='word_1_518' title='bbox 3880 1303 3954 1358; x_wconf 86' lang='lat' dir='ltr'>ab</span> 
     </span>
    </p>
   </div>
   <div class='ocr_carea' id='block_1_73' title="bbox 2306 1387 3952 1465">
    <p class='ocr_par' dir='ltr' id='par_1_73' title="bbox 2306 1387 3952 1465">
     <span class='ocr_line' id='line_1_73' title="bbox 2306 1387 3952 1465; baseline 0.003 -24"><span class='ocrx_word' id='word_1_519' title='bbox 2306 1387 2463 1442; x_wconf 89' lang='lat' dir='ltr'>omni</span> <span class='ocrx_word' id='word_1_520' title='bbox 2496 1389 2842 1461; x_wconf 86' lang='lat' dir='ltr'>contagione</span> <span class='ocrx_word' id='word_1_521' title='bbox 2871 1390 3295 1463; x_wconf 67' lang='lat' dir='ltr'>corruptionis‘</span> <span class='ocrx_word' id='word_1_522' title='bbox 3334 1391 3389 1445; x_wconf 91' lang='lat' dir='ltr'>in</span> <span class='ocrx_word' id='word_1_523' title='bbox 3413 1390 3662 1465; x_wconf 85' lang='lat' dir='ltr'>placidis</span> <span class='ocrx_word' id='word_1_524' title='bbox 3686 1392 3952 1463; x_wconf 86' lang='lat' dir='ltr'>sedibus,</span> 
     </span>
    </p>
   </div>
   <div class='ocr_carea' id='block_1_74' title="bbox 2306 1476 3952 1553">
    <p class='ocr_par' dir='ltr' id='par_1_74' title="bbox 2306 1476 3952 1553">
     <span class='ocr_line' id='line_1_74' title="bbox 2306 1476 3952 1553; baseline 0.002 -22"><span class='ocrx_word' id='word_1_525' title='bbox 2306 1476 2489 1532; x_wconf 88' lang='lat' dir='ltr'>donec</span> <span class='ocrx_word' id='word_1_526' title='bbox 2514 1477 2795 1550; x_wconf 90' lang='lat' dir='ltr'>recipiant</span> <span class='ocrx_word' id='word_1_527' title='bbox 2825 1495 3064 1551; x_wconf 88' lang='lat' dir='ltr'>corpora</span> <span class='ocrx_word' id='word_1_528' title='bbox 3096 1495 3224 1546; x_wconf 89' lang='lat' dir='ltr'>sua,</span> <span class='ocrx_word' id='word_1_529' title='bbox 3253 1481 3352 1535; x_wconf 90' lang='lat' dir='ltr'>sed</span> <span class='ocrx_word' id='word_1_530' title='bbox 3376 1481 3505 1551; x_wconf 88' lang='lat' dir='ltr'>jam</span> <span class='ocrx_word' id='word_1_531' title='bbox 3531 1479 3952 1553; x_wconf 87' lang='lat' dir='ltr'>incorruptibi-</span> 
     </span>
    </p>
   </div>
   <div class='ocr_carea' id='block_1_75' title="bbox 2305 1564 3958 1642">
    <p class='ocr_par' dir='ltr' id='par_1_75' title="bbox 2305 1564 3958 1642">
     <span class='ocr_line' id='line_1_75' title="bbox 2305 1564 3958 1642; baseline 0.003 -24"><span class='ocrx_word' id='word_1_532' title='bbox 2305 1564 2403 1636; x_wconf 86' lang='lat' dir='ltr'>lia,</span> <span class='ocrx_word' id='word_1_533' title='bbox 2436 1582 2561 1636; x_wconf 75' lang='lat' dir='ltr'>quea</span> <span class='ocrx_word' id='word_1_534' title='bbox 2590 1572 2816 1635; x_wconf 89' lang='lat' dir='ltr'>ornent,</span> <span class='ocrx_word' id='word_1_535' title='bbox 2852 1584 2965 1624; x_wconf 92' lang='lat' dir='ltr'>non</span> <span class='ocrx_word' id='word_1_536' title='bbox 3012 1573 3273 1624; x_wconf 90' lang='lat' dir='ltr'>onerent.</span> <span class='ocrx_word' id='word_1_537' title='bbox 3333 1574 3453 1626; x_wconf 86' lang='lat' dir='ltr'>Hoc</span> <span class='ocrx_word' id='word_1_538' title='bbox 3513 1570 3671 1625; x_wconf 89' lang='lat' dir='ltr'>enim</span> <span class='ocrx_word' id='word_1_539' title='bbox 3733 1568 3958 1642; x_wconf 86' lang='lat' dir='ltr'>placuit</span> 
     </span>
    </p>
   </div>
   <div class='ocr_carea' id='block_1_76' title="bbox 2304 1653 3955 1730">
    <p class='ocr_par' dir='ltr' id='par_1_76' title="bbox 2304 1653 3955 1730">
     <span class='ocr_line' id='line_1_76' title="bbox 2304 1653 3955 1730; baseline 0.002 -22"><span class='ocrx_word' id='word_1_540' title='bbox 2304 1653 2523 1725; x_wconf 90' lang='lat' dir='ltr'>optimo</span> <span class='ocrx_word' id='word_1_541' title='bbox 2554 1658 2609 1710; x_wconf 90' lang='lat' dir='ltr'>et</span> <span class='ocrx_word' id='word_1_542' title='bbox 2638 1654 3074 1727; x_wconf 88' lang='lat' dir='ltr'>sapientissimo</span> <span class='ocrx_word' id='word_1_543' title='bbox 3110 1657 3389 1727; x_wconf 88' lang='lat' dir='ltr'>Creatori,</span> <span class='ocrx_word' id='word_1_544' title='bbox 3438 1662 3504 1712; x_wconf 91' lang='lat' dir='ltr'>ut</span> <span class='ocrx_word' id='word_1_545' title='bbox 3549 1657 3797 1730; x_wconf 90' lang='lat' dir='ltr'>spiritus</span> <span class='ocrx_word' id='word_1_546' title='bbox 3849 1658 3955 1712; x_wconf 81' lang='lat' dir='ltr'>ho-</span> 
     </span>
    </p>
   </div>
   <div class='ocr_carea' id='block_1_77' title="bbox 2305 1742 3950 1815">
    <p class='ocr_par' dir='ltr' id='par_1_77' title="bbox 2305 1742 3950 1815">
     <span class='ocr_line' id='line_1_77' title="bbox 2305 1742 3950 1815; baseline 0.004 -18"><span class='ocrx_word' id='word_1_547' title='bbox 2305 1742 2482 1798; x_wconf 86' lang='lat' dir='ltr'>minis</span> <span class='ocrx_word' id='word_1_548' title='bbox 2515 1745 2626 1799; x_wconf 90' lang='lat' dir='ltr'>Deo</span> <span class='ocrx_word' id='word_1_549' title='bbox 2657 1744 2750 1815; x_wconf 89' lang='lat' dir='ltr'>pie</span> <span class='ocrx_word' id='word_1_550' title='bbox 2779 1745 3070 1814; x_wconf 91' lang='lat' dir='ltr'>subditus,</span> <span class='ocrx_word' id='word_1_551' title='bbox 3103 1745 3319 1803; x_wconf 89' lang='lat' dir='ltr'>habeat</span> <span class='ocrx_word' id='word_1_552' title='bbox 3346 1746 3594 1802; x_wconf 86' lang='lat' dir='ltr'>feliciter</span> <span class='ocrx_word' id='word_1_553' title='bbox 3640 1747 3950 1804; x_wconf 86' lang='lat' dir='ltr'>subditum</span> 
     </span>
    </p>
   </div>
   <div class='ocr_carea' id='block_1_78' title="bbox 2304 1833 3724 1906">
    <p class='ocr_par' dir='ltr' id='par_1_78' title="bbox 2304 1833 3724 1906">
     <span class='ocr_line' id='line_1_78' title="bbox 2304 1833 3724 1906; baseline 0.004 -22"><span class='ocrx_word' id='word_1_554' title='bbox 2304 1846 2537 1903; x_wconf 91' lang='lat' dir='ltr'>corpus,</span> <span class='ocrx_word' id='word_1_555' title='bbox 2566 1837 2622 1887; x_wconf 90' lang='lat' dir='ltr'>et</span> <span class='ocrx_word' id='word_1_556' title='bbox 2652 1833 2776 1889; x_wconf 89' lang='lat' dir='ltr'>sine</span> <span class='ocrx_word' id='word_1_557' title='bbox 2808 1834 2921 1889; x_wconf 79' lang='lat' dir='ltr'>fine</span> <span class='ocrx_word' id='word_1_558' title='bbox 2952 1840 3290 1906; x_wconf 89' lang='lat' dir='ltr'>permaneat</span> <span class='ocrx_word' id='word_1_559' title='bbox 3320 1835 3434 1891; x_wconf 88' lang='lat' dir='ltr'>ista</span> <span class='ocrx_word' id='word_1_560' title='bbox 3457 1836 3724 1892; x_wconf 87' lang='lat' dir='ltr'>felicitas.</span> 
     </span>
    </p>
   </div>
   <div class='ocr_carea' id='block_1_79' title="bbox 2372 1921 3951 1997">
    <p class='ocr_par' dir='ltr' id='par_1_79' title="bbox 2372 1921 3951 1997">
     <span class='ocr_line' id='line_1_79' title="bbox 2372 1921 3951 1997; baseline 0.004 -23"><span class='ocrx_word' id='word_1_561' title='bbox 2372 1921 2458 1974; x_wconf 79' lang='grc'>45.</span> <span class='ocrx_word' id='word_1_562' title='bbox 2498 1921 2577 1975; x_wconf 88' lang='lat' dir='ltr'>Ibi</span> <span class='ocrx_word' id='word_1_563' title='bbox 2608 1921 2904 1978; x_wconf 85' lang='lat' dir='ltr'>veritatem</span> <span class='ocrx_word' id='word_1_564' title='bbox 2940 1924 3065 1978; x_wconf 88' lang='lat' dir='ltr'>sine</span> <span class='ocrx_word' id='word_1_565' title='bbox 3093 1922 3210 1978; x_wconf 87' lang='lat' dir='ltr'>ulla</span> <span class='ocrx_word' id='word_1_566' title='bbox 3233 1924 3578 1981; x_wconf 78' lang='lat' dir='ltr'>difﬁcultate</span> <span class='ocrx_word' id='word_1_567' title='bbox 3596 1925 3951 1997; x_wconf 85' lang='lat' dir='ltr'>videbimus,</span> 
     </span>
    </p>
   </div>
   <div class='ocr_carea' id='block_1_80' title="bbox 2301 2010 3952 2087">
    <p class='ocr_par' dir='ltr' id='par_1_80' title="bbox 2301 2010 3952 2087">
     <span class='ocr_line' id='line_1_80' title="bbox 2301 2010 3952 2087; baseline 0.004 -24"><span class='ocrx_word' id='word_1_568' title='bbox 2301 2024 2484 2080; x_wconf 84' lang='lat' dir='ltr'>eaque</span> <span class='ocrx_word' id='word_1_569' title='bbox 2514 2010 2845 2068; x_wconf 84' lang='lat' dir='ltr'>clarissima</span> <span class='ocrx_word' id='word_1_570' title='bbox 2875 2017 2931 2067; x_wconf 91' lang='lat' dir='ltr'>et</span> <span class='ocrx_word' id='word_1_571' title='bbox 2959 2013 3287 2069; x_wconf 88' lang='lat' dir='ltr'>certissima</span> <span class='ocrx_word' id='word_1_572' title='bbox 3317 2013 3828 2087; x_wconf 83' lang='lat' dir='ltr'>perfruemur.Nee</span> <span class='ocrx_word' id='word_1_573' title='bbox 3846 2015 3952 2070; x_wconf 83' lang='lat' dir='ltr'>ali-</span> 
     </span>
    </p>
   </div>
   <div class='ocr_carea' id='block_1_81' title="bbox 2303 2099 3953 2171">
    <p class='ocr_par' dir='ltr' id='par_1_81' title="bbox 2303 2099 3953 2171">
     <span class='ocr_line' id='line_1_81' title="bbox 2303 2099 3953 2171; baseline 0.004 -18"><span class='ocrx_word' id='word_1_574' title='bbox 2303 2099 2439 2170; x_wconf 91' lang='lat' dir='ltr'>quid</span> <span class='ocrx_word' id='word_1_575' title='bbox 2490 2116 2819 2171; x_wconf 70' lang='lat' dir='ltr'>qumremus</span> <span class='ocrx_word' id='word_1_576' title='bbox 2868 2106 3061 2159; x_wconf 89' lang='lat' dir='ltr'>mente</span> <span class='ocrx_word' id='word_1_577' title='bbox 3115 2102 3513 2171; x_wconf 89' lang='lat' dir='ltr'>ratiocinante,</span> <span class='ocrx_word' id='word_1_578' title='bbox 3556 2105 3657 2160; x_wconf 87' lang='lat' dir='ltr'>sed</span> <span class='ocrx_word' id='word_1_579' title='bbox 3692 2111 3953 2160; x_wconf 88' lang='lat' dir='ltr'>contem-</span> 
     </span>
    </p>
   </div>
   <div class='ocr_carea' id='block_1_82' title="bbox 2302 2186 3949 2265">
    <p class='ocr_par' dir='ltr' id='par_1_82' title="bbox 2302 2186 3949 2265">
     <span class='ocr_line' id='line_1_82' title="bbox 2302 2186 3949 2265; baseline 0.005 -23"><span class='ocrx_word' id='word_1_580' title='bbox 2302 2186 2495 2259; x_wconf 89' lang='lat' dir='ltr'>plante</span> <span class='ocrx_word' id='word_1_581' title='bbox 2525 2205 2830 2246; x_wconf 89' lang='lat' dir='ltr'>cernemus</span> <span class='ocrx_word' id='word_1_582' title='bbox 2860 2208 3038 2264; x_wconf 88' lang='lat' dir='ltr'>quare</span> <span class='ocrx_word' id='word_1_583' title='bbox 3070 2207 3182 2248; x_wconf 90' lang='lat' dir='ltr'>non</span> <span class='ocrx_word' id='word_1_584' title='bbox 3215 2192 3292 2249; x_wconf 88' lang='lat' dir='ltr'>sit</span> <span class='ocrx_word' id='word_1_585' title='bbox 3314 2192 3492 2249; x_wconf 88' lang='lat' dir='ltr'>Filius</span> <span class='ocrx_word' id='word_1_586' title='bbox 3523 2193 3783 2265; x_wconf 87' lang='lat' dir='ltr'>Spiritus</span> <span class='ocrx_word' id='word_1_587' title='bbox 3812 2211 3949 2249; x_wconf 88' lang='lat' dir='ltr'>san-</span> 
     </span>
    </p>
   </div>
   <div class='ocr_carea' id='block_1_83' title="bbox 2300 2279 3952 2353">
    <p class='ocr_par' dir='ltr' id='par_1_83' title="bbox 2300 2279 3952 2353">
     <span class='ocr_line' id='line_1_83' title="bbox 2300 2279 3952 2353; baseline 0.003 -21"><span class='ocrx_word' id='word_1_588' title='bbox 2300 2280 2449 2344; x_wconf 90' lang='lat' dir='ltr'>ctus,</span> <span class='ocrx_word' id='word_1_589' title='bbox 2484 2294 2615 2334; x_wconf 92' lang='lat' dir='ltr'>cum</span> <span class='ocrx_word' id='word_1_590' title='bbox 2647 2280 2718 2335; x_wconf 91' lang='lat' dir='ltr'>de</span> <span class='ocrx_word' id='word_1_591' title='bbox 2750 2279 2914 2335; x_wconf 90' lang='lat' dir='ltr'>Patre</span> <span class='ocrx_word' id='word_1_592' title='bbox 2935 2281 3226 2353; x_wconf 90' lang='lat' dir='ltr'>procedat.</span> <span class='ocrx_word' id='word_1_593' title='bbox 3254 2282 3318 2338; x_wconf 89' lang='lat' dir='ltr'>In</span> <span class='ocrx_word' id='word_1_594' title='bbox 3351 2280 3453 2337; x_wconf 90' lang='lat' dir='ltr'>illa</span> <span class='ocrx_word' id='word_1_595' title='bbox 3482 2282 3613 2338; x_wconf 89' lang='lat' dir='ltr'>luce</span> <span class='ocrx_word' id='word_1_596' title='bbox 3641 2282 3808 2338; x_wconf 87' lang='lat' dir='ltr'>nulla</span> <span class='ocrx_word' id='word_1_597' title='bbox 3841 2284 3952 2339; x_wconf 90' lang='lat' dir='ltr'>erit</span> 
     </span>
    </p>
   </div>
   <div class='ocr_carea' id='block_1_84' title="bbox 2300 2368 3946 2445">
    <p class='ocr_par' dir='ltr' id='par_1_84' title="bbox 2300 2368 3946 2445">
     <span class='ocr_line' id='line_1_84' title="bbox 2300 2368 3946 2445; baseline 0.004 -24"><span class='ocrx_word' id='word_1_598' title='bbox 2300 2368 2574 2438; x_wconf 75' lang='lat' dir='ltr'>quaestio:</span> <span class='ocrx_word' id='word_1_599' title='bbox 2600 2368 2694 2423; x_wconf 92' lang='lat' dir='ltr'>hic</span> <span class='ocrx_word' id='word_1_600' title='bbox 2715 2385 2844 2425; x_wconf 90' lang='lat' dir='ltr'>vero</span> <span class='ocrx_word' id='word_1_601' title='bbox 2892 2369 3020 2442; x_wconf 91' lang='lat' dir='ltr'>ipsa</span> <span class='ocrx_word' id='word_1_602' title='bbox 3051 2371 3406 2443; x_wconf 86' lang='lat' dir='ltr'>experientia</span> <span class='ocrx_word' id='word_1_603' title='bbox 3436 2375 3556 2427; x_wconf 88' lang='lat' dir='ltr'>tam</span> <span class='ocrx_word' id='word_1_604' title='bbox 3588 2372 3735 2427; x_wconf 88' lang='lat' dir='ltr'>mihi</span> <span class='ocrx_word' id='word_1_605' title='bbox 3766 2389 3946 2445; x_wconf 88' lang='lat' dir='ltr'>appa-</span> 
     </span>
    </p>
   </div>
   <div class='ocr_carea' id='block_1_85' title="bbox 2301 2455 3956 2534">
    <p class='ocr_par' dir='ltr' id='par_1_85' title="bbox 2301 2455 3956 2534">
     <span class='ocr_line' id='line_1_85' title="bbox 2301 2455 3956 2534; baseline 0.004 -24"><span class='ocrx_word' id='word_1_606' title='bbox 2301 2455 2419 2511; x_wconf 90' lang='lat' dir='ltr'>ruit</span> <span class='ocrx_word' id='word_1_607' title='bbox 2448 2470 2575 2512; x_wconf 85' lang='lat' dir='ltr'>esse</span> <span class='ocrx_word' id='word_1_608' title='bbox 2607 2458 2885 2525; x_wconf 83' lang='lat' dir='ltr'>difficilis,</span> <span class='ocrx_word' id='word_1_609' title='bbox 2933 2460 3086 2531; x_wconf 91' lang='lat' dir='ltr'>quod</span> <span class='ocrx_word' id='word_1_610' title='bbox 3113 2464 3171 2516; x_wconf 90' lang='lat' dir='ltr'>et</span> <span class='ocrx_word' id='word_1_611' title='bbox 3200 2458 3318 2516; x_wconf 91' lang='lat' dir='ltr'>illis</span> <span class='ocrx_word' id='word_1_612' title='bbox 3349 2460 3448 2532; x_wconf 87' lang='lat' dir='ltr'>qui</span> <span class='ocrx_word' id='word_1_613' title='bbox 3482 2461 3605 2517; x_wconf 64' lang='lat' dir='ltr'>haec</span> <span class='ocrx_word' id='word_1_614' title='bbox 3636 2460 3956 2534; x_wconf 87' lang='lat' dir='ltr'>diligenter</span> 
     </span>
    </p>
   </div>
   <div class='ocr_carea' id='block_1_86' title="bbox 2298 2546 3956 2623">
    <p class='ocr_par' dir='ltr' id='par_1_86' title="bbox 2298 2546 3956 2623">
     <span class='ocr_line' id='line_1_86' title="bbox 2298 2546 3956 2623; baseline 0.005 -24"><span class='ocrx_word' id='word_1_615' title='bbox 2298 2550 2471 2616; x_wconf 90' lang='lat' dir='ltr'>atque</span> <span class='ocrx_word' id='word_1_616' title='bbox 2502 2546 2679 2601; x_wconf 91' lang='lat' dir='ltr'>intelli</span> <span class='ocrx_word' id='word_1_617' title='bbox 2688 2551 2891 2619; x_wconf 88' lang='lat' dir='ltr'>genter</span> <span class='ocrx_word' id='word_1_618' title='bbox 2910 2547 3331 2621; x_wconf 88' lang='lat' dir='ltr'>legent,procul</span> <span class='ocrx_word' id='word_1_619' title='bbox 3358 2550 3534 2605; x_wconf 91' lang='lat' dir='ltr'>dubio</span> <span class='ocrx_word' id='word_1_620' title='bbox 3549 2550 3823 2606; x_wconf 89' lang='lat' dir='ltr'>similiter</span> <span class='ocrx_word' id='word_1_621' title='bbox 3852 2568 3956 2623; x_wconf 86' lang='lat' dir='ltr'>ap-</span> 
     </span>
    </p>
   </div>
   <div class='ocr_carea' id='block_1_87' title="bbox 2297 2634 3952 2712">
    <p class='ocr_par' dir='ltr' id='par_1_87' title="bbox 2297 2634 3952 2712">
     <span class='ocr_line' id='line_1_87' title="bbox 2297 2634 3952 2712; baseline 0.005 -25"><span class='ocrx_word' id='word_1_622' title='bbox 2297 2634 2611 2705; x_wconf 90' lang='lat' dir='ltr'>parebit,ut</span> <span class='ocrx_word' id='word_1_623' title='bbox 2640 2653 2772 2691; x_wconf 90' lang='lat' dir='ltr'>cum</span> <span class='ocrx_word' id='word_1_624' title='bbox 2809 2653 2899 2691; x_wconf 90' lang='lat' dir='ltr'>me</span> <span class='ocrx_word' id='word_1_625' title='bbox 2932 2638 2989 2691; x_wconf 92' lang='lat' dir='ltr'>in</span> <span class='ocrx_word' id='word_1_626' title='bbox 3038 2639 3295 2694; x_wconf 89' lang='lat' dir='ltr'>secundo</span> <span class='ocrx_word' id='word_1_627' title='bbox 3345 2639 3522 2709; x_wconf 89' lang='lat' dir='ltr'>hujus</span> <span class='ocrx_word' id='word_1_628' title='bbox 3570 2639 3764 2712; x_wconf 87' lang='lat' dir='ltr'>cperis</span> <span class='ocrx_word' id='word_1_629' title='bbox 3800 2638 3952 2695; x_wconf 90' lang='lat' dir='ltr'>libro</span> 
     </span>
    </p>
   </div>
   <div class='ocr_carea' id='block_1_88' title="bbox 2298 2722 3950 2801">
    <p class='ocr_par' dir='ltr' id='par_1_88' title="bbox 2298 2722 3950 2801">
     <span class='ocr_line' id='line_1_88' title="bbox 2298 2722 3950 2801; baseline 0.006 -23"><span class='ocrx_word' id='word_1_630' title='bbox 2298 2722 2410 2778; x_wconf 86' lang='lat' dir='ltr'>alio</span> <span class='ocrx_word' id='word_1_631' title='bbox 2442 2722 2564 2778; x_wconf 93' lang='lat' dir='ltr'>loco</span> <span class='ocrx_word' id='word_1_632' title='bbox 2587 2722 2720 2779; x_wconf 87' lang='lat' dir='ltr'>inde</span> <span class='ocrx_word' id='word_1_633' title='bbox 2751 2725 3045 2780; x_wconf 90' lang='lat' dir='ltr'>dicturum</span> <span class='ocrx_word' id='word_1_634' title='bbox 3078 2742 3204 2782; x_wconf 91' lang='lat' dir='ltr'>esse</span> <span class='ocrx_word' id='word_1_635' title='bbox 3239 2728 3609 2799; x_wconf 86' lang='lat' dir='ltr'>promiserim</span> <span class='ocrx_word' id='word_1_636' title='bbox 3652 2728 3809 2800; x_wconf 84' lang='lat' dir='ltr'>(Cap.</span> <span class='ocrx_word' id='word_1_637' title='bbox 3864 2730 3950 2801; x_wconf 70' lang='lat'>3).</span> 
     </span>
    </p>
   </div>
   <div class='ocr_carea' id='block_1_89' title="bbox 2297 2811 3943 2887">
    <p class='ocr_par' dir='ltr' id='par_1_89' title="bbox 2297 2811 3943 2887">
     <span class='ocr_line' id='line_1_89' title="bbox 2297 2811 3943 2887; baseline 0.004 -23"><span class='ocrx_word' id='word_1_638' title='bbox 2297 2811 2777 2883; x_wconf 88' lang='lat' dir='ltr'>quotiescumque</span> <span class='ocrx_word' id='word_1_639' title='bbox 2798 2813 2854 2867; x_wconf 92' lang='lat' dir='ltr'>in</span> <span class='ocrx_word' id='word_1_640' title='bbox 2888 2831 2953 2869; x_wconf 85' lang='lat' dir='ltr'>ea</span> <span class='ocrx_word' id='word_1_641' title='bbox 2984 2819 3247 2870; x_wconf 87' lang='lat' dir='ltr'>creatura</span> <span class='ocrx_word' id='word_1_642' title='bbox 3276 2833 3402 2887; x_wconf 67' lang='lat' dir='ltr'>quae</span> <span class='ocrx_word' id='word_1_643' title='bbox 3437 2834 3540 2872; x_wconf 91' lang='lat' dir='ltr'>nos</span> <span class='ocrx_word' id='word_1_644' title='bbox 3572 2834 3802 2883; x_wconf 90' lang='lat' dir='ltr'>sumus,</span> <span class='ocrx_word' id='word_1_645' title='bbox 3835 2817 3943 2873; x_wconf 87' lang='lat' dir='ltr'>ali-</span> 
     </span>
    </p>
   </div>
   <div class='ocr_carea' id='block_1_90' title="bbox 2293 2899 3945 2979">
    <p class='ocr_par' dir='ltr' id='par_1_90' title="bbox 2293 2899 3945 2979">
     <span class='ocr_line' id='line_1_90' title="bbox 2293 2899 3945 2979; baseline 0.006 -26"><span class='ocrx_word' id='word_1_646' title='bbox 2293 2899 2429 2970; x_wconf 86' lang='lat' dir='ltr'>quid</span> <span class='ocrx_word' id='word_1_647' title='bbox 2455 2900 2536 2954; x_wconf 93' lang='lat' dir='ltr'>illi</span> <span class='ocrx_word' id='word_1_648' title='bbox 2560 2901 2639 2955; x_wconf 91' lang='lat' dir='ltr'>rei</span> <span class='ocrx_word' id='word_1_649' title='bbox 2674 2901 2867 2957; x_wconf 89' lang='lat' dir='ltr'>simile</span> <span class='ocrx_word' id='word_1_650' title='bbox 2900 2904 3203 2959; x_wconf 88' lang='lat' dir='ltr'>ostendere</span> <span class='ocrx_word' id='word_1_651' title='bbox 3234 2904 3409 2971; x_wconf 92' lang='lat' dir='ltr'>volui,</span> <span class='ocrx_word' id='word_1_652' title='bbox 3444 2905 3945 2979; x_wconf 88' lang='lat' dir='ltr'>qualemcumque</span> 
     </span>
    </p>
   </div>
   <div class='ocr_carea' id='block_1_91' title="bbox 2292 2988 3941 3052">
    <p class='ocr_par' dir='ltr' id='par_1_91' title="bbox 2292 2988 3941 3052">
     <span class='ocr_line' id='line_1_91' title="bbox 2292 2988 3941 3052; baseline 0.005 -10"><span class='ocrx_word' id='word_1_653' title='bbox 2292 2988 2647 3044; x_wconf 88' lang='lat' dir='ltr'>intellectum</span> <span class='ocrx_word' id='word_1_654' title='bbox 2666 3007 2859 3045; x_wconf 88' lang='lat' dir='ltr'>meum</span> <span class='ocrx_word' id='word_1_655' title='bbox 2874 2991 3171 3047; x_wconf 80' lang='lat' dir='ltr'>sufficiens</span> <span class='ocrx_word' id='word_1_656' title='bbox 3187 2992 3433 3049; x_wconf 89' lang='lat' dir='ltr'>elocutio</span> <span class='ocrx_word' id='word_1_657' title='bbox 3447 3012 3577 3050; x_wconf 89' lang='lat' dir='ltr'>mea</span> <span class='ocrx_word' id='word_1_658' title='bbox 3598 3000 3802 3050; x_wconf 86' lang='lat' dir='ltr'>secuta</span> <span class='ocrx_word' id='word_1_659' title='bbox 3827 3013 3941 3052; x_wconf 89' lang='lat' dir='ltr'>non</span> 
     </span>
    </p>
   </div>
   <div class='ocr_carea' id='block_1_92' title="bbox 2293 3077 3943 3153">
    <p class='ocr_par' dir='ltr' id='par_1_92' title="bbox 2293 3077 3943 3153">
     <span class='ocr_line' id='line_1_92' title="bbox 2293 3077 3943 3153; baseline 0.007 -23"><span class='ocrx_word' id='word_1_660' title='bbox 2293 3077 2500 3132; x_wconf 90' lang='lat' dir='ltr'>fuerit:</span> <span class='ocrx_word' id='word_1_661' title='bbox 2536 3079 2799 3150; x_wconf 83' lang='lat' dir='ltr'>quamvis</span> <span class='ocrx_word' id='word_1_662' title='bbox 2848 3084 2905 3135; x_wconf 88' lang='lat' dir='ltr'>et</span> <span class='ocrx_word' id='word_1_663' title='bbox 2951 3080 3007 3135; x_wconf 91' lang='lat' dir='ltr'>in</span> <span class='ocrx_word' id='word_1_664' title='bbox 3043 3081 3170 3153; x_wconf 90' lang='lat' dir='ltr'>ipso</span> <span class='ocrx_word' id='word_1_665' title='bbox 3210 3082 3501 3138; x_wconf 81' lang='lat' dir='ltr'>intellectu</span> <span class='ocrx_word' id='word_1_666' title='bbox 3534 3088 3814 3141; x_wconf 88' lang='lat' dir='ltr'>conatum</span> <span class='ocrx_word' id='word_1_667' title='bbox 3848 3102 3943 3141; x_wconf 86' lang='lat' dir='ltr'>me</span> 
     </span>
    </p>
   </div>
   <div class='ocr_carea' id='block_1_93' title="bbox 2288 3166 3942 3241">
    <p class='ocr_par' dir='ltr' id='par_1_93' title="bbox 2288 3166 3942 3241">
     <span class='ocr_line' id='line_1_93' title="bbox 2288 3166 3942 3241; baseline 0.005 -20"><span class='ocrx_word' id='word_1_668' title='bbox 2288 3166 2567 3221; x_wconf 88' lang='lat' dir='ltr'>senserim</span> <span class='ocrx_word' id='word_1_669' title='bbox 2604 3168 2790 3239; x_wconf 88' lang='lat' dir='ltr'>magis</span> <span class='ocrx_word' id='word_1_670' title='bbox 2824 3168 3097 3225; x_wconf 88' lang='lat' dir='ltr'>habuisse</span> <span class='ocrx_word' id='word_1_671' title='bbox 3128 3186 3302 3241; x_wconf 89' lang='lat' dir='ltr'>quam</span> <span class='ocrx_word' id='word_1_672' title='bbox 3333 3172 3705 3229; x_wconf 79' lang='lat' dir='ltr'>eﬂ‘ectum.Et</span> <span class='ocrx_word' id='word_1_673' title='bbox 3735 3174 3795 3229; x_wconf 91' lang='lat' dir='ltr'>in</span> <span class='ocrx_word' id='word_1_674' title='bbox 3821 3192 3942 3231; x_wconf 88' lang='lat' dir='ltr'>una</span> 
     </span>
    </p>
   </div>
   <div class='ocr_carea' id='block_1_94' title="bbox 2289 3255 3939 3336">
    <p class='ocr_par' dir='ltr' id='par_1_94' title="bbox 2289 3255 3939 3336">
     <span class='ocr_line' id='line_1_94' title="bbox 2289 3255 3939 3336; baseline 0.007 -28"><span class='ocrx_word' id='word_1_675' title='bbox 2289 3255 2519 3326; x_wconf 90' lang='lat' dir='ltr'>quidem</span> <span class='ocrx_word' id='word_1_676' title='bbox 2542 3273 2788 3325; x_wconf 88' lang='lat' dir='ltr'>persona</span> <span class='ocrx_word' id='word_1_677' title='bbox 2808 3258 2964 3330; x_wconf 86' lang='lat' dir='ltr'>quod</span> <span class='ocrx_word' id='word_1_678' title='bbox 2985 3263 3074 3314; x_wconf 91' lang='lat' dir='ltr'>est</span> <span class='ocrx_word' id='word_1_679' title='bbox 3093 3258 3266 3315; x_wconf 90' lang='lat' dir='ltr'>homo</span> <span class='ocrx_word' id='word_1_680' title='bbox 3290 3260 3580 3317; x_wconf 88' lang='lat' dir='ltr'>invenisse</span> <span class='ocrx_word' id='word_1_681' title='bbox 3610 3262 3939 3336; x_wconf 86' lang='lat' dir='ltr'>imaginem</span> 
     </span>
    </p>
   </div>
   <div class='ocr_carea' id='block_1_95' title="bbox 2287 3344 3943 3416">
    <p class='ocr_par' dir='ltr' id='par_1_95' title="bbox 2287 3344 3943 3416">
     <span class='ocr_line' id='line_1_95' title="bbox 2287 3344 3943 3416; baseline 0.007 -18"><span class='ocrx_word' id='word_1_682' title='bbox 2287 3360 2529 3399; x_wconf 61' lang='lat' dir='ltr'>summai</span> <span class='ocrx_word' id='word_1_683' title='bbox 2552 3344 2705 3400; x_wconf 86' lang='lat' dir='ltr'>illius</span> <span class='ocrx_word' id='word_1_684' title='bbox 2729 3346 3049 3416; x_wconf 91' lang='lat' dir='ltr'>Trinitatis,</span> <span class='ocrx_word' id='word_1_685' title='bbox 3066 3351 3122 3403; x_wconf 90' lang='lat' dir='ltr'>et</span> <span class='ocrx_word' id='word_1_686' title='bbox 3139 3347 3198 3403; x_wconf 91' lang='lat' dir='ltr'>in</span> <span class='ocrx_word' id='word_1_687' title='bbox 3219 3366 3278 3405; x_wconf 89' lang='lat' dir='ltr'>re</span> <span class='ocrx_word' id='word_1_688' title='bbox 3301 3350 3567 3405; x_wconf 86' lang='lat' dir='ltr'>mutabili</span> <span class='ocrx_word' id='word_1_689' title='bbox 3603 3352 3714 3407; x_wconf 88' lang='lat' dir='ltr'>tria</span> <span class='ocrx_word' id='word_1_690' title='bbox 3740 3351 3839 3407; x_wconf 92' lang='lat' dir='ltr'>illa</span> <span class='ocrx_word' id='word_1_691' title='bbox 3871 3357 3943 3409; x_wconf 84' lang='lat' dir='ltr'>ut</span> 
     </span>
    </p>
   </div>
   <div class='ocr_carea' id='block_1_96' title="bbox 2287 3431 3941 3512">
    <p class='ocr_par' dir='ltr' id='par_1_96' title="bbox 2287 3431 3941 3512">
     <span class='ocr_line' id='line_1_96' title="bbox 2287 3431 3941 3512; baseline 0.007 -26"><span class='ocrx_word' id='word_1_692' title='bbox 2287 3431 2515 3488; x_wconf 87' lang='lat' dir='ltr'>facilius</span> <span class='ocrx_word' id='word_1_693' title='bbox 2538 3433 2782 3507; x_wconf 88' lang='lat' dir='ltr'>intelligi</span> <span class='ocrx_word' id='word_1_694' title='bbox 2803 3436 3230 3506; x_wconf 90' lang='lat' dir='ltr'>possint,etiam</span> <span class='ocrx_word' id='word_1_695' title='bbox 3264 3455 3365 3510; x_wconf 89' lang='lat' dir='ltr'>per</span> <span class='ocrx_word' id='word_1_696' title='bbox 3386 3440 3733 3512; x_wconf 84' lang='lat' dir='ltr'>temporalia</span> <span class='ocrx_word' id='word_1_697' title='bbox 3757 3441 3941 3498; x_wconf 74' lang='lat' dir='ltr'>inter~</span> 
     </span>
    </p>
   </div>
   <div class='ocr_carea' id='block_1_97' title="bbox 2284 3520 3938 3587">
    <p class='ocr_par' dir='ltr' id='par_1_97' title="bbox 2284 3520 3938 3587">
     <span class='ocr_line' id='line_1_97' title="bbox 2284 3520 3938 3587; baseline 0.007 -12"><span class='ocrx_word' id='word_1_698' title='bbox 2284 3520 2429 3576; x_wconf 86' lang='lat' dir='ltr'>valla</span> <span class='ocrx_word' id='word_1_699' title='bbox 2463 3523 2711 3578; x_wconf 85' lang='lat' dir='ltr'>maxime</span> <span class='ocrx_word' id='word_1_700' title='bbox 2740 3524 2799 3579; x_wconf 92' lang='lat' dir='ltr'>in</span> <span class='ocrx_word' id='word_1_701' title='bbox 2822 3523 2969 3580; x_wconf 93' lang='lat' dir='ltr'>libro</span> <span class='ocrx_word' id='word_1_702' title='bbox 3003 3542 3151 3582; x_wconf 91' lang='lat' dir='ltr'>nono</span> <span class='ocrx_word' id='word_1_703' title='bbox 3183 3533 3511 3584; x_wconf 86' lang='lat' dir='ltr'>monstrare</span> <span class='ocrx_word' id='word_1_704' title='bbox 3534 3529 3938 3587; x_wconf 89' lang='lat' dir='ltr'>voluisse.Sed</span> 
     </span>
    </p>
   </div>
   <div class='ocr_carea' id='block_1_98' title="bbox 2285 3609 3939 3689">
    <p class='ocr_par' dir='ltr' id='par_1_98' title="bbox 2285 3609 3939 3689">
     <span class='ocr_line' id='line_1_98' title="bbox 2285 3609 3939 3689; baseline 0.006 -25"><span class='ocrx_word' id='word_1_705' title='bbox 2285 3609 2395 3665; x_wconf 90' lang='lat' dir='ltr'>tria</span> <span class='ocrx_word' id='word_1_706' title='bbox 2430 3611 2605 3666; x_wconf 90' lang='lat' dir='ltr'>unius</span> <span class='ocrx_word' id='word_1_707' title='bbox 2635 3628 3035 3683; x_wconf 73' lang='lat' dir='ltr'>persunze,non</span> <span class='ocrx_word' id='word_1_708' title='bbox 3066 3614 3217 3670; x_wconf 91' lang='lat' dir='ltr'>sicut</span> <span class='ocrx_word' id='word_1_709' title='bbox 3241 3615 3501 3672; x_wconf 89' lang='lat' dir='ltr'>humana</span> <span class='ocrx_word' id='word_1_710' title='bbox 3532 3617 3721 3689; x_wconf 86' lang='lat' dir='ltr'>poscit</span> <span class='ocrx_word' id='word_1_711' title='bbox 3742 3620 3939 3674; x_wconf 88' lang='lat' dir='ltr'>inten-</span> 
     </span>
    </p>
   </div>
   <div class='ocr_carea' id='block_1_99' title="bbox 2285 3699 3940 3777">
    <p class='ocr_par' dir='ltr' id='par_1_99' title="bbox 2285 3699 3940 3777">
     <span class='ocr_line' id='line_1_99' title="bbox 2285 3699 3940 3777; baseline 0.005 -22"><span class='ocrx_word' id='word_1_712' title='bbox 2285 3699 2385 3766; x_wconf 90' lang='lat' dir='ltr'>tio,</span> <span class='ocrx_word' id='word_1_713' title='bbox 2420 3700 2609 3756; x_wconf 89' lang='lat' dir='ltr'>tribus</span> <span class='ocrx_word' id='word_1_714' title='bbox 2639 3699 2754 3756; x_wconf 92' lang='lat' dir='ltr'>illis</span> <span class='ocrx_word' id='word_1_715' title='bbox 2786 3702 3049 3773; x_wconf 89' lang='lat' dir='ltr'>personis</span> <span class='ocrx_word' id='word_1_716' title='bbox 3080 3704 3385 3760; x_wconf 88' lang='lat' dir='ltr'>convenire</span> <span class='ocrx_word' id='word_1_717' title='bbox 3404 3710 3748 3777; x_wconf 89' lang='lat' dir='ltr'>potuerunt,</span> <span class='ocrx_word' id='word_1_718' title='bbox 3781 3708 3940 3763; x_wconf 89' lang='lat' dir='ltr'>sicut</span> 
     </span>
    </p>
   </div>
   <div class='ocr_carea' id='block_1_100' title="bbox 2280 3787 3735 3861">
    <p class='ocr_par' dir='ltr' id='par_1_100' title="bbox 2280 3787 3735 3861">
     <span class='ocr_line' id='line_1_100' title="bbox 2280 3787 3735 3861; baseline 0.005 -19"><span class='ocrx_word' id='word_1_719' title='bbox 2280 3788 2338 3842; x_wconf 92' lang='lat' dir='ltr'>in</span> <span class='ocrx_word' id='word_1_720' title='bbox 2372 3787 2479 3843; x_wconf 88' lang='lat' dir='ltr'>hoc</span> <span class='ocrx_word' id='word_1_721' title='bbox 2508 3788 2656 3845; x_wconf 88' lang='lat' dir='ltr'>libro</span> <span class='ocrx_word' id='word_1_722' title='bbox 2688 3790 2893 3861; x_wconf 91' lang='lat' dir='ltr'>quinto</span> <span class='ocrx_word' id='word_1_723' title='bbox 2924 3791 3145 3847; x_wconf 92' lang='lat' dir='ltr'>decimo</span> <span class='ocrx_word' id='word_1_724' title='bbox 3177 3793 3735 3851; x_wconf 90' lang='lat' dir='ltr'>demonstravimus.</span> 
     </span>
    </p>
   </div>
   <div class='ocr_carea' id='block_1_101' title="bbox 2351 3877 3940 3952">
    <p class='ocr_par' dir='ltr' id='par_1_101' title="bbox 2351 3877 3940 3952">
     <span class='ocr_line' id='line_1_101' title="bbox 2351 3877 3940 3952; baseline 0.006 -21"><span class='ocrx_word' id='word_1_725' title='bbox 2351 3877 2587 3933; x_wconf 81' lang='lat' dir='ltr'>CAPUT</span> <span class='ocrx_word' id='word_1_726' title='bbox 2614 3878 2803 3933; x_wconf 83' lang='lat' dir='ltr'><strong>XXVI.</strong></span> <span class='ocrx_word' id='word_1_727' title='bbox 2837 3911 2905 3920; x_wconf 97' lang='lat'><strong>—</strong></span> <span class='ocrx_word' id='word_1_728' title='bbox 2961 3880 3200 3952; x_wconf 80' lang='lat' dir='ltr'>Spiritus</span> <span class='ocrx_word' id='word_1_729' title='bbox 3243 3887 3467 3938; x_wconf 79' lang='lat' dir='ltr'>sanctus</span> <span class='ocrx_word' id='word_1_730' title='bbox 3514 3900 3553 3939; x_wconf 85' lang='grc' dir='ltr'><em>α</em></span> <span class='ocrx_word' id='word_1_731' title='bbox 3599 3884 3824 3940; x_wconf 78' lang='lat' dir='ltr'>Christo</span> <span class='ocrx_word' id='word_1_732' title='bbox 3856 3886 3940 3941; x_wconf 77' lang='lat' dir='ltr'>bis</span> 
     </span>
    </p>
   </div>
   <div class='ocr_carea' id='block_1_102' title="bbox 2279 3965 3941 4039">
    <p class='ocr_par' dir='ltr' id='par_1_102' title="bbox 2279 3965 3941 4039">
     <span class='ocr_line' id='line_1_102' title="bbox 2279 3965 3941 4039; baseline 0.006 -20"><span class='ocrx_word' id='word_1_733' title='bbox 2279 3965 2456 4020; x_wconf 83' lang='lat' dir='ltr'>datus.</span> <span class='ocrx_word' id='word_1_734' title='bbox 2492 3969 2772 4023; x_wconf 84' lang='lat' dir='ltr'>Processio</span> <span class='ocrx_word' id='word_1_735' title='bbox 2801 3967 3042 4039; x_wconf 80' lang='lat' dir='ltr'>Spiritus</span> <span class='ocrx_word' id='word_1_736' title='bbox 3074 3971 3249 4026; x_wconf 80' lang='lat' dir='ltr'>sancti</span> <span class='ocrx_word' id='word_1_737' title='bbox 3275 3988 3307 4026; x_wconf 91' lang='lat' dir='ltr'>a</span> <span class='ocrx_word' id='word_1_738' title='bbox 3338 3973 3506 4027; x_wconf 81' lang='lat' dir='ltr'>Patre</span> <span class='ocrx_word' id='word_1_739' title='bbox 3535 3976 3588 4027; x_wconf 85' lang='lat' dir='ltr'>et</span> <span class='ocrx_word' id='word_1_740' title='bbox 3615 3989 3648 4027; x_wconf 88' lang='lat' dir='ltr'>a</span> <span class='ocrx_word' id='word_1_741' title='bbox 3679 3974 3828 4028; x_wconf 77' lang='lat' dir='ltr'>Filio</span> <span class='ocrx_word' id='word_1_742' title='bbox 3859 3984 3941 4030; x_wconf 85' lang='lat' dir='ltr'>est</span> 
     </span>
    </p>
   </div>
   <div class='ocr_carea' id='block_1_103' title="bbox 2278 4056 3935 4133">
    <p class='ocr_par' dir='ltr' id='par_1_103' title="bbox 2278 4056 3935 4133">
     <span class='ocr_line' id='line_1_103' title="bbox 2278 4056 3935 4133; baseline 0.006 -25"><span class='ocrx_word' id='word_1_743' title='bbox 2278 4056 2398 4109; x_wconf 86' lang='lat' dir='ltr'>sine</span> <span class='ocrx_word' id='word_1_744' title='bbox 2420 4064 2784 4126; x_wconf 84' lang='lat' dir='ltr'>tempore,nec</span> <span class='ocrx_word' id='word_1_745' title='bbox 2811 4060 3096 4113; x_wconf 88' lang='lat' dir='ltr'>amborum</span> <span class='ocrx_word' id='word_1_746' title='bbox 3126 4060 3276 4130; x_wconf 80' lang='lat' dir='ltr'>ﬁlius</span> <span class='ocrx_word' id='word_1_747' title='bbox 3303 4060 3417 4115; x_wconf 87' lang='lat' dir='ltr'>dici</span> <span class='ocrx_word' id='word_1_748' title='bbox 3429 4061 3851 4133; x_wconf 83' lang='lat' dir='ltr'>potest.Deinde</span> <span class='ocrx_word' id='word_1_749' title='bbox 3874 4063 3935 4118; x_wconf 90' lang='lat' dir='ltr'>in</span> 
     </span>
    </p>
   </div>
   <div class='ocr_carea' id='block_1_104' title="bbox 2278 4142 3929 4223">
    <p class='ocr_par' dir='ltr' id='par_1_104' title="bbox 2278 4142 3929 4223">
     <span class='ocr_line' id='line_1_104' title="bbox 2278 4142 3929 4223; baseline 0.006 -26"><span class='ocrx_word' id='word_1_750' title='bbox 2278 4142 2378 4197; x_wconf 89' lang='lat' dir='ltr'>illa</span> <span class='ocrx_word' id='word_1_751' title='bbox 2392 4160 2625 4199; x_wconf 90' lang='lat' dir='ltr'>summa</span> <span class='ocrx_word' id='word_1_752' title='bbox 2643 4144 2923 4201; x_wconf 89' lang='lat' dir='ltr'>Trinitate</span> <span class='ocrx_word' id='word_1_753' title='bbox 2944 4163 3069 4218; x_wconf 68' lang='lat' dir='ltr'>qua:</span> <span class='ocrx_word' id='word_1_754' title='bbox 3088 4147 3240 4204; x_wconf 90' lang='lat' dir='ltr'>Deus</span> <span class='ocrx_word' id='word_1_755' title='bbox 3259 4149 3679 4216; x_wconf 85' lang='lat' dir='ltr'>est,intervalla</span> <span class='ocrx_word' id='word_1_756' title='bbox 3698 4156 3815 4206; x_wconf 88' lang='lat' dir='ltr'>tem</span> <span class='ocrx_word' id='word_1_757' title='bbox 3824 4168 3929 4223; x_wconf 82' lang='lat' dir='ltr'>po-</span> 
     </span>
    </p>
   </div>
   <div class='ocr_carea' id='block_1_105' title="bbox 2278 4231 3925 4308">
    <p class='ocr_par' dir='ltr' id='par_1_105' title="bbox 2278 4231 3925 4308">
     <span class='ocr_line' id='line_1_105' title="bbox 2278 4231 3925 4308; baseline 0.007 -24"><span class='ocrx_word' id='word_1_758' title='bbox 2278 4247 2407 4287; x_wconf 91' lang='lat' dir='ltr'>rum</span> <span class='ocrx_word' id='word_1_759' title='bbox 2443 4231 2601 4287; x_wconf 92' lang='lat' dir='ltr'>nulla</span> <span class='ocrx_word' id='word_1_760' title='bbox 2631 4237 2787 4303; x_wconf 90' lang='lat' dir='ltr'>sunt,</span> <span class='ocrx_word' id='word_1_761' title='bbox 2820 4251 2947 4306; x_wconf 74' lang='lat' dir='ltr'>quae</span> <span class='ocrx_word' id='word_1_762' title='bbox 2976 4252 3077 4307; x_wconf 91' lang='lat' dir='ltr'>per</span> <span class='ocrx_word' id='word_1_763' title='bbox 3110 4238 3293 4308; x_wconf 87' lang='lat' dir='ltr'>possit</span> <span class='ocrx_word' id='word_1_764' title='bbox 3320 4239 3548 4294; x_wconf 88' lang='lat' dir='ltr'>ostendi</span> <span class='ocrx_word' id='word_1_765' title='bbox 3580 4243 3683 4293; x_wconf 90' lang='lat' dir='ltr'>aut</span> <span class='ocrx_word' id='word_1_766' title='bbox 3709 4237 3925 4296; x_wconf 87' lang='lat' dir='ltr'>saltem</span> 
     </span>
    </p>
   </div>
   <div class='ocr_carea' id='block_1_106' title="bbox 2278 4319 3932 4395">
    <p class='ocr_par' dir='ltr' id='par_1_106' title="bbox 2278 4319 3932 4395">
     <span class='ocr_line' id='line_1_106' title="bbox 2278 4319 3932 4395; baseline 0.007 -22"><span class='ocrx_word' id='word_1_767' title='bbox 2278 4319 2516 4391; x_wconf 82' lang='lat' dir='ltr'>requiri,</span> <span class='ocrx_word' id='word_1_768' title='bbox 2548 4325 2743 4377; x_wconf 88' lang='lat' dir='ltr'>utrum</span> <span class='ocrx_word' id='word_1_769' title='bbox 2778 4323 2940 4395; x_wconf 89' lang='lat' dir='ltr'>prius</span> <span class='ocrx_word' id='word_1_770' title='bbox 2972 4326 3042 4380; x_wconf 92' lang='lat' dir='ltr'>de</span> <span class='ocrx_word' id='word_1_771' title='bbox 3073 4325 3238 4383; x_wconf 89' lang='lat' dir='ltr'>Patre</span> <span class='ocrx_word' id='word_1_772' title='bbox 3269 4330 3440 4382; x_wconf 87' lang='lat' dir='ltr'>natus</span> <span class='ocrx_word' id='word_1_773' title='bbox 3484 4327 3562 4382; x_wconf 90' lang='lat' dir='ltr'>sit</span> <span class='ocrx_word' id='word_1_774' title='bbox 3612 4327 3819 4394; x_wconf 88' lang='lat' dir='ltr'>Filius,</span> <span class='ocrx_word' id='word_1_775' title='bbox 3872 4334 3932 4385; x_wconf 87' lang='lat' dir='ltr'>et</span> 
     </span>
    </p>
   </div>
   <div class='ocr_carea' id='block_1_107' title="bbox 2278 4410 3928 4487">
    <p class='ocr_par' dir='ltr' id='par_1_107' title="bbox 2278 4410 3928 4487">
     <span class='ocr_line' id='line_1_107' title="bbox 2278 4410 3928 4487; baseline 0.007 -25"><span class='ocrx_word' id='word_1_776' title='bbox 2278 4412 2477 4479; x_wconf 90' lang='lat' dir='ltr'>postea</span> <span class='ocrx_word' id='word_1_777' title='bbox 2528 4410 2597 4464; x_wconf 89' lang='lat' dir='ltr'>de</span> <span class='ocrx_word' id='word_1_778' title='bbox 2653 4411 2940 4468; x_wconf 89' lang='lat' dir='ltr'>ambobus</span> <span class='ocrx_word' id='word_1_779' title='bbox 2990 4414 3336 4485; x_wconf 75' lang='lat' dir='ltr'>processerit</span> <span class='ocrx_word' id='word_1_780' title='bbox 3377 4414 3630 4487; x_wconf 89' lang='lat' dir='ltr'>Spiritus</span> <span class='ocrx_word' id='word_1_781' title='bbox 3661 4421 3928 4473; x_wconf 89' lang='lat' dir='ltr'>sanctus.</span> 
     </span>
    </p>
   </div>
   <div class='ocr_carea' id='block_1_108' title="bbox 2277 4495 3933 4575">
    <p class='ocr_par' dir='ltr' id='par_1_108' title="bbox 2277 4495 3933 4575">
     <span class='ocr_line' id='line_1_108' title="bbox 2277 4495 3933 4575; baseline 0.008 -26"><span class='ocrx_word' id='word_1_782' title='bbox 2277 4495 2559 4558; x_wconf 89' lang='lat' dir='ltr'>Quoniam</span> <span class='ocrx_word' id='word_1_783' title='bbox 2575 4497 3087 4571; x_wconf 89' lang='lat' dir='ltr'>Scripturasancta</span> <span class='ocrx_word' id='word_1_784' title='bbox 3107 4502 3385 4575; x_wconf 89' lang='lat' dir='ltr'>Spiritum</span> <span class='ocrx_word' id='word_1_785' title='bbox 3412 4519 3546 4559; x_wconf 89' lang='lat' dir='ltr'>eum</span> <span class='ocrx_word' id='word_1_786' title='bbox 3573 4504 3933 4562; x_wconf 83' lang='lat' dir='ltr'>dicitambo-</span> 
     </span>
    </p>
   </div>
   <div class='ocr_carea' id='block_1_109' title="bbox 2278 4587 3932 4663">
    <p class='ocr_par' dir='ltr' id='par_1_109' title="bbox 2278 4587 3932 4663">
     <span class='ocr_line' id='line_1_109' title="bbox 2278 4587 3932 4663; baseline 0.006 -24"><span class='ocrx_word' id='word_1_787' title='bbox 2278 4587 2566 4658; x_wconf 90' lang='lat' dir='ltr'>rum.lpse</span> <span class='ocrx_word' id='word_1_788' title='bbox 2596 4591 2685 4641; x_wconf 90' lang='lat' dir='ltr'>est</span> <span class='ocrx_word' id='word_1_789' title='bbox 2713 4589 2869 4642; x_wconf 91' lang='lat' dir='ltr'>enim</span> <span class='ocrx_word' id='word_1_790' title='bbox 2901 4589 2972 4644; x_wconf 88' lang='lat' dir='ltr'>de</span> <span class='ocrx_word' id='word_1_791' title='bbox 2998 4606 3110 4661; x_wconf 91' lang='lat' dir='ltr'>quo</span> <span class='ocrx_word' id='word_1_792' title='bbox 3143 4590 3283 4646; x_wconf 90' lang='lat' dir='ltr'>dicit</span> <span class='ocrx_word' id='word_1_793' title='bbox 3299 4591 3932 4663; x_wconf 83' lang='lat' dir='ltr'>Apostolus,Quoniam</span> 
     </span>
    </p>
   </div>
   <div class='ocr_carea' id='block_1_110' title="bbox 2275 4674 3931 4748">
    <p class='ocr_par' dir='ltr' id='par_1_110' title="bbox 2275 4674 3931 4748">
     <span class='ocr_line' id='line_1_110' title="bbox 2275 4674 3931 4748; baseline 0.008 -22"><span class='ocrx_word' id='word_1_794' title='bbox 2275 4680 2454 4728; x_wconf 84' lang='lat' dir='ltr'>autem</span> <span class='ocrx_word' id='word_1_795' title='bbox 2483 4676 2610 4729; x_wconf 80' lang='lat' dir='ltr'>estis</span> <span class='ocrx_word' id='word_1_796' title='bbox 2635 4674 2919 4744; x_wconf 85' lang='lat' dir='ltr'>ﬁtii,misit</span> <span class='ocrx_word' id='word_1_797' title='bbox 2950 4679 3085 4733; x_wconf 85' lang='lat' dir='ltr'>Deus</span> <span class='ocrx_word' id='word_1_798' title='bbox 3106 4677 3379 4748; x_wconf 85' lang='lat' dir='ltr'>Spiritum</span> <span class='ocrx_word' id='word_1_799' title='bbox 3405 4681 3542 4736; x_wconf 82' lang='lat' dir='ltr'>Filii</span> <span class='ocrx_word' id='word_1_800' title='bbox 3566 4682 3657 4736; x_wconf 85' lang='lat' dir='ltr'>sui</span> <span class='ocrx_word' id='word_1_801' title='bbox 3676 4682 3741 4735; x_wconf 84' lang='lat' dir='ltr'>in</span> <span class='ocrx_word' id='word_1_802' title='bbox 3760 4682 3931 4738; x_wconf 84' lang='lat' dir='ltr'>corda</span> 
     </span>
    </p>
   </div>
   <div class='ocr_carea' id='block_1_111' title="bbox 2274 4762 3929 4839">
    <p class='ocr_par' dir='ltr' id='par_1_111' title="bbox 2274 4762 3929 4839">
     <span class='ocr_line' id='line_1_111' title="bbox 2274 4762 3929 4839; baseline 0.007 -23"><span class='ocrx_word' id='word_1_803' title='bbox 2274 4766 2454 4817; x_wconf 77' lang='lat' dir='ltr'>vestra</span> <span class='ocrx_word' id='word_1_804' title='bbox 2501 4762 2699 4834; x_wconf 87' lang='lat' dir='ltr'>(Galat.</span> <span class='ocrx_word' id='word_1_805' title='bbox 2735 4782 2808 4832; x_wconf 81' lang='grc' dir='ltr'>ιν,</span> <span class='ocrx_word' id='word_1_806' title='bbox 2840 4766 2929 4835; x_wconf 88' lang='lat'>6):</span> <span class='ocrx_word' id='word_1_807' title='bbox 2975 4770 3031 4821; x_wconf 89' lang='lat' dir='ltr'>et</span> <span class='ocrx_word' id='word_1_808' title='bbox 3070 4766 3194 4839; x_wconf 90' lang='lat' dir='ltr'>ipse</span> <span class='ocrx_word' id='word_1_809' title='bbox 3225 4774 3313 4823; x_wconf 89' lang='lat' dir='ltr'>est</span> <span class='ocrx_word' id='word_1_810' title='bbox 3350 4770 3421 4824; x_wconf 87' lang='lat' dir='ltr'>de</span> <span class='ocrx_word' id='word_1_811' title='bbox 3448 4786 3562 4839; x_wconf 91' lang='lat' dir='ltr'>quo</span> <span class='ocrx_word' id='word_1_812' title='bbox 3595 4769 3741 4824; x_wconf 90' lang='lat' dir='ltr'>dicit</span> <span class='ocrx_word' id='word_1_813' title='bbox 3769 4772 3929 4828; x_wconf 86' lang='lat' dir='ltr'>idem</span> 
     </span>
    </p>
   </div>
   <div class='ocr_carea' id='block_1_112' title="bbox 2278 4849 3932 4929">
    <p class='ocr_par' dir='ltr' id='par_1_112' title="bbox 2278 4849 3932 4929">
     <span class='ocr_line' id='line_1_112' title="bbox 2278 4849 3932 4929; baseline 0.007 -24"><span class='ocrx_word' id='word_1_814' title='bbox 2278 4849 2604 4920; x_wconf 84' lang='lat' dir='ltr'>Filius,Non</span> <span class='ocrx_word' id='word_1_815' title='bbox 2632 4854 2779 4907; x_wconf 85' lang='lat' dir='ltr'>enim</span> <span class='ocrx_word' id='word_1_816' title='bbox 2809 4870 2899 4909; x_wconf 87' lang='lat' dir='ltr'>vos</span> <span class='ocrx_word' id='word_1_817' title='bbox 2928 4859 3055 4910; x_wconf 87' lang='lat' dir='ltr'>estis</span> <span class='ocrx_word' id='word_1_818' title='bbox 3085 4859 3186 4927; x_wconf 86' lang='lat' dir='ltr'>qui</span> <span class='ocrx_word' id='word_1_819' title='bbox 3205 4858 3540 4928; x_wconf 82' lang='lat' dir='ltr'>loquimini;</span> <span class='ocrx_word' id='word_1_820' title='bbox 3566 4860 3663 4913; x_wconf 86' lang='lat' dir='ltr'>sed</span> <span class='ocrx_word' id='word_1_821' title='bbox 3683 4860 3932 4929; x_wconf 79' lang='lat' dir='ltr'>Spiritus</span> 
     </span>
    </p>
   </div>
   <div class='ocr_carea' id='block_1_113' title="bbox 2275 4941 3933 5019">
    <p class='ocr_par' dir='ltr' id='par_1_113' title="bbox 2275 4941 3933 5019">
     <span class='ocr_line' id='line_1_113' title="bbox 2275 4941 3933 5019; baseline 0.008 -26"><span class='ocrx_word' id='word_1_822' title='bbox 2275 4941 2461 4995; x_wconf 86' lang='lat' dir='ltr'>Patris</span> <span class='ocrx_word' id='word_1_823' title='bbox 2490 4942 2676 5007; x_wconf 87' lang='lat' dir='ltr'>vestri,</span> <span class='ocrx_word' id='word_1_824' title='bbox 2708 4943 2801 5013; x_wconf 88' lang='lat' dir='ltr'>qui</span> <span class='ocrx_word' id='word_1_825' title='bbox 2831 4943 3074 5013; x_wconf 78' lang='lat' dir='ltr'>loquitur</span> <span class='ocrx_word' id='word_1_826' title='bbox 3105 4947 3164 4999; x_wconf 90' lang='lat' dir='ltr'>in</span> <span class='ocrx_word' id='word_1_827' title='bbox 3194 4946 3345 5000; x_wconf 84' lang='lat' dir='ltr'>vobis</span> <span class='ocrx_word' id='word_1_828' title='bbox 3376 4947 3581 5017; x_wconf 76' lang='lat' dir='ltr'>(Matth.</span> <span class='ocrx_word' id='word_1_829' title='bbox 3616 4964 3674 5014; x_wconf 81' lang='lat' dir='ltr'>x,</span> <span class='ocrx_word' id='word_1_830' title='bbox 3713 4950 3830 5019; x_wconf 83' lang='lat'>20).</span> <span class='ocrx_word' id='word_1_831' title='bbox 3864 4950 3933 5006; x_wconf 86' lang='lat' dir='ltr'>Et</span> 
     </span>
    </p>
   </div>
   <div class='ocr_carea' id='block_1_114' title="bbox 2276 5027 3923 5105">
    <p class='ocr_par' dir='ltr' id='par_1_114' title="bbox 2276 5027 3923 5105">
     <span class='ocr_line' id='line_1_114' title="bbox 2276 5027 3923 5105; baseline 0.008 -24"><span class='ocrx_word' id='word_1_832' title='bbox 2276 5027 2479 5083; x_wconf 90' lang='lat' dir='ltr'>multis</span> <span class='ocrx_word' id='word_1_833' title='bbox 2499 5028 2631 5084; x_wconf 89' lang='lat' dir='ltr'>aliis</span> <span class='ocrx_word' id='word_1_834' title='bbox 2652 5029 2977 5087; x_wconf 90' lang='lat' dir='ltr'>divinorum</span> <span class='ocrx_word' id='word_1_835' title='bbox 3001 5033 3365 5105; x_wconf 89' lang='lat' dir='ltr'>eloquiorum</span> <span class='ocrx_word' id='word_1_836' title='bbox 3391 5035 3749 5092; x_wconf 86' lang='lat' dir='ltr'>testimoniis</span> <span class='ocrx_word' id='word_1_837' title='bbox 3764 5054 3923 5093; x_wconf 78' lang='lat' dir='ltr'>com-</span> 
     </span>
    </p>
   </div>
   <div class='ocr_carea' id='block_1_115' title="bbox 2274 5116 3923 5198">
    <p class='ocr_par' dir='ltr' id='par_1_115' title="bbox 2274 5116 3923 5198">
     <span class='ocr_line' id='line_1_115' title="bbox 2274 5116 3923 5198; baseline 0.007 -28"><span class='ocrx_word' id='word_1_838' title='bbox 2274 5116 2553 5188; x_wconf 85' lang='lat' dir='ltr'>probatur</span> <span class='ocrx_word' id='word_1_839' title='bbox 2582 5118 2769 5173; x_wconf 89' lang='lat' dir='ltr'>Patris</span> <span class='ocrx_word' id='word_1_840' title='bbox 2820 5125 2875 5174; x_wconf 92' lang='lat' dir='ltr'>et</span> <span class='ocrx_word' id='word_1_841' title='bbox 2906 5120 3035 5175; x_wconf 89' lang='lat' dir='ltr'>Filii</span> <span class='ocrx_word' id='word_1_842' title='bbox 3067 5138 3194 5177; x_wconf 89' lang='lat' dir='ltr'>esse</span> <span class='ocrx_word' id='word_1_843' title='bbox 3223 5123 3528 5194; x_wconf 90' lang='lat' dir='ltr'>Spiritum,</span> <span class='ocrx_word' id='word_1_844' title='bbox 3554 5124 3651 5195; x_wconf 91' lang='lat' dir='ltr'>qui</span> <span class='ocrx_word' id='word_1_845' title='bbox 3685 5126 3923 5198; x_wconf 89' lang='lat' dir='ltr'>proprie</span> 
     </span>
    </p>
   </div>
   <div class='ocr_carea' id='block_1_116' title="bbox 2273 5204 3919 5284">
    <p class='ocr_par' dir='ltr' id='par_1_116' title="bbox 2273 5204 3919 5284">
     <span class='ocr_line' id='line_1_116' title="bbox 2273 5204 3919 5284; baseline 0.008 -26"><span class='ocrx_word' id='word_1_846' title='bbox 2273 5204 2487 5259; x_wconf 90' lang='lat' dir='ltr'>dicitur</span> <span class='ocrx_word' id='word_1_847' title='bbox 2517 5206 2572 5259; x_wconf 91' lang='lat' dir='ltr'>in</span> <span class='ocrx_word' id='word_1_848' title='bbox 2607 5207 2888 5263; x_wconf 89' lang='lat' dir='ltr'>Trinitate</span> <span class='ocrx_word' id='word_1_849' title='bbox 2919 5209 3169 5280; x_wconf 90' lang='lat' dir='ltr'>Spiritus</span> <span class='ocrx_word' id='word_1_850' title='bbox 3209 5215 3489 5268; x_wconf 88' lang='lat' dir='ltr'>sanctus:</span> <span class='ocrx_word' id='word_1_851' title='bbox 3524 5213 3595 5267; x_wconf 90' lang='lat' dir='ltr'>de</span> <span class='ocrx_word' id='word_1_852' title='bbox 3625 5230 3745 5284; x_wconf 89' lang='lat' dir='ltr'>quo</span> <span class='ocrx_word' id='word_1_853' title='bbox 3778 5214 3919 5271; x_wconf 87' lang='lat' dir='ltr'>item</span> 
     </span>
    </p>
   </div>
   <div class='ocr_carea' id='block_1_117' title="bbox 2273 5293 3929 5371">
    <p class='ocr_par' dir='ltr' id='par_1_117' title="bbox 2273 5293 3929 5371">
     <span class='ocr_line' id='line_1_117' title="bbox 2273 5293 3929 5371; baseline 0.007 -24"><span class='ocrx_word' id='word_1_854' title='bbox 2273 5293 2417 5349; x_wconf 91' lang='lat' dir='ltr'>dicit</span> <span class='ocrx_word' id='word_1_855' title='bbox 2468 5294 2593 5366; x_wconf 91' lang='lat' dir='ltr'>ipse</span> <span class='ocrx_word' id='word_1_856' title='bbox 2644 5295 2845 5362; x_wconf 89' lang='lat' dir='ltr'>Filius,</span> <span class='ocrx_word' id='word_1_857' title='bbox 2896 5298 3065 5365; x_wconf 83' lang='lat' dir='ltr'>Quem</span> <span class='ocrx_word' id='word_1_858' title='bbox 3123 5316 3218 5371; x_wconf 87' lang='lat' dir='ltr'>ego</span> <span class='ocrx_word' id='word_1_859' title='bbox 3256 5301 3469 5356; x_wconf 87' lang='lat' dir='ltr'>mittam</span> <span class='ocrx_word' id='word_1_860' title='bbox 3518 5302 3732 5357; x_wconf 85' lang='lat' dir='ltr'>vobisa</span> <span class='ocrx_word' id='word_1_861' title='bbox 3762 5304 3929 5360; x_wconf 76' lang='lat' dir='ltr'>Patre</span> 
     </span>
    </p>
   </div>
   <div class='ocr_carea' id='block_1_118' title="bbox 2274 5382 3924 5456">
    <p class='ocr_par' dir='ltr' id='par_1_118' title="bbox 2274 5382 3924 5456">
     <span class='ocr_line' id='line_1_118' title="bbox 2274 5382 3924 5456; baseline 0.007 -20"><span class='ocrx_word' id='word_1_862' title='bbox 2274 5382 2450 5452; x_wconf 83' lang='lat' dir='ltr'>(Joan.</span> <span class='ocrx_word' id='word_1_863' title='bbox 2482 5399 2571 5451; x_wconf 85' lang='lat' dir='ltr'>xv,</span> <span class='ocrx_word' id='word_1_864' title='bbox 2604 5384 2737 5451; x_wconf 85' lang='lat'>26);</span> <span class='ocrx_word' id='word_1_865' title='bbox 2770 5390 2826 5439; x_wconf 90' lang='lat' dir='ltr'>et</span> <span class='ocrx_word' id='word_1_866' title='bbox 2855 5384 2968 5440; x_wconf 91' lang='lat' dir='ltr'>alio</span> <span class='ocrx_word' id='word_1_867' title='bbox 2999 5385 3144 5454; x_wconf 92' lang='lat' dir='ltr'>loco,</span> <span class='ocrx_word' id='word_1_868' title='bbox 3191 5389 3361 5456; x_wconf 87' lang='lat' dir='ltr'>Quem</span> <span class='ocrx_word' id='word_1_869' title='bbox 3408 5392 3591 5447; x_wconf 84' lang='lat' dir='ltr'>mittet</span> <span class='ocrx_word' id='word_1_870' title='bbox 3634 5397 3810 5448; x_wconf 86' lang='lat' dir='ltr'>Pater</span> <span class='ocrx_word' id='word_1_871' title='bbox 3865 5394 3924 5447; x_wconf 85' lang='lat' dir='ltr'>in</span> 
     </span>
    </p>
   </div>
   <div class='ocr_carea' id='block_1_119' title="bbox 2269 5472 3922 5554">
    <p class='ocr_par' dir='ltr' id='par_1_119' title="bbox 2269 5472 3922 5554">
     <span class='ocr_line' id='line_1_119' title="bbox 2269 5472 3922 5554; baseline 0.009 -30"><span class='ocrx_word' id='word_1_872' title='bbox 2269 5472 2490 5528; x_wconf 80' lang='lat' dir='ltr'>nomine</span> <span class='ocrx_word' id='word_1_873' title='bbox 2517 5488 2635 5528; x_wconf 88' lang='lat' dir='ltr'>meo</span> <span class='ocrx_word' id='word_1_874' title='bbox 2666 5472 2764 5544; x_wconf 88' lang='lat' dir='ltr'>(Id.</span> <span class='ocrx_word' id='word_1_875' title='bbox 2795 5490 2910 5540; x_wconf 70' lang='lat' dir='ltr'>xxv,</span> <span class='ocrx_word' id='word_1_876' title='bbox 2943 5474 3059 5547; x_wconf 86' lang='lat'>26).</span> <span class='ocrx_word' id='word_1_877' title='bbox 3094 5475 3175 5532; x_wconf 92' lang='lat' dir='ltr'>De</span> <span class='ocrx_word' id='word_1_878' title='bbox 3207 5481 3454 5551; x_wconf 89' lang='lat' dir='ltr'>utroque</span> <span class='ocrx_word' id='word_1_879' title='bbox 3487 5485 3686 5535; x_wconf 88' lang='lat' dir='ltr'>autem</span> <span class='ocrx_word' id='word_1_880' title='bbox 3722 5498 3922 5554; x_wconf 87' lang='lat' dir='ltr'>proce-</span> 
     </span>
    </p>
   </div>
   <div class='ocr_carea' id='block_1_120' title="bbox 2271 5655 3923 5769">
    <p class='ocr_par' dir='ltr' id='par_1_120' title="bbox 2271 5655 3923 5769">
     <span class='ocr_line' id='line_1_120' title="bbox 2271 5655 3923 5769; baseline 0.011 -67"><span class='ocrx_word' id='word_1_881' title='bbox 2271 5655 2470 5769; x_wconf 58' lang='lat' dir='ltr'>“olniS‘ic</span> <span class='ocrx_word' id='word_1_882' title='bbox 2496 5658 2612 5707; x_wconf 82' lang='lat' dir='ltr'>Am.</span> <span class='ocrx_word' id='word_1_883' title='bbox 2644 5660 2698 5708; x_wconf 85' lang='lat' dir='ltr'>et</span> <span class='ocrx_word' id='word_1_884' title='bbox 2726 5658 2849 5708; x_wconf 82' lang='lat' dir='ltr'>Mss.</span> <span class='ocrx_word' id='word_1_885' title='bbox 2884 5661 2949 5712; x_wconf 84' lang='lat' dir='ltr'>At</span> <span class='ocrx_word' id='word_1_886' title='bbox 2978 5661 3063 5711; x_wconf 86' lang='lat' dir='ltr'>Er.</span> <span class='ocrx_word' id='word_1_887' title='bbox 3106 5666 3159 5713; x_wconf 90' lang='lat' dir='ltr'>et</span> <span class='ocrx_word' id='word_1_888' title='bbox 3187 5664 3327 5725; x_wconf 84' lang='lat' dir='ltr'>L0v.,</span> <span class='ocrx_word' id='word_1_889' title='bbox 3355 5664 3666 5729; x_wconf 76' lang='lat' dir='ltr'>cogitatione</span> <span class='ocrx_word' id='word_1_890' title='bbox 3713 5681 3923 5735; x_wconf 79' lang='lat' dir='ltr'>corrup-</span> 
     </span>
    </p>
   </div>
  </div>
