4048 6486
173 408 325 470 1093

170 540 302 594 dere
334 541 417 596 sic
446 542 719 611 ducetur;
753 545 888 615 quia
920 545 1041 618 ipse
1074 547 1250 602 Filius
1284 549 1382 619 ait,
1408 551 1481 605 De
1499 552 1799 620 Patrepro-

168 628 330 685 cedit.
362 630 429 685 Et
458 647 592 686 cum
620 634 1032 690 resurrexisset
1059 653 1093 691 a
1123 637 1370 693 mortuis
1402 642 1461 694 et
1500 637 1804 709 apparuis-

168 722 257 773 set
286 719 592 791 discipulis
618 722 763 789 suis,
791 722 1109 779 insufﬂavit
1138 731 1197 780 et
1227 726 1326 793 ait,
1362 728 1603 797 Accipite
1632 724 1805 796 Spiri-

172 811 289 861 tum
320 819 571 864 sanetum
602 810 780 881 (Joan.
815 829 908 881 xx,
942 813 1057 884 22),
1115 817 1180 868 ut
1218 831 1350 870 eum
1406 814 1580 870 etiam
1628 814 1697 869 de
1747 827 1809 867 se

171 898 482 967 procedere
511 900 859 955 ostenderet.
915 906 981 955 Et
1032 901 1157 971 ipsa
1213 907 1302 958 est
1348 905 1526 959 virtus
1574 919 1701 974 quae
1746 901 1811 956 de

172 987 270 1041 illo
296 986 499 1053 exibat,
532 987 688 1043 sicut
734 987 949 1062 legitur
996 990 1052 1045 in
1102 991 1433 1064 Evangelia,
1483 1000 1533 1048 et
1578 991 1810 1047 sanabat

172 1091 354 1131 omnes
384 1077 537 1148 (Luc.
570 1094 644 1144 v1,
675 1078 780 1149 19).

246 1165 332 1220 46.
356 1163 501 1231 Quid
520 1182 652 1223 vero
672 1166 843 1223 fuerit
864 1184 1073 1237 causa,
1090 1174 1154 1225 ut
1175 1175 1306 1242 post
1328 1169 1809 1227 resurrectionem

176 1270 368 1324 suam,
401 1258 456 1309 et
487 1254 545 1310 in
603 1262 756 1311 terra
808 1257 971 1328 prius
1018 1259 1181 1315 daret
1229 1261 1412 1327 (Joan.
1461 1276 1556 1325 xx,
1603 1258 1716 1329 22),
1757 1260 1814 1312 et

90 1364 97 1371 λ
173 1343 244 1400 de
268 1342 407 1400 coelo
426 1348 631 1417 postea
653 1345 907 1401 mitteret
928 1347 1212 1419 Spiritum
1258 1352 1526 1404 sanctum
1568 1348 1702 1419 (Act.
1746 1360 1811 1416 11,

173 1432 257 1501 4);
281 1432 388 1489 hoc
411 1448 515 1505 ego
533 1432 823 1505 existimo,
849 1435 988 1506 quia
1018 1452 1121 1508 per
1140 1436 1335 1508 ipsum
1359 1438 1578 1492 donum
1597 1436 1812 1490 diffun-

175 1521 335 1576 ditur
363 1521 618 1578 charitas
644 1523 700 1577 in
734 1523 1004 1579 cordibus
1036 1526 1252 1581 nostris
1284 1526 1456 1597 (Rom.
1487 1543 1542 1594 ν,
1580 1525 1657 1593 5),
1698 1538 1811 1595 qua

176 1610 481 1683 diligimus
515 1617 693 1668 Deum
730 1617 786 1668 et
816 1614 1170 1685 proximum,
1204 1616 1529 1670 secundum
1561 1615 1675 1669 duo
1714 1613 1816 1668 illa

176 1705 461 1772 praecepta
490 1700 547 1755 in
581 1700 794 1772 quibus
822 1706 945 1756 tota
1000 1703 1109 1758 Lex
1154 1704 1367 1776 pendet
1408 1708 1463 1759 et
1518 1701 1814 1775 Propheta:

176 1789 394 1861 (Matth.
420 1806 553 1853 χχιι,
573 1791 775 1862 37-40).
824 1792 935 1847 Hoc
954 1791 1290 1864 significans
1324 1793 1604 1848 Dominus
1619 1792 1813 1858 Jesus,

180 1879 266 1934 bis
290 1880 447 1934 dedit
468 1879 747 1950 Spiritum
781 1885 1084 1947 sanctum;
1118 1881 1293 1937 semel
1326 1882 1385 1937 in
1406 1886 1561 1936 terra
1584 1886 1818 1953 propter

178 1967 543 2023 dilectionem
569 1968 836 2040 proximi,
855 1974 911 2024 et
929 1969 1137 2025 iterum
1169 1971 1239 2026 de
1262 1970 1405 2025 ccelo
1428 1974 1663 2043 propter
1677 1968 1816 2024 dile-

178 2057 424 2113 ctionem
455 2056 563 2111 Dei.
596 2058 718 2112 Etsi
745 2058 890 2114 forte
918 2057 1033 2114 alia
1055 2060 1200 2115 ratio
1224 2060 1579 2114 reddaturde
1598 2058 1813 2131 Spiritu

179 2151 378 2201 sancto
408 2146 499 2201 bis
529 2146 683 2211 dato,
716 2148 986 2203 eumdem
1021 2152 1217 2203 tamen
1240 2148 1520 2220 Spiritum
1546 2153 1814 2203 sanctum

176 2236 400 2302 datum,
424 2251 554 2289 cum
580 2235 1147 2299 insut‘flassetlesus.
1174 2237 1243 2291 de
1272 2254 1385 2308 quo
1409 2253 1542 2291 mox
1590 2237 1688 2304 ait,
1724 2240 1814 2306 Ite,

180 2326 450 2397 baptimte
469 2340 653 2379 omnes
671 2329 853 2395 gentes
877 2328 935 2380 in
954 2327 1175 2382 nomine
1196 2328 1383 2382 Patris
1401 2334 1452 2383 et
1473 2327 1607 2382 Filii
1625 2330 1675 2381 et
1696 2326 1820 2398 Spi-

180 2419 324 2471 ritus
342 2415 642 2486 sanctiUd.
665 2434 861 2481 xxvm,
898 2416 1005 2489 49),
1037 2417 1135 2472 ubi
1158 2417 1411 2473 maxime
1454 2419 1821 2474 commenda-

182 2511 282 2562 tur
309 2505 431 2561 haac
458 2504 732 2575 Trinitas,
766 2506 1061 2578 ambigere
1090 2524 1203 2562 non
1237 2507 1538 2564 debemus.
1573 2512 1705 2580 ipse
1733 2512 1818 2563 est

183 2596 365 2668 igitur
394 2593 490 2665 qui
525 2594 594 2649 de
625 2593 767 2650 coelo
797 2595 973 2650 etiam
1004 2596 1174 2651 datus
1205 2600 1293 2651 est
1316 2595 1406 2652 die
1429 2600 1819 2666 Pentecostes,

181 2685 239 2739 id
272 2688 379 2745 est,
412 2686 543 2755 post
572 2683 697 2738 dies
729 2683 926 2739 decem
961 2701 1135 2751 quam
1173 2685 1450 2741 Dominus
1481 2684 1741 2741 ascendit
1762 2685 1819 2741 in

182 2772 718 2839 cmlum.Quomodo
741 2788 874 2845 ergo
894 2774 1041 2829 Deus
1066 2790 1179 2828 non
1203 2775 1515 2845 estquidat
1537 2774 1820 2846 Spiritum

179 2861 608 2919 sanctum?lmo
623 2866 879 2933 quantus
902 2863 1049 2918 Deus
1066 2863 1263 2934 estqui
1282 2863 1377 2917 dat
1392 2862 1572 2917 Deum
1587 2862 1823 2934 ?Neque

178 2952 335 3008 enim
370 2950 583 3021 aliquis
605 2950 1029 3023 discipulorum
1055 2953 1182 3023 ejus
1206 2952 1363 3007 dedit
1382 2952 1661 3024 Spiritum
1683 2969 1823 3007 san-

183 3040 627 3097 ctum.0rabant
640 3039 853 3113 quippe
867 3040 1164 3096 utveniret
1178 3040 1234 3094 in
1250 3040 1569 3112 eosquibus
1583 3058 1821 3097 manum

185 3129 590 3202 imponehant,
622 3146 736 3184 non
769 3130 878 3200 ipsi
903 3145 1034 3185 eum
1064 3129 1300 3185 dabant.
1322 3131 1502 3195 Quem
1519 3147 1739 3185 morem
1763 3131 1843 3186 in‘

185 3219 312 3275 suis
335 3217 660 3290 praepositis
678 3218 853 3274 etiam
878 3234 1034 3274 nunc
1056 3222 1246 3273 servat
1266 3218 1537 3274 Ecclesia.
1566 3220 1826 3292 Denique

186 3316 243 3362 et
255 3308 457 3363 Simon
475 3307 679 3378 Magus
696 3306 1244 3377 otfereusApostolis
1260 3308 1707 3378 pecuniam,non
1726 3309 1823 3379 ait,

185 3397 320 3452 Date
348 3403 398 3451 et
426 3395 571 3449 mihi
599 3394 738 3450 hanc
764 3399 1096 3467 potestatem,
1128 3405 1190 3451 ut
1220 3396 1349 3450 dem
1382 3396 1664 3466 Spiritum
1691 3414 1824 3452 san-

187 3490 393 3546 ctum;
426 3485 548 3552 sed,
597 3486 935 3555 cuit-umque,
986 3484 1194 3555 inquit,
1245 3486 1551 3557 imposuere
1606 3502 1827 3553 manus,

183 3575 423 3645 accipiat
436 3572 705 3645 Spiritum
715 3572 1139 3640 sanctquuia
1154 3574 1575 3645 nequeScriptu
1585 3592 1828 3647 rasupe-

187 3663 312 3718 rius
343 3662 583 3731 dixerat,
630 3662 838 3717 Videns
888 3665 1082 3717 autem
1126 3662 1323 3717 Simon
1371 3663 1523 3735 quod
1569 3665 1827 3735 Apostoli

185 3753 395 3807 darent
413 3751 691 3822 Spiritum
718 3755 984 3806 sanctum
1010 3751 1139 3818 ;sed
1164 3751 1406 3822 dixerat,
1435 3752 1623 3808 Videas
1644 3764 1830 3809 autem

183 3840 378 3896 Simon
402 3839 541 3910 quod
561 3855 658 3910 per
669 3840 1069 3910 impositionem
1086 3841 1392 3895 manuumA
1400 3842 1729 3912 postolorum
1743 3842 1833 3899 da-

102 3960 113 3967 -
184 3933 346 3984 retur
375 3927 617 3998 Spiritus
666 3935 883 3983 sanctus
940 3928 1074 4000 (Act.
1126 3945 1249 3997 vm,
1299 3928 1387 3996 49,
1440 3930 1545 4001 18).
1597 3930 1836 4003 Propter

186 4020 299 4074 hoc
320 4022 376 4072 et
409 4018 687 4074 Dominus
718 4016 844 4090 ipse
874 4017 1046 4073 Jesus
1078 4016 1365 4088 Spiritum
1398 4022 1665 4074 sanctum
1717 4037 1832 4076 non

187 4107 381 4163 solum
413 4105 575 4160 dedit
606 4110 670 4160 ut
703 4110 875 4173 Deus,
908 4105 1009 4161 sed
1043 4105 1217 4161 etiam
1250 4106 1471 4177 accepit
1511 4111 1575 4161 ut
1624 4107 1833 4175 homo;

191 4200 500 4268 propterea
523 4195 716 4250 dictus
764 4200 854 4250 est
895 4194 1100 4266 plenus
1132 4195 1319 4266 gratia
1367 4196 1542 4265 (Joan.
1578 4214 1615 4265 1,
1664 4197 1750 4269 14)
1782 4202 1838 4252 et

192 4284 412 4356 Spiritu
449 4284 864 4355 sancto’(Luc.
892 4301 967 4351 x1,
1012 4284 1101 4350 52,
1143 4287 1195 4338 et
1230 4300 1306 4348 ιν,
1354 4284 1428 4355 1).
1480 4284 1547 4338 Et
1590 4287 1836 4341 manife-

194 4377 348 4429 stius
371 4373 441 4428 de
468 4372 567 4428 illo
600 4371 883 4444 scriptum
919 4377 1007 4426 est
1038 4372 1094 4427 in
1118 4372 1361 4427 Actibus
1387 4372 1792 4444 Apostolorum
1821 4391 1836 4432 :

194 4463 468 4531 Quoniam
492 4463 654 4534 unxit
674 4476 801 4515 eum
832 4461 972 4515 Deus
991 4461 1210 4532 Spiritu
1230 4464 1411 4515 sancto
1438 4462 1573 4533 (Aet.
1624 4479 1678 4529 x,
1725 4464 1834 4534 38).

193 4530 319 4607 Non
347 4530 548 4622 utique
573 4549 697 4605 oleo
719 4549 958 4621 visibili,
978 4530 1075 4604 sed
1101 4551 1252 4605 dono
1274 4530 1493 4621 gratiaa,
1519 4551 1669 4622 quod
1707 4530 1841 4607 visi-

192 4640 298 4696 bili
315 4639 681 4712 signiﬁcatur
697 4642 990 4711 unguento
1005 4654 1118 4709 quo
1134 4638 1455 4709 baptizatos
1471 4642 1634 4707 ungit
1650 4640 1839 4697 Eccle-

191 4731 305 4785 sia.
331 4729 445 4784 Nec
471 4744 610 4783 sane
632 4732 773 4782 tunc
804 4732 1014 4783 unctus
1038 4731 1124 4782 est
1145 4726 1414 4783 Christus
1442 4728 1659 4800 Spiritu
1704 4747 1839 4785 san-

191 4824 313 4887 cto,
347 4818 586 4891 quando
616 4833 793 4889 super
832 4834 963 4873 eum
999 4816 1355 4888 baptizatum
1389 4816 1543 4872 velut
1572 4818 1843 4875 columba

193 4907 746 4977 descendit(Matth.
775 4924 860 4977 111,
895 4907 1011 4977 16):
1034 4909 1174 4960 tunc
1203 4905 1356 4959 enim
1400 4923 1609 4978 corpus
1647 4924 1840 4978 suum,

194 4998 256 5052 id
286 5001 395 5063 est,
424 4996 739 5051 Ecclesiam
764 5012 929 5050 suam
958 4995 1323 5065 prteﬁuurare
1349 4994 1624 5066 dignatus
1647 5001 1752 5066 est,
1782 4997 1842 5052 in

196 5103 322 5160 qua
340 5086 628 5158 praecipue
650 5085 922 5157 baptizati
949 5082 1527 5155 accipiuntSpiritum
1544 5090 1842 5143 sanctum:

196 5175 307 5232 sed
330 5176 443 5231 ista
462 5172 1063 5248 mysticaetinvisibili
1078 5172 1352 5228 unctione
1368 5177 1505 5227 tunc
1522 5171 1847 5245 intelligen-

196 5266 319 5320 dus
342 5272 431 5319 est
448 5272 680 5329 unctus,
704 5263 937 5333 quando
958 5262 1213 5317 Verbum
1239 5261 1337 5316 Dei
1361 5277 1492 5316 caro
1511 5261 1727 5318 factum
1756 5268 1847 5320 est

192 5354 387 5427 (Joan.
422 5371 461 5421 1,
498 5353 623 5425 44);
657 5352 712 5406 id
747 5357 856 5421 est,
891 5352 1125 5424 quando
1158 5350 1417 5405 humana
1465 5355 1674 5406 natura
1724 5352 1849 5409 sine

194 5443 347 5501 ullis
380 5441 841 5517 praecedentibus
884 5441 1170 5498 bonorum
1204 5456 1446 5513 operum
1480 5440 1704 5497 meritis
1734 5441 1850 5500 Deo

269 5728 291 5764 ι
322 5724 409 5775 Er.
440 5722 607 5786 Lugd.
626 5723 773 5787 ,Ven.
792 5724 860 5787 et
887 5721 1036 5787 Ιιοτεγ2
1062 5721 1336 5787 propterea
1360 5718 1535 5787 (dictus
1562 5722 1637 5771 est
1675 5720 1856 5787 plenus

190 5789 383 5858 gratia
405 5803 424 5838 :
454 5782 668 5838 omissis
696 5784 891 5843 verbis,
924 5786 972 5833 et
995 5782 1194 5849 Spiritu
1222 5785 1415 5834 sancto.
1484 5785 1552 5835 Μ.

1347 415 1581 478 LIBER
1626 412 1967 486 QUINTUS
2011 410 2384 478 DECIMUS.

3409 424 3563 486 1094

1930 548 2144 603 Verbo!
2172 549 2338 603 estin
2364 555 2525 604 utero
2544 548 2782 621 virginis
2805 550 3094 621 copulata,
3120 553 3200 608 ita
3223 558 3285 609 ut
3308 572 3439 611 cum
3466 556 3562 612 illo

1927 636 2216 692 ﬁeretuna
2238 654 2505 709 persona.
2532 638 2880 694 Ohhoceum
2906 642 3252 696 conﬁtemur
3273 649 3472 700 natum
3492 649 3563 703 de

1926 723 2145 795 Spiritu
2171 730 2372 781 sancto
2395 730 2450 781 et
2469 726 2694 797 virgine
2720 728 2919 782 Maria.
2945 730 3448 787 Absurdissimum
3475 741 3564 790 est

1927 812 2179 881 enim,ut
2199 815 2504 869 credamus
2524 830 2654 870 eum
2678 832 2808 870 cum
2826 818 2949 885 jam
2970 818 3207 889 triginta
3219 825 3563 878 essetanno-

1929 917 2057 956 rum
2082 902 2232 973 (ejus
2253 902 2407 958 enim
2434 904 2619 959 aetatis
2637 922 2668 958 a
2684 904 2908 959 Joanne
2927 906 3253 976 baptizatus
3287 913 3373 965 est
3409 911 3562 982 [Luc.

1930 1008 2016 1057 111,
2034 993 2271 1064 2t-33]),
2291 995 2582 1065 accepisse
2596 994 2871 1065 Spiritum
2888 1001 3151 1051 sanctum
3171 1016 3182 1052 :
3201 1000 3297 1053 sed
3335 1002 3564 1059 venisse

1930 1080 2094 1136 illum
2121 1082 2191 1136 ad
2214 1082 2525 1153 baptismo,
2556 1083 2706 1137 sicut
2728 1082 2851 1137 sine
2876 1084 2993 1138 ullo
3030 1087 3266 1142 omnino
3309 1096 3589 1159 peccato,.

1930 1169 2011 1225 ita
2033 1187 2146 1225 non
2174 1169 2301 1226 sine
2322 1170 2538 1242 Spiritu
2566 1172 2848 1227 sancto.Si
2873 1173 3027 1227 enim
3053 1174 3119 1229 de
3142 1175 3357 1233 famulo
3372 1180 3497 1251 ejus
3511 1184 3570 1237 et

1933 1275 2288 1331 praecursore
2312 1259 2436 1330 ipso
2452 1260 2676 1315 Joanne
2697 1261 2977 1333 scriptum
3006 1266 3115 1333 est,
3142 1264 3353 1336 Spiritu
3380 1277 3565 1325 sancto

1932 1346 2230 1418 replebitur
2250 1348 2370 1415 iam
2409 1348 2533 1403 inde
2560 1348 2629 1403 ab
2652 1357 2803 1405 utero
2832 1353 3027 1406 matris
3071 1368 3190 1410 suae
3236 1355 3333 1423 (Id.
3375 1373 3415 1422 1,
3460 1358 3569 1430 15),

1934 1436 2209 1507 quoniam
2227 1437 2492 1508 quamvis
2506 1437 2873 1493 seminatusn
2891 1445 3271 1511 patre,tamen
3287 1444 3570 1515 Spiritum

1935 1530 2202 1580 sanctum
2229 1526 2285 1581 in
2311 1531 2475 1581 utero
2499 1526 2782 1582 formatus
2804 1528 3055 1600 accepit;
3080 1530 3218 1601 quid
3242 1532 3312 1588 de
3335 1533 3573 1592 homine

1935 1613 2162 1670 Christo
2186 1613 2629 1686 intelligendum
2655 1619 2744 1672 est
2767 1617 2853 1671 vel
2878 1618 3428 1692 credendum,cujus
3446 1640 3570 1679 car-

1936 1702 2028 1757 nis
2049 1703 2178 1774 ipsa
2194 1704 2490 1775 conceptio
2520 1720 2633 1758 non
2659 1705 2929 1773 carnalis,
2956 1708 3053 1761 sed
3079 1708 3402 1778 spiritualis
3427 1710 3574 1767 fuit?

1938 1791 1998 1846 ln
2026 1808 2091 1846 eo
2113 1792 2287 1846 etiam
2317 1792 2471 1863 quod
2496 1792 2564 1847 de
2589 1791 2687 1848 illo
2710 1794 2991 1865 scriptum
3014 1800 3120 1860 est,
3141 1798 3291 1866 quod
3340 1815 3572 1871 accepe-

1938 1880 2065 1934 rita
2086 1881 2252 1935 Patre
2274 1880 2720 1952 promissionem
2747 1882 2997 1954 Spiritus
3022 1885 3203 1939 sancti
3231 1890 3287 1940 et
3306 1887 3577 1944 effuderit

1938 1968 2075 2041 (Act.
2103 1986 2161 2031 ει,
2185 1970 2296 2039 33),
2332 1975 2579 2041 utraque
2620 1975 2827 2025 natura
2869 1978 3190 2027 monstrata
3228 1979 3334 2042 est,
3368 1980 3422 2031 et
3464 1976 3572 2031 hu-

1940 2074 2113 2112 mana
2135 2057 2354 2113 scilicet
2384 2062 2440 2112 et
2469 2057 2692 2113 divina:
2728 2060 2950 2132 accepit
2997 2061 3213 2133 quippe
3267 2068 3331 2119 ut
3375 2062 3571 2137 homo,

1939 2146 2142 2200 effudit
2167 2151 2233 2200 ut
2252 2146 2419 2202 Deus.
2444 2146 2560 2201 Nos
2583 2152 2775 2202 autem
2800 2148 3061 2220 accipere
3084 2152 3319 2221 quidem
3348 2152 3455 2207 hoc
3477 2154 3577 2209 do-

1939 2251 2077 2289 num
2106 2251 2422 2307 possumus
2446 2252 2547 2306 pro
2571 2236 2807 2291 modulo
2826 2244 3042 2307 nostro,
3062 2239 3357 2296 effundere
3378 2246 3575 2298 autem

1940 2341 2115 2396 super
2145 2324 2290 2379 alios
2322 2340 2431 2378 non
2468 2323 2671 2395 utique
2702 2342 3016 2397 possumus
3046 2345 3059 2393 ;
3094 2328 3189 2382 sed
3229 2333 3292 2383 ut
3320 2329 3427 2384 hoc
3453 2331 3572 2399 ﬁat,

1939 2418 2119 2469 Deum
2150 2429 2324 2484 super
2352 2428 2471 2484 eos,
2503 2430 2536 2469 a
2569 2430 2681 2484 quo
2711 2413 2820 2469 hoc
2849 2414 3118 2483 efﬁcitur,
3144 2417 3502 2475 invocamus.

2011 2504 2098 2558 47.
2126 2502 2418 2574 Numquid
2452 2518 2588 2573 ergo
2610 2520 2926 2574 possumus
2948 2520 3202 2575 quaerere
3229 2511 3425 2562 utrum
3447 2508 3573 2579 jam

1941 2595 2299 2665 processerat
2319 2592 2388 2646 de
2418 2591 2584 2646 Patre
2607 2592 2855 2663 Spiritus
2876 2598 3113 2649 sanctus
3131 2596 3364 2667 quando
3406 2602 3577 2653 natus

1941 2686 2029 2737 est
2051 2680 2253 2747 Filius,
2291 2698 2361 2735 an
2392 2681 2649 2736 nondum
2700 2687 3080 2752 processerat,
3110 2688 3167 2739 et
3197 2683 3293 2739 illo
3322 2689 3459 2741 nato
3506 2687 3578 2742 de

1945 2775 2187 2842 utroque
2212 2770 2509 2841 processit,
2538 2770 2634 2824 ubi
2662 2770 2818 2824 nulla
2845 2775 2983 2826 sunt
3005 2774 3466 2843 temporatsicut
3490 2791 3582 2847 po-

1942 2860 2164 2914 tuimus
2193 2875 2448 2931 quaerere
2462 2859 2559 2913 ubi
2577 2859 2907 2915 invenimus
2922 2864 3185 2932 tempore
3198 2862 3575 2929 ,voluntatem

1944 2948 2107 3022 prius
2138 2949 2206 3002 de
2253 2947 2510 3002 humana
2557 2951 2751 3003 mente
2796 2950 3123 3019 procedere,
3174 2954 3239 3005 ut
3286 2956 3584 3022 quaeratur

1945 3039 2100 3109 quod
2133 3038 2429 3091 inventum
2465 3036 2654 3106 proles
2681 3040 2954 3103 vooetur;
2985 3054 3097 3109 qua
3122 3038 3245 3109 jam
3281 3044 3446 3111 parta
3479 3056 3578 3096 seu

1945 3125 2158 3198 genita,
2181 3125 2452 3181 voluntas
2475 3124 2572 3180 illa
2595 3126 2911 3195 perficitur,
2938 3142 3001 3181 eo
3026 3127 3137 3182 ﬁne
3190 3131 3584 3200 requiescens,

1947 3220 2011 3270 ut
2036 3215 2132 3287 qui
2159 3215 2346 3269 fuerat
2368 3212 2662 3285 appetitus
2687 3214 3018 3285 quaerentis,
3043 3214 3119 3269 sit
3138 3232 3300 3271 amor
3314 3216 3582 3284 fruentis,

1948 3304 2045 3376 qui
2063 3304 2186 3374 jam
2216 3303 2286 3357 de
2312 3307 2581 3374 utroque,
2605 3301 2661 3355 id
2688 3306 2795 3371 est,
2820 3303 2891 3357 de
2911 3302 3182 3375 gignente
3204 3309 3398 3360 mente
3421 3310 3476 3360 et
3514 3306 3585 3360 de

1948 3392 2143 3464 genita
2158 3392 2389 3446 notione
2401 3395 2681 3462 tanquam
2699 3391 2768 3446 de
2782 3395 3019 3463 parente
3034 3408 3099 3447 ac
3113 3392 3271 3465 prole
3286 3394 3588 3465 procedat?

1950 3482 2071 3539 Non
2108 3486 2353 3554 possunt
2379 3497 2617 3553 prorsus
2650 3480 2763 3535 ista
2802 3478 2881 3535 ibi
2914 3480 3117 3553 quaeri,
3176 3482 3276 3537 ubi
3327 3482 3468 3537 nihil
3520 3500 3589 3538 ex

1947 3576 2206 3643 tempore
2236 3570 2566 3635 inchoatur,
2599 3572 2666 3625 ut
2717 3570 3097 3642 consequenti
3146 3571 3480 3642 perﬁciatur
3530 3572 3587 3628 in

1949 3666 2065 3717 tem
2077 3677 2227 3731 pore.
2244 3659 2727 3731 Quapropter,qui
2754 3663 2940 3731 potest
2962 3659 3283 3731 intelligere
3302 3660 3552 3717 sinetem
3565 3692 3588 3704 -

1950 3766 2088 3822 pore
2118 3749 2549 3821 generationem
2608 3748 2734 3802 Filii
2785 3748 2855 3803 de
2904 3751 3095 3816 Patre,
3138 3748 3424 3821 intelligat
3462 3750 3589 3807 sine

1950 3845 2209 3911 tempore
2233 3837 2653 3911 processionem
2678 3837 2932 3909 Spiritus
2949 3838 3135 3892 sancti
3157 3839 3229 3893 de
3250 3839 3592 3910 utroque.Et

1954 3928 2049 4002 qui
2078 3931 2265 4000 potest
2286 3925 2607 3998 intelligere
2630 3926 2687 3981 in
2711 3942 2777 3981 eo
2797 3926 2948 3997 quod
2975 3926 3057 3981 ait
3080 3926 3279 3994 Filius,
3305 3928 3455 3982 Sicut
3492 3929 3589 3984 ha-

1956 4019 2037 4075 bet
2062 4021 2224 4073 Pater
2244 4018 2420 4072 vitam
2447 4017 2506 4071 in
2526 4017 2835 4087 semetipso,
2860 4017 2940 4071 sic
2964 4014 3119 4071 dedit
3141 4017 3279 4071 Filio
3299 4020 3469 4073 vitam
3491 4017 3590 4073 ha-

1958 4112 2079 4164 bere
2110 4110 2165 4162 in
2197 4108 2479 4178 semetipso
2510 4106 2686 4177 (Ioan.
2720 4122 2776 4173 v,
2819 4106 2909 4177 26)
2937 4123 2949 4173 ;
2984 4121 3095 4161 non
3144 4105 3269 4162 sine
3313 4106 3431 4161 vita
3478 4108 3594 4162 exi-

1957 4196 2127 4252 stenti
2154 4197 2281 4267 jam
2318 4194 2454 4250 Filio
2474 4195 2649 4250 vitam
2676 4197 2905 4249 Patrem
2936 4193 3185 4261 dedisse,
3219 4195 3317 4250 sed
3348 4194 3429 4250 ita
3458 4212 3593 4251 eum

1958 4286 2083 4341 sine
2110 4288 2369 4355 tempore
2398 4283 2689 4355 genuisse,
2738 4286 2800 4337 ut
2846 4282 2963 4337 vita
3006 4299 3183 4353 quam
3236 4283 3404 4338 Pater
3454 4283 3595 4339 Filio

1960 4374 2248 4446 gignendo
2272 4372 2450 4442 dedit,
2476 4374 2757 4427 coasterna
2778 4370 2855 4425 sit
2876 4371 3001 4426 vita:
3026 4371 3211 4426 Patris
3245 4371 3343 4443 qui
3394 4371 3555 4427 dedit
3579 4390 3592 4427 :

1961 4461 2249 4533 intelligat
2278 4462 2429 4516 sicut
2455 4460 2627 4515 habet
2656 4464 2827 4515 Pater
2856 4460 2911 4514 in
2946 4460 3259 4533 semetipso
3290 4465 3353 4515 ut
3382 4461 3453 4516 de
3499 4460 3598 4516 illo

1964 4551 2238 4625 procedat
2257 4549 2509 4622 Spiritus
2529 4549 2879 4620 sanctus,sic
2899 4550 3130 4607 dedisse
3159 4550 3303 4607 Filio
3328 4554 3389 4606 ut
3409 4550 3477 4606 de
3502 4549 3601 4606 illo

1964 4640 2236 4715 procedat
2262 4639 2415 4694 idem
2450 4637 2704 4711 Spiritus
2735 4643 2997 4706 sanctus,
3031 4644 3086 4694 et
3118 4647 3432 4712 utrumque
3472 4638 3601 4695 sine

1963 4734 2240 4800 tempore;
2267 4732 2441 4800 atque
2462 4726 2546 4782 ita
2559 4726 2783 4782 dictum
2805 4727 3085 4800 Spiritum
3112 4733 3378 4784 sanctum
3403 4729 3472 4783 de
3494 4728 3601 4784 Pa-

1962 4824 2049 4874 tre
2072 4819 2400 4890 procedere,
2436 4820 2500 4872 ut
2530 4815 2910 4890 intelligatur,
2948 4818 3099 4889 quod
3136 4818 3309 4873 etiam
3345 4816 3603 4889 procedit

1966 4908 2035 4963 de
2059 4906 2220 4973 Filio,
2247 4907 2318 4961 de
2338 4909 2504 4961 Patre
2530 4922 2658 4962 esse
2680 4905 2873 4961 Filio”.
2898 4906 2953 4959 Si
2991 4906 3143 4961 enim
3183 4905 3466 4977 quidquid
3497 4904 3601 4961 ha—
3699 4945 3702 4949 ~

1966 4998 2084 5065 bet,
2105 4996 2175 5050 de
2200 4995 2364 5050 Patre
2386 4993 2563 5050 habet
2586 4993 2797 5051 Filius:
2822 4995 2892 5051 de
2913 4994 3079 5050 Patre
3101 4994 3276 5049 habet
3298 4994 3499 5065 utique
3538 4999 3603 5049 ut

1969 5090 2026 5142 et
2051 5085 2119 5140 de
2151 5083 2248 5141 illo
2282 5085 2557 5156 procedat
2586 5084 2840 5155 Spiritus
2874 5090 3134 5138 sanctus.
3168 5083 3277 5138 Sed
3335 5082 3495 5138 nulla
3522 5082 3604 5137 ibi

1970 5179 2234 5246 tempora
2255 5172 2602 5245 cogitentur,
2628 5189 2753 5243 qua
2778 5172 2993 5226 habent
3016 5170 3179 5242 prius
3201 5176 3255 5226 et
3277 5170 3563 5243 posterius
3589 5188 3602 5227 :

1970 5262 2357 5334 quiaomnino
2372 5259 2531 5316 nulla
2549 5261 2628 5315 ibi
2645 5259 3111 5324 sunt.Quomodo
3125 5275 3259 5332 ergo
3276 5276 3389 5314 non
3409 5260 3550 5315 absu
3563 5278 3611 5313 r-

1973 5352 2215 5408 dissime
2236 5350 2392 5406 filius
2423 5349 2709 5406 diceretur
2738 5350 3065 5416 amborum,
3102 5365 3233 5403 cum
3275 5348 3424 5403 sicut
3467 5346 3609 5403 Filio

1973 5444 2213 5514 praestat
2233 5439 2546 5497 essentiam
2569 5439 2695 5496 sine
2716 5437 2883 5494 initio
2905 5436 3339 5510 temporis,sine
3355 5435 3473 5492 ulla
3486 5452 3611 5492 mu-

2040 5660 2056 5694 ι
2090 5656 2174 5707 Sic
2204 5654 2330 5704 Mss.
2360 5654 2425 5703 At
2458 5652 2604 5713 editi,
2634 5652 2727 5701 Dei
2753 5652 2923 5702 verbo.

2037 5722 2060 5756 ³
2088 5719 2242 5777 Editi,
2268 5730 2371 5766 esse
2404 5719 2451 5766 et
2474 5715 2624 5766 Filio.
2646 5716 3035 5781 Expunximus,
3053 5717 3123 5776 et,
3152 5714 3467 5766 auctoritate
3488 5728 3601 5767 ma-

1976 5782 2393 5846 nuscriptorum.
