4048 6454
461 378 615 435 1095

458 505 743 561 tabilitate
773 509 991 557 natura:
1023 502 1092 554 de
1122 505 1289 555 Patre
1340 499 1675 571 generatio;
1726 496 1808 551 ita
1856 492 2097 565 Spiritui

462 599 662 651 sancto
688 594 917 664 praestet
932 589 1246 644 essentiam
1288 587 1415 643 sine
1447 585 1566 641 ullo
1593 585 1760 640 initio
1792 580 2096 654 temporis,

466 685 594 740 sine
616 682 735 737 ulla
756 678 1146 734 mutabilitate
1165 683 1382 732 naturae
1410 676 1481 731 de
1504 681 1753 745 utroque
1766 668 2099 744 processio?

464 774 595 827 Ideo
614 771 768 826 enim
792 786 924 823 cum
948 766 1231 837 Spiritum
1250 772 1520 821 sanctum
1546 763 1807 835 genitum
1824 776 1937 816 non
1952 759 2102 814 dica-

466 877 621 928 mus,
645 860 833 913 dicere
854 864 1049 912 tamen
1076 872 1188 910 non
1224 855 1510 910 audemus
1555 851 1907 923 ingenitum,
1941 863 2012 902 ne
2041 846 2099 901 in

464 950 574 1005 hoc
594 946 873 1004 vocabulo
911 945 1001 1000 vel
1040 947 1187 999 duos
1227 948 1420 1015 patres
1452 943 1512 996 in
1542 940 1644 995 illa
1673 939 1978 1005 Trinitate,
2014 934 2101 991 vel

466 1039 614 1094 duos
637 1034 737 1108 qui
751 1052 868 1091 non
887 1037 1029 1090 sunt
1050 1034 1120 1089 de
1136 1031 1250 1088 alio
1266 1030 1558 1103 quispiam
1576 1026 2104 1100 suspicetur.Pater

465 1128 624 1184 enim
648 1124 811 1181 solus
832 1141 946 1179 non
968 1127 1055 1178 est
1075 1122 1145 1178 de
1166 1121 1299 1189 alio,
1324 1119 1450 1175 ideo
1478 1117 1638 1174 solus
1657 1115 1983 1189 appellatur
2012 1114 2104 1169 in-

465 1218 719 1290 genitus,
743 1231 859 1270 non
886 1212 1121 1284 quidem
1143 1210 1200 1266 in
1224 1208 1563 1280 Scripturis,
1577 1207 1680 1263 sed
1703 1206 1763 1261 in
1790 1208 2101 1261 consuetu-

461 1307 597 1362 dine
623 1301 1135 1376 disputantium,et
1155 1299 1226 1354 de
1247 1314 1307 1353 re
1333 1301 1496 1353 tanta
1520 1310 1846 1352 sermonem
1870 1292 2102 1364 qualem

453 1394 745 1451 valuerint
770 1388 1207 1463 proferentium.
1228 1386 1405 1443 Filius
1426 1390 1621 1442 autem
1644 1385 1715 1439 de
1737 1384 1907 1439 Patre
1932 1385 2104 1437 natus

458 1489 547 1540 est
576 1500 591 1538 :
616 1488 671 1537 et
698 1479 944 1551 Spiritus
975 1482 1215 1533 sanctus
1246 1477 1317 1531 ds
1356 1476 1523 1530 Patre
1567 1472 1987 1546 principaliter,
2045 1472 2104 1525 et

462 1573 589 1645 ipso
603 1570 727 1626 sine
740 1568 855 1623 ullo
875 1572 989 1622 tem
1002 1564 1157 1638 poris
1178 1563 1478 1620 intervallo
1495 1564 1689 1632 dante,
1709 1559 2104 1617 communiter

464 1663 534 1716 de
556 1664 801 1729 utroque
824 1655 1103 1728 procedit.
1128 1654 1425 1709 Diceretur
1445 1656 1640 1707 autem
1662 1649 1818 1706 ﬁlius
1840 1648 2024 1705 Patris
2045 1650 2103 1703 et

465 1748 615 1816 Filii,
640 1749 710 1815 si,
741 1745 894 1818 quod
920 1743 1192 1799 abhorret
1212 1743 1281 1797 ab
1309 1740 1571 1796 omnium
1603 1755 1882 1794 sanorum
1913 1736 2100 1792 sensi-

463 1840 596 1907 bus,
620 1853 752 1893 eum
777 1836 946 1890 ambo
962 1833 1320 1904 genuissent.
1338 1830 1460 1885 Non
1481 1830 1657 1901 igitur
1670 1829 1739 1883 ab
1755 1832 1996 1897 utroque
2010 1828 2100 1881 est

463 1927 717 1998 genitus,
753 1923 850 1979 sed
878 1920 1213 1992 proceditab
1230 1925 1480 1988 utroque
1503 1918 1803 1972 amborum
1820 1915 2095 1987 Spiritus.

532 2013 767 2069 CAPUT
799 2010 1022 2065 XXVII.
1042 2040 1109 2048 -—
1133 2008 1218 2062 48.
1246 2007 1383 2075 Quid
1406 2008 1493 2062 hic
1511 2006 1749 2076 sufﬁciat
1770 2005 1839 2059 ad
1877 2004 2102 2059 solutio-

461 2121 583 2161 nem
598 2102 1041 2174 quastionismur
1057 2098 1303 2169 Spiritus
1322 2112 1433 2151 non
1454 2096 1672 2151 dicatur
1682 2096 1919 2165 genitus,
1933 2103 1984 2148 et
2002 2109 2100 2147 cur

459 2195 604 2250 solus
624 2194 788 2247 Pater
817 2190 1115 2258 ingenitus.
1153 2186 1293 2254 Quid
1323 2184 1595 2253 agendum
1626 2186 1696 2239 iis
1722 2185 1816 2255 qui
1846 2185 1956 2237 hac
1983 2199 2099 2237 non

460 2281 813 2349 intelligunt.
836 2278 1049 2332 Verum
1071 2275 1211 2347 quia
1237 2275 1295 2328 in
1318 2273 1415 2328 illa
1437 2278 1738 2342 cozeterna,
1770 2277 1826 2327 et
1864 2271 2093 2342 aequali,

460 2377 517 2427 et
537 2365 905 2439 incorporali,
926 2370 981 2419 et
1000 2362 1369 2419 inetiabiliter
1391 2361 1764 2427 immutabili,
1790 2366 1964 2431 atque
2003 2359 2096 2415 in-

457 2455 766 2531 separabili
787 2453 1069 2510 Trinitate
1082 2451 1495 2507 difﬁcillimum
1512 2456 1600 2506 est
1612 2449 2046 2522 generationem
2061 2465 2095 2504 a

457 2545 824 2622 processione
839 2543 1217 2614 distinguere,
1242 2541 1495 2595 sufﬁciat
1513 2539 1744 2595 interim
1768 2538 1851 2593 eis
1875 2538 1973 2609 qui
1997 2554 2093 2593 ex-

452 2638 610 2694 tendi
636 2652 750 2690 non
771 2630 1231 2702 valentamplius
1254 2629 1359 2696 1,id
1383 2630 1535 2700 quod
1560 2629 1631 2684 de
1656 2628 1763 2683 hac
1804 2645 1863 2683 re
1890 2628 1946 2682 in
1972 2644 2092 2682 ser-

455 2742 627 2781 mone
657 2723 908 2795 quodam
927 2719 1270 2791 proferendo
1294 2717 1362 2771 ad
1383 2733 1552 2771 aures
1576 2713 2089 2787 pepulichristiani

456 2814 731 2877 diximus,
765 2811 1105 2879 dictumque
1146 2805 1626 2877 conscripsimus.
1690 2808 1847 2859 lnter
1889 2808 2093 2858 caetera

456 2905 611 2959 enim
634 2919 768 2957 cum
793 2916 893 2971 per
914 2898 1347 2968 Scripturarum
1386 2900 1720 2950 sanctarum
1754 2891 2091 2948 testimonia

457 2992 785 3048 docuissem
808 2990 875 3044 de
892 2993 1136 3058 utroque
1156 2986 1462 3057 procedere
1485 2982 1765 3055 Spiritum
1784 2988 2051 3037 sanctum
2073 2997 2086 3035 :

456 3082 516 3138 Si
534 3080 1012 3150 ergo,inquam,et
1035 3076 1097 3130 de
1110 3080 1276 3129 Patre
1287 3079 1336 3129 et
1359 3074 1422 3129 de
1439 3074 1583 3128 Filio
1596 3072 1836 3143 procedit
1850 3072 2089 3142 Spiritus

450 3174 677 3226 sanctus
694 3184 810 3235 ;cur
822 3167 993 3221 Filius
1005 3165 1167 3231 dixit,
1187 3187 1213 3213 ‹‹
1232 3165 1306 3218 De
1319 3167 1488 3218 Patre
1523 3161 1767 3233 procedit
1787 3162 1967 3231 (Joan.
1993 3178 2084 3231 xv,

451 3259 621 3331 26)?»
648 3259 775 3325 Cur,
796 3264 980 3327 putas,
1001 3255 1110 3308 nisi
1128 3251 1580 3324 quemadmodum
1599 3251 1733 3306 solet
1752 3248 1821 3304 ad
1841 3265 1961 3304 eum
1999 3264 2087 3304 re-

450 3352 601 3422 ferre
620 3345 835 3418 etquod
856 3345 1031 3414 ipsius
1061 3350 1154 3411 est,
1204 3341 1269 3396 de
1316 3356 1425 3412 quo
1470 3349 1521 3395 et
1567 3340 1679 3411 ipse
1717 3341 1841 3395 est?
1866 3338 2010 3395 Unde
2039 3340 2091 3394 et

454 3437 597 3493 itlud
627 3443 707 3491 est
737 3434 875 3506 quod
906 3435 1008 3499 ait,
1042 3457 1069 3483 «ι
1103 3434 1215 3487 Mea
1244 3430 1497 3485 doctrina
1524 3444 1635 3483 non
1666 3432 1745 3483 est
1800 3444 1938 3495 mea,
1997 3427 2091 3483 sed

455 3531 575 3599 ejus
596 3528 689 3597 qui
710 3540 793 3579 me
826 3523 1020 3578 misit»
1046 3521 1152 3593 (Id.
1176 3537 1276 3588 v11,
1305 3520 1412 3591 16).
1446 3519 1506 3574 Si
1549 3520 1726 3587 igitur
1763 3518 1851 3572 hic
1890 3517 2091 3572 intelli-

453 3619 615 3689 gitur
641 3616 757 3686 ejus
780 3613 1050 3677 doctrina,
1086 3627 1251 3683 quam
1282 3618 1464 3665 tamen
1494 3607 1638 3663 dixit
1665 3623 1775 3662 non
1797 3624 1972 3674 suam,
2000 3605 2090 3661 sed

451 3706 636 3761 Patris
660 3722 673 3769 ;
708 3707 907 3775 quanto
934 3702 1115 3768 magis
1139 3700 1259 3754 illic
1288 3698 1685 3765 intelligendus
1708 3700 1849 3752 estet
1867 3696 1932 3751 de
1972 3697 2089 3766 ipso

453 3794 743 3865 procedere
768 3792 1005 3862 Spiritus
1033 3791 1276 3856 sanctus,
1330 3786 1427 3841 ubi
1472 3788 1550 3841 sic
1595 3786 1693 3852 ait,
1749 3808 1777 3835 «
1810 3786 1883 3840 De
1925 3786 2090 3839 Patre

444 3881 710 3954 procedit,
744 3902 772 3928 ››
801 3883 864 3933 ut
892 3894 998 3933 non
1029 3877 1255 3941 diceret,
1318 3876 1390 3930 De
1439 3890 1522 3930 me
1564 3890 1673 3928 non
1719 3876 2019 3944 procedit?
2044 3874 2084 3929 A

450 3987 553 4042 quo
584 3974 771 4024 autem
790 3968 947 4021 habet
968 3966 1144 4020 Filius
1190 3973 1249 4018 ut
1279 3966 1354 4018 sit
1396 3964 1536 4017 Deus
1572 3963 1671 4033 (est
1704 3964 1853 4017 enim
1891 3962 1954 4017 de
1984 3963 2088 4019 Deo

445 4059 636 4130 Deus),
664 4058 732 4112 ab
762 4057 860 4111 illo
887 4056 1050 4110 habet
1081 4056 1269 4123 utique
1298 4056 1359 4107 ut
1379 4051 1442 4106 de
1472 4050 1574 4106 illo
1620 4052 1790 4108 etiam
1836 4052 2088 4122 procedat

450 4149 695 4220 Spiritus
712 4154 927 4200 sanctus
951 4162 966 4198 :
986 4159 1048 4199 ac
1064 4158 1164 4213 per
1182 4142 1280 4197 hoc
1302 4142 1541 4209 Spiritus
1568 4144 1787 4195 sanctus
1819 4149 1880 4195 ut
1921 4143 2087 4196 etiam

451 4237 517 4292 de
537 4238 676 4291 Filio
692 4233 975 4307 procedat,
1002 4234 1145 4287 sicut
1162 4230 1407 4302 procedit
1426 4230 1495 4285 de
1514 4231 1696 4298 Patre,
1737 4230 1803 4285 ab
1846 4232 1965 4300 ipso
1993 4232 2087 4286 ha-

452 4326 535 4380 bet
559 4331 735 4381 Patre.
771 4326 869 4379 Hic
888 4331 1175 4391 utcumque
1195 4322 1362 4375 etiam
1380 4320 1519 4375 illud
1542 4321 1892 4390 intelligitur,
1915 4335 2087 4390 quan-

447 4416 565 4469 tum
587 4432 624 4469 a
655 4414 859 4469 talibus
891 4412 1075 4482 quales
1104 4426 1201 4464 nos
1229 4426 1435 4473 sumus,
1469 4409 1717 4480 intelligi
1749 4414 1942 4479 potest,
1991 4425 2090 4464 cur

448 4519 555 4559 non
578 4502 795 4557 dicatur
815 4504 976 4555 natus
1002 4515 1134 4566 esse,
1184 4498 1276 4554 sed
1308 4500 1489 4569 potius
1523 4496 1807 4569 procedere
1850 4496 2087 4568 Spiritus

446 4599 669 4649 sanctus
684 4608 703 4645 :
724 4590 984 4660 quoniam
1008 4588 1058 4642 si
1077 4598 1125 4643 et
1147 4588 1256 4659 ipse
1276 4588 1452 4641 Filius
1481 4587 1775 4651 diceretur,
1800 4586 2088 4642 amborum

444 4683 635 4753 utique
656 4680 807 4750 ﬁlius
827 4678 1127 4738 diceretur;
1149 4676 1289 4746 quod
1312 4675 1775 4730 absurdissimum
1795 4683 1890 4730 est.
1911 4676 2086 4731 Filius

448 4771 646 4841 quippe
669 4769 857 4823 nullus
878 4773 955 4821 est
976 4767 1231 4833 duorum,
1256 4766 1371 4819 nisi
1391 4766 1568 4835 patris
1593 4772 1641 4819 et
1662 4766 1874 4820 matris.
1932 4764 2086 4819 Absit

447 4867 633 4916 autem
660 4864 721 4913 ut
751 4859 897 4911 inter
927 4857 1097 4911 Deum
1127 4857 1353 4909 Patrem
1385 4858 1436 4909 et
1466 4855 1633 4908 Deum
1654 4853 1859 4908 Filium
1874 4853 2085 4923 aliquid

448 4949 556 5003 tale
584 4947 941 5017 suspicemur,
975 4946 1115 5012 Quid
1146 4960 1245 4999 nec
1273 4944 1423 5013 ﬁlius
1445 4942 1729 4996 hominum
1751 4942 1917 4996 simul
1939 4950 1988 4996 et
2011 4959 2085 4997 ex

443 5046 600 5108 patre
615 5045 666 5091 et
686 5052 756 5090 ea:
775 5043 953 5089 matre
972 5032 1243 5104 procedit:
1266 5032 1361 5086 sed
1381 5048 1504 5085 cum
1518 5032 1573 5084 in
1596 5034 1827 5084 matrem
1846 5032 2084 5100 procedit

444 5142 516 5181 ea:
531 5134 713 5195 patre,
737 5141 844 5180 non
868 5128 999 5178 tunc
1017 5122 1256 5193 procedit
1276 5137 1345 5176 ex
1365 5124 1538 5176 matre
1552 5136 1572 5181 ,°
1602 5126 1651 5174 et
1687 5136 1809 5174 cum
1850 5122 1909 5174 in
1943 5121 2083 5176 hanc

442 5214 615 5269 lucem
640 5212 877 5285 procedit
910 5229 980 5267 ex
1007 5221 1199 5276 matre,
1247 5226 1357 5265 non
1391 5218 1517 5265 tunc
1541 5209 1779 5280 procedit
1807 5225 1877 5263 ea:
1901 5212 2077 5279 patre.

441 5306 680 5376 Spiritus
694 5308 876 5359 autem
898 5306 1116 5358 sanctus
1135 5317 1244 5357 non
1263 5303 1331 5356 de
1346 5303 1511 5357 Patre
1520 5301 1759 5371 procedit
1780 5301 1837 5355 in
1852 5301 2075 5368 Filium,

443 5399 495 5449 et
525 5395 589 5449 de
612 5394 754 5448 Filio
771 5394 1015 5463 procedit
1046 5391 1115 5446 ad
1142 5390 1588 5461 sanctiﬁcandam
1605 5392 1957 5451 creaturam;
1983 5390 2081 5446 sed

444 5484 610 5539 simul
639 5483 703 5537 de
735 5487 960 5553 utroque
983 5482 1238 5553 procedit
1268 5497 1281 5537 :
1316 5482 1561 5553 quamvis
1587 5480 1685 5536 hoc
1712 5483 1885 5534 Pater
1939 5478 2078 5535 Filio

478 5679 530 5793 ut
554 5677 707 5739 Editi,
733 5693 833 5730 non
870 5678 1038 5731 valent
1068 5677 1124 5730 in
1155 5677 1395 5745 amplius.
1426 5677 1601 5733 Abest.
1624 5674 1697 5736 in,
1720 5689 1751 5725 a
1782 5673 2077 5726 manuscri-

521 5755 565 5791 ε.

442 5755 565 5811 pus.

1570 368 1672 427 DE
1715 360 2163 434 TRINITATE,
2210 362 2276 420 S.
2308 359 2733 421 AUGUSTINI

3702 361 3863 419 1096

2204 489 2435 555 dederit,
2466 500 2526 545 ut
2553 490 3025 560 quemadmodum
3046 489 3110 544 de
3138 505 3214 554 se,
3249 492 3327 543 ita
3363 490 3434 544 de
3490 489 3591 544 illo
3646 506 3865 561 quoque

2205 578 2473 650 procedat.
2505 581 2691 651 Neque
2721 580 2870 634 enim
2895 594 3178 645 possumus
3207 578 3396 635 dicere
3426 578 3572 650 quod
3628 595 3742 636 non
3784 581 3860 635 sit

2206 669 2320 723 vita
2343 668 2582 739 Spiritus
2604 672 2847 735 sanctus,
2877 684 3001 723 cum
3030 667 3145 724 vita
3171 669 3359 736 Pater,
3389 670 3506 724 vita
3532 669 3608 725 sit
3640 670 3819 725 Filius
3843 684 3859 725 :

2209 772 2274 812 ac
2292 773 2394 829 per
2420 759 2517 814 hoc
2536 759 2677 813 sicut
2707 760 2872 813 Pater
2901 773 3026 811 cum
3054 756 3251 812 habeat
3279 758 3462 812 vitam
3491 757 3555 812 in
3592 759 3859 830 semetip—

2207 860 2286 914 so,
2318 846 2464 917 dedit
2490 849 2542 903 et
2568 847 2716 903 Filio
2744 848 2921 902 vitam
2950 846 3148 901 habere
3187 847 3248 900 in
3296 847 3623 918 semetipso;
3674 849 3758 903 sic
3803 849 3860 903 ei

2210 935 2355 991 dedit
2377 935 2550 992 vitam
2572 935 2855 1007 procedere
2883 934 2949 991 de
2968 935 3086 1003 illo,
3116 936 3262 991 sicut
3288 944 3340 992 et
3367 936 3609 1008 procedit
3638 936 3705 994 de
3733 938 3852 1008 ipso

2210 1024 2292 1097 (In
2320 1027 2563 1083 Joannis
2590 1026 2797 1096 Evang.
2829 1032 2986 1081 tract.
3009 1024 3099 1093 99,
3142 1042 3241 1080 nn.
3282 1026 3336 1097 8,
3366 1025 3445 1098 9).
3478 1026 3608 1082 Haec
3638 1027 3711 1081 de
3755 1024 3858 1082 illo

2211 1130 2475 1171 sermone
2504 1114 2563 1171 in
2614 1114 2767 1171 hunc
2794 1114 3014 1172 librum
3038 1113 3335 1184 transtuli,
3365 1132 3482 1173 non
3512 1114 3859 1172 inﬁdelibus

2211 1202 2476 1275 loquens.

2280 1292 2370 1348 49.
2406 1293 2611 1350 Verum
2642 1293 2691 1349 si
2722 1294 2791 1349 ad
2825 1292 2976 1350 hanc
3006 1292 3325 1368 imaginem
3357 1294 3775 1366 contuendum,
3800 1297 3860 1351 et

2211 1381 2281 1437 ad
2306 1381 2554 1438 videnda
2576 1383 2692 1438 ista
2712 1399 2887 1455 quam
2904 1399 3041 1440 vera
3056 1384 3194 1452 sint,
3210 1401 3341 1457 quae
3358 1383 3419 1439 in
3441 1401 3645 1441 eorum
3659 1389 3861 1441 mente

2210 1474 2366 1538 sunt,
2402 1487 2506 1527 nec
2536 1471 2652 1527 tria
2679 1470 2763 1527 sic
2794 1476 2936 1528 sunt
2980 1477 3046 1529 ut
3090 1477 3210 1529 tres
3253 1490 3513 1546 personae
3561 1474 3701 1543 sint,
3752 1473 3859 1529 sed

2209 1559 2409 1615 omnia
2422 1559 2537 1615 tria
2554 1559 2810 1617 hominis
2831 1566 3111 1634 suntquis
3130 1578 3249 1618 una
3269 1578 3518 1635 persona
3534 1562 3858 1634 est,minus

2208 1648 2400 1705 idonei
2423 1653 2598 1710 sunt:
2631 1667 2735 1707 cur
2754 1667 2869 1706 non
2892 1651 2963 1707 de
2994 1651 3095 1707 illa
3124 1668 3360 1709 summa
3384 1651 3689 1717 Trinitate,
3713 1668 3845 1724 quas

2210 1742 2360 1793 Deus
2381 1739 2741 1807 est,credunt
2755 1740 2950 1812 potius
2973 1741 3124 1811 quod
3152 1740 3212 1796 in
3234 1741 3416 1798 sacris
3436 1741 3671 1796 Litteris
3686 1741 3856 1797 inve-

2210 1827 2387 1895 nitur,
2413 1845 2589 1900 quam
2610 1829 3327 1901 poscuntliquidissimam
3355 1830 3519 1885 reddi
3544 1830 3657 1885 sibi
3673 1830 3855 1885 ratio-

2208 1932 2341 1972 nem
2359 1934 2484 1990 qua:
2498 1918 2568 1973 ab
2592 1918 2851 1975 humana
2869 1924 3065 1975 mente
3083 1920 3248 1975 tarda
3260 1919 3481 1975 scilicet
3494 1919 3691 1974 inﬁrm
3703 1936 3857 1991 aque

2208 2022 2321 2061 non
2362 2007 2633 2077 capitur?
2655 2008 2723 2063 Et
2751 2012 2905 2064 certe
2951 2024 3083 2063 eum
3116 2009 3461 2065 inconcusse
3497 2009 3859 2064 crediderint

2208 2096 2524 2167 Scripturis
2554 2097 2776 2153 sanctis
2819 2101 3109 2169 tanquam
3148 2097 3543 2155 veracissimis
3580 2098 3856 2167 testibus,

2206 2191 2381 2257 agant
2403 2186 2621 2241 orando
2642 2192 2698 2240 et
2713 2187 3025 2257 quaerendo
3043 2191 3100 2242 et
3120 2186 3269 2242 bene
3287 2186 3530 2243 vivendo
3543 2191 3610 2241 ut
3646 2185 3860 2241 intelli-

2205 2279 2364 2345 gant,
2386 2274 2445 2329 id
2467 2279 2575 2347 est,
2597 2280 2661 2330 ut
2675 2280 2959 2346 quantum
2979 2275 3161 2331 videri
3188 2275 3675 2348 potest,videatur
3692 2292 3852 2331 men-

2203 2367 2259 2419 te
2280 2365 2433 2435 quod
2452 2369 2683 2420 tenetur
2703 2365 2984 2431 ﬁde.Quis
3006 2365 3115 2421 hoc
3130 2365 3473 2437 prohibeat?
3491 2363 3612 2421 imo
3628 2382 3762 2420 vero
3777 2365 3849 2419 ad

2203 2451 2314 2508 hoc
2330 2452 2460 2523 quis
2477 2470 2590 2509 non
2610 2453 2959 2510 horteturPSi
2985 2457 3177 2509 autem
3193 2458 3497 2527 propterea
3510 2453 3850 2525 negandum

2202 2546 2409 2612 putant
2432 2543 2543 2597 ista
2561 2558 2708 2610 esse,
2725 2546 2863 2614 quia
2892 2560 2958 2599 ea
2976 2560 3091 2600 non
3125 2542 3320 2599 valent
3358 2544 3526 2599 caecis
3548 2543 3847 2598 mentibus

2201 2647 2434 2688 cernere
2450 2632 2684 2698 ;debent
2702 2636 2757 2687 et
2777 2631 2862 2686 illi
2885 2631 2982 2703 qui
3003 2649 3071 2687 ex
3093 2631 3391 2688 nativitate
3404 2648 3514 2687 sua
3535 2632 3847 2700 caecisunt,

2200 2705 2327 2777 esse
2349 2719 2531 2776 solem
2554 2736 2785 2792 negare.
2812 2721 2935 2776 Lux
2952 2736 3087 2793 ergo
3108 2721 3264 2777 lucet
3283 2722 3342 2776 in
3366 2720 3660 2777 tenebris:
3686 2722 3842 2793 quod

2199 2809 2248 2864 si
2269 2827 2394 2865 eam
2419 2810 2668 2864 tenebris
2688 2826 2801 2864 non
2829 2809 3331 2881 comprehendunt
3351 2811 3533 2878 (Joan.
3550 2809 3683 2881 1,5),
3708 2808 3842 2864 illu-

2200 2899 2499 2953 minentur
2524 2897 2617 2953 Dei
2640 2898 2791 2952 dono
2809 2899 2972 2969 prius
2996 2902 3060 2952 ut
3081 2898 3200 2953 sint
3223 2898 3442 2965 ﬁdeles,
3463 2906 3520 2954 et
3553 2898 3846 2969 incipiant

2197 3003 2325 3043 esse
2345 2986 2442 3041 lux
2467 2986 2525 3042 in
2548 2986 2979 3058 comparatione
2994 2986 3342 3054 inﬁdelium;
3367 2991 3546 3058 atque
3567 2986 3677 3042 hoc
3693 3004 3845 3059 prai-

2199 3076 2380 3132 misso
2408 3077 2787 3132 fundamento
2807 3076 3173 3131 aediﬁcentur
3192 3077 3264 3131 ad
3291 3076 3541 3131 videnda
3567 3093 3696 3147 quae
3714 3092 3840 3132 cre-

2200 3167 2368 3234 dunt,
2393 3164 2792 3236 utaliquando
2822 3164 3051 3236 possint
3086 3165 3304 3221 videre.
3346 3169 3494 3220 Sunt
3521 3165 3679 3222 enim
3715 3181 3846 3237 quae

2197 3254 2710 3325 itajcreduntur,ut
2730 3253 2907 3309 videri
2915 3255 3044 3325 jam
3064 3253 3305 3310 omnino
3329 3271 3443 3309 non
3458 3255 3849 3324 possint.Non

2196 3343 2353 3398 enim
2370 3343 2640 3398 Christus
2657 3343 2871 3399 iterum
2893 3342 2954 3397 in
2978 3359 3149 3399 cruce
3169 3343 3459 3399 videndus
3481 3347 3591 3399 est:
3608 3344 3712 3399 sed
3728 3343 3846 3400 nisi

2197 3431 2306 3487 hoc
2328 3433 2596 3487 credatur
2615 3431 2769 3503 quod
2785 3431 2866 3486 ita
2893 3432 3108 3487 factum
3131 3435 3306 3503 atque
3325 3431 3514 3487 visum
3540 3436 3725 3500 est,ut
3748 3432 3849 3488 fu—

2197 3528 2397 3577 turum
2421 3538 2487 3577 ac
2507 3520 2823 3576 videndum
2838 3522 2964 3591 jam
2987 3537 3103 3576 non
3126 3526 3411 3592 speretur,
3436 3538 3553 3576 non
3576 3521 3847 3593 perveni-

2196 3616 2294 3666 tur
2314 3611 2383 3666 ad
2410 3607 2927 3681 Christum,qualis
2950 3609 3079 3665 sine
3097 3610 3211 3665 ﬁne
3222 3609 3506 3666 videndus
3526 3611 3846 3676 est.Quan-

2197 3706 2321 3756 tum
2347 3716 2476 3755 vero
2497 3699 2703 3755 attinet
2720 3700 2793 3754 ad
2820 3697 2979 3754 illam
3003 3715 3324 3769 summam,
3348 3697 3726 3767 ineffabilem,
3755 3700 3848 3755 in-

2196 3788 2576 3862 corporalem,
2598 3786 3147 3859 immutabilemque
3171 3793 3444 3844 naturam
3480 3804 3586 3860 per
3622 3787 3842 3844 intelli-

2195 3878 2451 3951 gentiam
2470 3884 2788 3948 utcumque
2800 3877 3172 3945 cernendam,
3198 3894 3490 3948 nusquam
3513 3894 3577 3933 se
3600 3878 3841 3944 melius,

2195 3973 2428 4037 regente
2444 3968 2726 4022 duntaxat
2749 3966 2883 4022 ﬁdei
2905 3965 3125 4038 regula,
3153 3966 3305 4022 acies
3326 3966 3598 4022 humanas
3624 3966 3844 4023 mentis

2194 4060 2437 4123 exercet,
2468 4073 2645 4127 quam
2676 4055 2735 4109 in
2757 4072 2822 4111 eo
2845 4056 2997 4126 quod
3022 4056 3147 4127 ipse
3168 4054 3342 4111 homo
3375 4055 3432 4109 in
3476 4072 3584 4111 sua
3627 4060 3845 4111 natura

2162 4162 2165 4181 τ
2195 4146 2406 4201 melius
2419 4145 2640 4200 caeteris
2657 4144 3030 4208 animalibus,
3047 4143 3258 4201 melius
3278 4144 3455 4200 etiam
3479 4144 3845 4199 caterisani-

2158 4256 2159 4261 η
2197 4252 2303 4290 mas
2326 4252 2441 4290 suae
2464 4234 2727 4306 partibus
2748 4233 2943 4303 habet,
2982 4232 3134 4304 quod
3184 4236 3274 4290 est
3315 4232 3445 4304 ipsa
3491 4249 3698 4289 mens:
3748 4234 3846 4289 cui

2174 4324 2434 4397 quidam
2452 4339 2647 4379 rerum
2665 4322 3045 4379 invisibilium
3065 4321 3324 4378 tributus
3345 4326 3435 4378 est
3451 4321 3635 4389 visus,
3668 4327 3725 4377 et
3746 4323 3846 4378 cui

2192 4418 2473 4485 tanquam
2495 4412 2554 4467 in
2582 4413 2706 4468 loco
2727 4411 3027 4484 superiore
3064 4415 3238 4479 atque
3267 4411 3559 4489 interiore.
3585 4410 3843 4467 honora-

2194 4501 2386 4557 biliter
2405 4500 2758 4573 praesidenti,
2777 4499 3099 4570 judicanda
3118 4499 3317 4555 omnia
3349 4500 3627 4555 nuntiant
3657 4499 3839 4556 etiam

2193 4590 2450 4661 corporis
2477 4606 2723 4658 sensus;
2758 4595 2811 4644 et
2844 4605 2963 4661 qua
2992 4605 3107 4644 non
3141 4594 3231 4645 est
3258 4588 3660 4660 superior,cui
3692 4590 3841 4645 sub-

2192 4679 2314 4735 dita
2343 4680 2594 4751 regenda
2616 4683 2724 4745 est,
2760 4677 2875 4733 nisi
2904 4678 3081 4733 Deus.

2260 4769 2349 4823 50.
2376 4767 2588 4823 Verum
2612 4768 2762 4822 inter
2783 4766 2902 4822 haec
2924 4784 3050 4837 quae
3072 4765 3395 4835 multajam
3420 4764 3557 4835 dixi,
3585 4770 3643 4821 et
3688 4765 3837 4821 nihil

2191 4856 2350 4913 illius
2381 4873 2624 4912 summis
2657 4856 2958 4910 Trinitatis
2990 4855 3389 4910 ineii'abilitate
3437 4856 3685 4926 dignum
3742 4872 3837 4911 me

2190 4944 2405 5001 dixisse
2429 4946 2611 5001 audeo
2629 4944 2908 5015 proﬁteri,
2934 4944 3031 4999 sed
3054 4943 3312 4999 conﬁteri
3349 4943 3545 5016 potius
3564 4943 3839 5000 miriﬁca-

2188 5039 2308 5090 tam
2328 5033 2629 5089 scientiam
2645 5035 2773 5104 ejus
2787 5050 2855 5088 ex
2868 5050 2959 5087 me
2975 5031 3313 5101 invaluisse,
3333 5049 3439 5088 nec
3452 5050 3626 5105 posse
3650 5050 3741 5087 me
3757 5034 3831 5088 ad

2188 5123 2347 5179 illam
2364 5124 2536 5193 (Psal.
2562 5122 2922 5190 cxxxvm,6);
2949 5139 2980 5176 ο
2998 5126 3085 5185 tu,
3107 5120 3305 5176 anima
3320 5138 3468 5186 mea,
3505 5121 3603 5175 ubi
3626 5125 3682 5176 te
3705 5137 3836 5176 esse

2186 5213 2390 5280 sentis,
2426 5212 2718 5281 ubijaces,
2735 5211 2835 5267 ubi
2855 5211 3029 5277 stas“,
3054 5210 3237 5265 donec
3254 5210 3324 5265 ab
3338 5226 3404 5265 eo
3418 5209 3519 5280 qui
3541 5210 3834 5281 prepitius

2186 5302 2375 5358 factus
2386 5301 2760 5357 estomnibus
2772 5298 3178 5370 iniquitatibus
3193 5299 3836 5359 tuis.sanenturomnes

2185 5390 2496 5463 languores
2509 5390 2594 5445 tui
2611 5390 2782 5461 (Psal.
2806 5406 2904 5458 cn,
2924 5387 3023 5459 3)?
3051 5388 3332 5460 Agnoscis
3350 5391 3408 5443 te
3429 5392 3583 5443 certe
3622 5387 3685 5443 in
3729 5386 3832 5445 illo

2184 5497 2313 5537 esse
2325 5479 2556 5536 stabulo
2570 5478 3098 5550 quoSamaritanus
3111 5475 3207 5533 ille
3220 5476 3638 5549 perduxiteum
3654 5494 3832 5549 quem

2250 5677 2267 5711 ί
2298 5672 2421 5723 Mss.
2445 5673 2680 5738 quidam,
2704 5672 2978 5738 ubijaces,
3013 5670 3109 5738 ubi
3156 5670 3521 5738 habitastaut
3549 5668 3655 5738 _ubi
3699 5674 3827 5738 stas,

2183 5738 2357 5799 donec,
2376 5732 2479 5789 etc:
2500 5736 2603 5789 Alii
2620 5732 3152 5801 plerique,ubijaces,
3170 5733 3259 5784 ubi
3276 5732 3503 5797 habitas,
3521 5733 3700 5785 donec.
3722 5736 3826 5787 etc.
