4048 6460
2748 388 2850 409 θ’-

2586 416 2849 426 -Δμ-

1623 506 2649 679 ΑΡΡΕΝΒΙ

1834 757 2131 845 ΤΟΜΙ
2188 754 2617 847 OCTAVI

711 963 1579 1121 OPERUM
1656 957 2427 1113 .SANCTI
2522 958 3717 1144 AUGUSTINI,

2104 1223 2164 1263 IN
2200 1222 2315 1271 QUO

1299 1351 1751 1416 SUBDITITIA
1791 1350 2096 1413 ISTHIEC
2141 1348 2549 1413 OPUSCULA
2591 1347 3128 1425 EXHIBENTUR,

517 387 2733 440 Μ

2067 1496 2317 1538 SCILICET
2344 1498 2358 1538 2

507 1630 861 1678 TBACTA'I‘US
909 1627 1148 1675 CONTRA
1192 1626 1451 1680 QUINQUE
1494 1624 1803 1671 HERBSBS.
2353 1623 2530 1667 LIBER
2582 1622 2807 1669 VIGILIO
2874 1623 3211 1670 TAPSI'I‘ANO
3282 1621 3564 1670 EPISCOPO
3638 1622 3937 1669 RESTITU-

514 1728 712 1774 BEBIO
794 1726 1027 1772 CONTRA
1110 1724 1387 1781 JUDJEOS,
1475 1723 1738 1768 PAGANOS
1821 1722 1899 1767 ΒΤ
1979 1722 2112 1766 ARIA

894 1726 1027 1771 ITRA
1110 1724 1387 1781 JUDJEOS,
1475 1723 1738 1768 PAGANOS
1821 1722 1899 1767 ΒΤ
1979 1722 2159 1766 ARIA-
2358 1723 2492 1766 TUS.

593 1826 726 1872 NOS.
2270 1819 2653 1872 QUESTIONES
2697 1820 2773 1863 D8
2816 1819 3138 1865 TRINITATB
3184 1820 3261 1865 ΒΤ
3302 1818 3377 1863 DE
3432 1819 3653 1867 GENESI
3699 1820 3782 1865 EX
3822 1821 3931 1866 AL-

514 1922 806 1970 DIALOGUS
847 1922 924 1966 DE
976 1918 1440 1966 ALTERCATIONE
1502 1917 1801 1963 BCCLBSIE
1844 1918 1922 1963 ΕΤ
1965 1917 2157 1962 SYNA-
2350 1918 2528 1962 CUINO
2571 1917 2922 1962 ῺΕΟΕΒΡΤΛΕ.
3560 1900 3579 1913 ἱ

599 2020 768 2067 GOGE
778 2048 791 2062 .

2334 2017 2345 2060 ἰ
2389 2017 2849 2062 INCABNATIONB
2883 2017 3068 2062 VERBI
3110 2017 3191 2061 AD
3218 2016 3567 2065 JANUARIUI
3603 2017 3770 2065 LIBRI
3814 2017 3932 2065 DUO

518 2120 596 2164 DE
639 2119 778 2164 FIDE
822 2116 1061 2163 CONTRA
1120 2112 1480 2158 HANICIIEOB
1536 2112 1709 2157 LIBER
1772 2108 1996 2158 EVODIO
2038 2111 2164 2157 TBI-
2349 2114 2628 2160 COLLECTI
2673 2114 2751 2159 EX
2794 2113 3077 2160 ORIGENB.

601 2217 819 2262 BUTUS.
1124 2278 1127 2285 ι
2268 2212 2440 2257 LIBER
2483 2213 2559 2256 DE
2603 2212 2930 2257 TRINITATE
2966 2213 3044 2259 ET
3083 2213 3346 2260 UNITATB
3389 2214 3515 2259 DEI.

518 2311 1016 2365 conuonrromuu
1060 2290 1273 2375 (vulgo
1316 2289 1668 2370 AUGUSTINI)
1713 2307 1790 2351 ns
1848 2307 2159 2353 RECIPIEN-
2269 2311 2344 2354 ne
2392 2310 2674 2355 ssssuru
2721 2311 3125 2356 mvmu'ms.

597 2414 689 2459 DIS
733 2410 1078 2456 IANICBJEIS
1122 2408 1224 2461 QUI
1268 2406 1769 2453 CONVBRTUNTUB.
2270 2406 2560 2453 DIALOGUS
2604 2409 2678 2452 DE
2722 2409 2993 2454 UNITATB
3038 2409 3292 2454 SANCTE
3334 2409 3701 2457 TBINITATIS.

516 2510 749 2558 CONTRA
792 2507 1161 2555 FELICIANUI
1190 2506 1464 2551 ABIANUM
1510 2505 1585 2549 ΒΕ
1616 2506 1754 2549 FIDE
1784 2506 2157 2563 TRINITATIS,
2270 2506 2441 2550 LIBER
2484 2506 2560 2550 DE
2606 2506 3085 2551 ECCLBSIASTICIS
3128 2505 3530 2554 DOGIATIBUS.

838 2614 1310 2695 Conparavimus
1338 2630 1436 2673 eas
1465 2630 1655 2673 omnes
1684 2611 1961 2673 editiones
1991 2613 2161 2673 initio
2193 2615 2464 2673 Retract.
2498 2621 2554 2673 et
2585 2613 2880 2687 Confess.,
2916 2621 2958 2674 ι.
2995 2615 3020 2674 1
3058 2622 3433 2675 memoratas.
3520 2614 3607 2676 M.

1167 2875 1687 2941 ADMONITIO
1752 2876 1851 2941 IN
1912 2877 2659 2953 SUBSEQUENTEM
2720 2877 3262 2943 SERMONEM.

594 3121 929 3178 Tractatum
962 3116 1237 3173 adversus
1266 3116 1527 3187 quinque
1554 3116 1832 3185 Haereses,
1867 3132 2039 3189 quem
2071 3117 2351 3173 Erasmus
2384 3116 2635 3174 hominis
2663 3117 2875 3173 eruditi
2896 3116 3218 3189 quidcm,et
3246 3116 3434 3189 arguti
3456 3120 3515 3173 et
3542 3116 3785 3173 facundi
3808 3134 3936 3175 esse

517 3214 843 3278 censuerat,
869 3224 983 3263 non
1014 3210 1205 3261 tamen
1220 3204 1555 3275 Augustini,
1586 3207 1700 3260 nisi
1716 3210 1856 3277 forte
1881 3206 1981 3276 ait,
2004 3208 2217 3277 juvenis
2237 3207 2471 3278 scripsit,
2496 3207 2821 3278 Augustino
2846 3206 2971 3262 sine
2993 3205 3364 3261 cunctatione
3386 3205 3733 3277 adjudicant
3753 3207 3933 3262 Lova-

514 3301 749 3357 nienses
768 3302 825 3354 et
854 3295 1263 3363 Bellarminus,
1298 3293 1511 3365 aliique
1540 3295 1882 3350 auctoritate
1912 3294 2099 3364 Bedaa,
2132 3296 2228 3366 qui
2259 3312 2327 3350 ex
2356 3296 2543 3368 capite
2574 3298 2839 3366 ejusdem
2872 3299 3179 3350 tractatus
3220 3298 3430 3366 quarto
3461 3300 3518 3349 et
3545 3296 3755 3366 quinto
3788 3296 3931 3352 citat

513 3391 781 3463 quaedam
814 3387 873 3441 in
904 3389 1079 3457 caput
1112 3384 1367 3456 primum
1400 3383 1669 3453 Epistolas
1701 3384 1861 3439 Pauli
1894 3385 1965 3439 ad
1998 3382 2398 3440 Romanos.Ea
2428 3386 2498 3440 de
2530 3385 2679 3439 facto
2708 3385 2885 3440 verba
2922 3383 3158 3439 nomine
3189 3383 3505 3454 Augustini
3538 3386 3722 3440 citata
3750 3402 3923 3458 repe-

508 3480 743 3533 riuntur
772 3491 885 3530 non
919 3472 1111 3529 solum
1143 3472 1201 3526 in
1232 3470 1466 3543 vulgata
1493 3472 1657 3526 Bedes
1692 3471 2029 3527 collectione
2050 3471 2149 3526 illa
2171 3473 2447 3537 auctiore,
2471 3488 2597 3543 quae
2616 3470 2807 3527 verius
2829 3476 2917 3527 est
2939 3470 3091 3527 Flori
3113 3470 3527 3543 Lugdunensis
3556 3491 3572 3541 ;
3607 3471 3710 3527 sed
3745 3476 3925 3529 etiam

508 3566 568 3619 in
599 3564 780 3620 altera
809 3565 967 3617 certa
995 3560 1179 3624 Bedes,
1216 3576 1345 3631 quae
1376 3575 1574 3631 poenes
1608 3575 1712 3614 nos
1736 3563 1826 3614 est
1852 3559 2078 3614 brevior
2107 3560 2165 3615 in
2198 3560 2440 3615 Paulum
2474 3559 2733 3629 colectio,
2764 3560 3024 3615 nondum
3067 3558 3221 3631 typis
3251 3558 3426 3614 edita.
3472 3558 3692 3615 Verum
3728 3577 3926 3618 sermo

507 3655 616 3710 iste
645 3653 836 3708 dictus
866 3668 932 3706 eo
961 3655 1219 3721 tempore
1249 3648 1725 3720 deprehenditur,
1750 3665 1866 3720 quo
1892 3649 2081 3703 Africa
2113 3650 2419 3704 tenebatur
2449 3649 2796 3704 Arianorum
2829 3648 3396 3719 dominatu,quando
3420 3649 3546 3719 jam
3578 3650 3923 3706 orthodoxis

509 3742 865 3814 pastoribus,
895 3739 1026 3794 aliis
1055 3738 1255 3794 exsilio
1288 3755 1391 3793 seu
1423 3739 1581 3809 fuga,
1613 3737 1743 3793 aliis
1775 3742 1961 3793 morte
1991 3737 2259 3808 sublatis,
2292 3738 2544 3794 haeretici
2584 3737 2911 3793 Catholicos
2955 3743 3012 3793 et
3057 3736 3593 3794 concertationibus
3643 3739 3931 3795 sollicita-

508 3833 669 3899 bant,
706 3836 763 3885 et
792 3829 1202 3900 largitionibus
1233 3826 1551 3899 pecuniave
1580 3843 1953 3898 corrumpere
1984 3829 2308 3882 tentabant.
2341 3832 2405 3882 In
2437 3828 2626 3900 capite
2656 3830 2710 3894 6,
2747 3830 2848 3885 Ubi
2876 3829 3027 3894 estis,
3061 3828 3269 3900 inquit,
3301 3830 3480 3898 fontes
3511 3828 3926 3900 lacrymarum!

503 3922 714 3992 Quibus
739 3918 1000 3989 agricolis
1029 3919 1218 3989 loquor
1245 3920 1269 3969 .9
1296 3918 1409 3971 Alii
1425 3920 1553 3970 sunt
1580 3918 1914 3981 mortui,alii
1940 3920 2138 3987 fugati.
2173 3918 2240 3973 Et
2267 3935 2392 3990 cap.
2426 3923 2477 3974 7.
2504 3920 2842 3974 Adversatur
2870 3918 3185 3991 (Arianus).
3204 3919 3658 3990 clamat,litigiat.
3680 3926 3921 3992 pugnat,

503 4010 695 4064 turbas
723 4010 1032 4077 congregat,
1063 4016 1253 4060 contra
1281 4004 1557 4059 Christum
1586 4004 1833 4060 dimicat.
1866 4006 1963 4060 Ille
1990 4008 2313 4074 sanguinem
2330 4007 2492 4076 fudit,
2518 4016 2578 4062 ut
2606 4007 2878 4063 redimat:
2910 4009 3012 4063 iste
3039 4008 3330 4079 pecuniam
3356 4009 3625 4078 spagit,ut
3656 4012 3916 4079 perimat.

503 4094 731 4153 Similia
760 4094 1032 4167 leguntur
1060 4093 1117 4148 in
1150 4109 1419 4149 sermone
1448 4098 1481 4146 2
1511 4094 1581 4147 ad
1613 4093 2091 4159 Catechumenos,
2126 4112 2182 4149 n.
2213 4096 2303 4159 24,
2338 4100 2394 4149 et
2426 4111 2694 4150 sermone
2744 4096 2814 4151 de
2860 4096 3141 4166 Tempore
3184 4095 3511 4161 barbarico,
3546 4112 3604 4150 n.
3640 4098 3709 4151 10
3743 4114 3757 4166 ;
3790 4116 3917 4169 qua:

499 4191 657 4241 tomo
691 4188 870 4253 sexto,
895 4183 954 4238 in
984 4188 1216 4255 tempus
1240 4182 1567 4237 Vandalicas
1600 4184 2017 4253 persecutionis
2049 4188 2179 4255 post
2207 4184 2514 4255 Augustini
2550 4190 2794 4240 mortem
2826 4184 3080 4240 excitatae
3113 4185 3419 4240 convenire
3451 4186 3919 4244 observavimus.

497 4274 777 4329 Praeterea
808 4271 982 4327 dictio
1014 4288 1119 4326 nec
1146 4270 1287 4325 satis
1320 4276 1614 4336 accurata,
1649 4286 1751 4325 nec
1783 4277 1898 4325 tam
1934 4272 2086 4326 seria
2116 4276 2223 4338 est,
2258 4289 2434 4342 quam
2468 4272 2614 4327 solet
2643 4289 2770 4328 esse
2800 4273 3137 4345 Augustini.
3172 4273 3431 4346 Exempli
3463 4274 3673 4345 gratia,
3693 4274 3751 4330 in
3787 4292 3916 4349 cap.

495 4362 550 4431 3,
588 4367 698 4416 Deo
731 4359 888 4415 Patri
920 4360 991 4414 ad
1022 4359 1380 4431 gignendum
1412 4359 1623 4413 Filium
1655 4359 1921 4431 conjugis
1952 4360 2075 4414 vice
2106 4360 2285 4415 fuisse
2316 4361 2524 4415 bonam
2558 4360 2918 4416 voluntatem
2958 4362 3142 4429 docet,
3174 4362 3259 4417 Ad
3298 4361 3417 4416 haec
3446 4363 3603 4432 quod
3635 4366 3918 4435 Augusti-

494 4451 657 4505 tinus
687 4450 745 4503 in
778 4450 1106 4505 Donatistas
1139 4448 1395 4519 scripsit,
1427 4449 1483 4502 id
1516 4453 1716 4503 auctor
1747 4448 1803 4501 in
1836 4447 2082 4504 Arianos
2112 4453 2361 4519 torquet,
2381 4466 2504 4520 cap.
2538 4452 2572 4505 6
2606 4468 2618 4505 :
2645 4451 2822 4519 Quare
2849 4451 3128 4521 litigamus
3157 4452 3265 4506 ?Si
3292 4468 3408 4506 una
3436 4451 3593 4507 nobis
3623 4458 3703 4506 est
3735 4454 3917 4510 haere-

491 4546 656 4615 ditas,
708 4543 875 4598 simul
904 4539 1295 4611 possideamus,
1324 4540 1527 4607 fratres
1555 4553 1759 4602 sumus,
1794 4540 1905 4591 etc.
1930 4538 2233 4591 Credtmus
2264 4536 2460 4609 itaque
2498 4538 2712 4593 Bedam
2746 4538 2857 4609 hic,
2882 4540 3382 4609 quemadmodum
3431 4544 3489 4595 et
3519 4539 3578 4594 in
3604 4540 3917 4597 subdititia

493 4631 809 4689 Collatione
839 4645 972 4684 cum
1005 4625 1328 4693 Pascentio,
1362 4641 1537 4695 quam
1570 4623 1626 4679 in
1661 4624 1901 4679 secundi
1924 4624 2066 4678 tomi
2099 4626 2478 4696 appendicem
2513 4627 3229 4698 rejccimus,dececeptum
3259 4644 3388 4683 esse
3418 4642 3613 4683 errore
3644 4634 3912 4685 veterum

492 4722 759 4777 codicum
793 4720 892 4792 qui
926 4718 1081 4772 hunc
1112 4718 1425 4771 tractatum
1462 4714 1779 4784 Augustino
1814 4713 2136 4785 assignant.
2170 4716 2357 4784 Hujus
2386 4714 2516 4769 libri
2551 4716 2904 4773 mentionem
2957 4718 3094 4772 facit
3142 4717 3515 4783 Hincmarus,
3551 4717 3653 4773 lib.
3690 4719 3761 4774 de
3795 4738 3913 4775 non

489 4811 644 4866 trina
675 4810 914 4873 Deitate,
941 4811 999 4862 et
1028 4805 1169 4877 quia
1197 4808 1606 4875 praeconceptze
1636 4801 1793 4857 illius
1824 4802 2084 4874 opinioni
2116 4805 2279 4858 valde
2310 4805 2679 4860 incommoda
2708 4813 2873 4861 erant
2898 4807 3013 4862 haec
3044 4807 3251 4878 capitis
3278 4807 3313 4859 7
3350 4824 3364 4863 :
3400 4805 3615 4862 Gratias
3647 4808 3915 4875 tibi,vcra

488 4904 541 4957 ct
571 4917 683 4956 una
717 4900 973 4964 Trinitas,
1005 4910 1119 4950 una
1146 4896 1196 4950 et
1228 4894 1376 4948 trina
1402 4892 1627 4957 Veritas,
1651 4893 1801 4946 trina
1831 4901 1882 4946 el
1913 4907 2027 4946 una
2059 4893 2269 4959 Unitas,
2304 4893 2383 4947 ibi
2418 4893 2619 4949 multis
2650 4895 2971 4962 contendit,
3003 4913 3035 4949 a
3064 4896 3279 4967 pagina
3311 4896 3531 4952 sciiicet
3560 4896 3665 4951 450
3698 4898 3769 4951 ad
3803 4899 3909 4954 464

488 5005 556 5045 ea
584 5006 617 5044 a
644 4987 877 5044 falsario
907 4989 965 5041 et
994 4985 1311 5063 impoetore
1342 4979 1536 5051 aliquo
1564 4980 1743 5036 fuisse
1773 4980 2058 5037 immissa.
2093 4982 2153 5036 In
2178 4981 2372 5038 Indice
2402 4982 2652 5038 Possidii
2675 4989 2938 5039 notatum
2961 4984 3101 5040 dicit
3116 4983 3524 5053 Bellarminus,
3552 4986 3610 5040 in
3646 5001 3712 5041 eo
3739 4987 3905 5043 vide-

486 5076 641 5146 licet,
672 5093 844 5149 quem
876 5072 1287 5146 interpolatum
1320 5069 1501 5126 edidit
1528 5073 1779 5125 Joannes
1806 5068 2183 5126 Ulimmerius
2217 5086 2230 5127 :
2265 5087 2558 5143 nusquam
2580 5088 2712 5128 vero
2737 5072 2794 5128 in
2827 5073 3073 5142 caeteris;
3103 5076 3230 5129 tum
3261 5074 3457 5139 editis,
3480 5078 3606 5129 tum
3640 5076 3901 5147 scriptis,

486 5182 613 5237 quas
644 5167 837 5221 videre
865 5164 1033 5219 nobis
1064 5160 1247 5226 licuit,
1281 5157 1604 5214 Possidiani
1637 5157 1851 5213 Indicis
1882 5158 2312 5231 exemplaribus
2342 5160 3125 5235 invenitur.Recognovimus
3156 5162 3495 5217 Tractatum
3523 5167 3579 5217 et
3624 5165 3907 5220 emenda-

484 5256 679 5311 vimus
710 5257 782 5311 ad
813 5254 1042 5310 codices
1064 5250 1375 5306 Vaticanos
1398 5250 1616 5313 decem,
1639 5249 1709 5303 ad
1741 5251 2193 5304 Germanensem
2226 5266 2430 5319 unum,
2456 5251 2526 5305 ad
2560 5250 2996 5319 Michaelinum,
3022 5252 3092 5306 ad
3126 5251 3561 5324 Remigianum,
3587 5251 3659 5306 ad
3694 5251 3903 5307 Ebrul-

484 5345 788 5415 phensem,
823 5345 894 5398 ad
928 5340 1419 5413 Arnulphensem,
1454 5338 1524 5393 ad
1550 5337 2018 5407 Cisterciensem,
2050 5338 2121 5394 ad
2158 5339 2579 5405 Fossatensem,
2612 5340 2683 5395 ad
2716 5340 3140 5407 Coibertinum,
3176 5342 3248 5396 ad
3290 5341 3550 5397 codicem
3600 5341 3668 5395 V.
3702 5340 3765 5396 C.
3799 5342 3903 5397 do-

484 5434 625 5489 mini
660 5436 731 5490 de
760 5434 962 5489 Maran
991 5431 1299 5500 Tolosatis,
1333 5430 1403 5485 ad
1436 5429 1834 5485 Turonensem
1863 5428 1920 5483 S.
1955 5427 2204 5495 Gatiani,
2233 5434 2288 5485 et
2317 5429 2497 5485 alium
2531 5429 2796 5485 Ecclesia
2830 5430 3240 5501 Lugdunensis
3272 5430 3554 5499 codicem,
3587 5435 3648 5485 in
3684 5429 3899 5503 quibus

482 5525 822 5580 inscribitur
868 5524 1102 5579 Libellus
1144 5523 1404 5578 adversus
1434 5524 1673 5594 quinque
1694 5520 1940 5585 haereses,
1974 5519 2092 5575 sive
2120 5524 2313 5576 contra
2343 5522 2581 5593 quinque
2608 5520 2846 5577 hostium
2875 5538 3130 5595 genera;
3157 5521 3295 5594 quia
3320 5538 3531 5595 nempe
3575 5526 3668 5578 est
3700 5526 3901 5579 contra

480 5633 759 5690 paganos,
790 5617 1043 5688 Judaeos,
1078 5614 1447 5683 Manicbeos,
1480 5612 1841 5671 Sabellianos
1867 5617 1924 5669 et
1953 5611 2223 5668 Arianos.
