4048 6460
593 476 1473 583 anvnnsus
1561 480 1872 616 om:

1992 480 2324 617 qua
2406 482 3264 607 nmaasns,

1184 778 1496 842 CONTRA
1544 777 1896 863 QUINQUE
1938 778 2286 841 HOSTIUM
2335 779 2673 854 GENERA,

1564 918 2277 1008 TRACTATUS.

294 1164 527 1221 CAPUT
558 1164 861 1221 PRIMUM.
894 1194 965 1207 —
996 1165 1047 1220 1.
1081 1164 1332 1238 Quinque
1377 1182 1580 1236 genera
1616 1167 1869 1223 hostium.

224 1238 469 1295 Debitor
499 1253 652 1310 sum,
686 1238 891 1310 fateor,
926 1253 1041 1310 non
1084 1238 1429 1310 necessitate
1458 1245 1717 1310 cogente,
1752 1240 1873 1306 sed,

228 1311 388 1382 quod
419 1314 508 1365 est
536 1308 963 1377 vehementius,
983 1308 1284 1382 charitate.
1317 1311 1443 1365 Non
1472 1308 1593 1366 tam
1624 1311 1695 1365 ad
1719 1326 1877 1365 com-

223 1380 563 1454 pellendum
598 1385 789 1454 potest
817 1395 947 1435 esse
979 1380 1264 1454 molestus
1311 1388 1563 1451 exactor,
1597 1398 1775 1452 quam
1808 1383 1877 1437 ad

223 1452 590 1524 reddendum
610 1452 903 1524 {devotus
933 1456 1025 1507 est
1054 1452 1301 1508 debitor.
1342 1454 1454 1508 Sed
1505 1460 1570 1507 ut
1602 1454 1878 1524 impleam

221 1526 380 1596 quod
407 1522 673 1596 promisi,
701 1524 970 1592 adjuvate
999 1540 1090 1578 me
1119 1522 1726 1596 sanctisoralionibus
1752 1540 1878 1596 Aves-

219 1594 355 1658 tris,
389 1594 454 1651 ut
481 1596 635 1649 Deus
666 1595 1039 1666 omnipotens
1068 1595 1165 1649 det
1211 1595 1460 1666 gratiam
1511 1594 1880 1651 sermonibus

222 1668 387 1736 meis,
415 1671 472 1721 et
519 1666 889 1722 satisfaciam
922 1667 1036 1738 piis
1071 1668 1368 1721 mentibus
1398 1674 1455 1721 et
1483 1666 1723 1722 auribus
1753 1683 1876 1722 ves-

218 1742 355 1795 tris.
377 1739 436 1793 Si
458 1738 799 1809 meminisse
818 1738 1146 1809 dignamini
1171 1739 1268 1809 qui
1293 1740 1349 1792 in
1374 1744 1634 1809 tempore
1656 1739 1876 1793 adfuis-

217 1812 328 1878 tis,
362 1810 622 1881 quinque
654 1808 911 1863 hostium
944 1826 1157 1880 genera
1187 1808 1315 1865 esse
1348 1808 1607 1863 diximus
1637 1827 1649 1864 :
1676 1816 1877 1865 contra

222 1899 358 1953 qua:
384 1880 779 1953 expugnanda
810 1881 1079 1935 inducias
1109 1880 1655 1953 postulavimus,rut
1678 1898 1871 1936 neces-

224 1952 385 2009 saria
423 1969 585 2006 arma
636 1968 959 2022 przeparare
1005 1968 1334 2022 possemus.
1387 1952 1719 2007 Promissus
1748 1953 1873 2007 dies

224 2024 440 2093 illuxit,
473 2040 578 2078 nos
610 2039 844 2093 quoque
875 2023 1125 2093 impigre
1170 2025 1241 2077 ad
1296 2029 1587 2077 certamen
1632 2023 1874 2078 Domino

223 2098 541 2166 adjuvante
573 2095 988 2166 processimus.
1022 2094 1392 2166 Adjutoriurn
1428 2100 1692 2149 nostrum
1717 2113 1749 2149 a
1773 2095 1878 2149 Do-

225 2164 407 2233 mino,
444 2167 541 2239 qui
577 2164 709 2220 fecit
736 2164 963 2239 coelum
983 2171 1039 2219 et
1080 2173 1295 2239 terram
1345 2165 1543 2239 (Psal._
1569 2182 1762 2235 cxxm,
1795 2166 1872 2239 8).

226 2236 479 2295 Donabit
502 2237 745 2292 oertanti
768 2236 1088 2305 victoriam,
1113 2238 1213 2307 qui
1233 2238 1491 2291 certandi
1516 2237 1676 2291 dedit
1701 2238 1877 2291 auda-

226 2312 399 2366 ciam.
438 2311 559 2366 Non
591 2326 699 2363 nos
730 2308 987 2363 hostium
1020 2310 1212 2373 turba,
1248 2325 1361 2363 non
1397 2325 1501 2362 nos
1527 2308 1874 2363 bellantium

224 2387 455 2438 revocet
482 2383 689 2444 forma,
731 2396 845 2434 non
874 2380 1040 2451 quasi
1073 2380 1277 2443 vitrea,
1314 2378 1595 2451 fulgentia
1622 2384 1879 2451 terreant

224 2454 445 2509 arma”.
475 2452 697 2508 Goliam
723 2450 1025 2521 magnum,
1052 2453 1380 2516 robustum,
1405 2450 1878 2521 armisterribili-

228 2528 361 2594 bus,
396 2524 735 2595 ingentique
756 2520 929 2577 turba
952 2522 1307 2595 munitum“,
1326 2522 1503 2595 David
1528 2520 1708 2589 solus,
1734 2539 1878 2595 puer

223 2593 936 2669 parvus—atque'inermis,
972 2610 1086 2647 uno
1134 2593 1345 2669 lapidis
1390 2594 1505 2669 ictu
1539 2594 1874 2669 prostravit,

224 2664 467 2738 totaque
497 2664 943 2738 Allophylorum
967 2670 1158 2719 castra
1180 2672 1238 2738 tu
1251 2664 1436 2738 rbavit
1460 2670 1633 2735 atque
1655 2664 1877 2738 fugavit

221 2745 270 2808 (ι
304 2735 428 2810 Παῤ.
456 2754 568 2804 xv1,
606 2735 904 2810 {9).'_Quid
937 2741 1130 2790 autem
1163 2735 1335 2810 aliud
1354 2740 1515 2805 petra
1545 2741 1746 2790 contra
1769 2736 1879 2810 Go-

227 2806 581 2866 liamvmanu
615 2808 788 2863 David
823 2806 1026 2876 missa,
1061 2808 1174 2861 nisi
1206 2807 1501 2862 Christum
1529 2812 1729 2861 contra
1751 2808 1873 2863 dia-

224 2882 429 2938 bolum
462 2898 531 2937 ex
562 2880 787 2935 semine
822 2879 999 2934 David
1032 2884 1341 2933 venturum
1374 2878 1770 2950 signiﬁcavit?

301 2956 355 3009 2.
387 2951 812 3023 Aggrediamur
854 2952 1003 3020 jam,
1055 2956 1112 3004 et
1160 2949 1587 3023 erroruquuze
1617 2949 1874 3023 diximus

226 3020 736 3097 quinque'genera
766 3020 1432 3097 proponamus._Paga_ni
1472 3020 1692 3081 dicunt.
1726 3020 1873 3097 Quid

226 3091 497 3168 estquod
520 3091 626 3150 nos
644 3091 962 3168 exhorretis
976 3096 1148 3162 atque
1162 3091 1707 3168 alijic'itistanquam
1722 3091 1874 3168 mul-

229 3176 322 3223 tos
354 3163 608 3223 colentes
638 3167 778 3219 deos
804 3168 826 3218 Ρ
856 3165 996 3218 Ecce
1027 3169 1083 3218 et
1110 3180 1210 3218 vos
1246 3166 1441 3231 Deum,
1475 3180 1643 3233 quem
1673 3163 1875 3234 prmdi-

231 3238 379 3295 catis
411 3239 740 3300 colendum,
774 3235 961 3289 tilium
987 3234 1201 3290 habere
1227 3234 1441 3298 dicitis,
1466 3251 1717 3305 eumque
1749 3234 1874 3290 sine

233 3310 477 3366 alterius
510 3307 923 3364 commixtione
943 3323 1115 3361 sexus
1138 3312 1342 3361 natum
1365 3322 1493 3360 esse
1513 3308 1869 3377 contingitis.

223 3383 413 3438 Judaai
440 3382 660 3449 dicunt,
684 3380 983 3442 Quomodo
1004 3395 1184 3432 unum
1206 3378 1393 3433 colitis
1417 3380 1615 3445 Deum,
1636 3378 1871 3448 quando

223 3462 283 3509 et
310 3455 601 3508 hominem
626 3467 800 3521 quem
826 3456 1017 3520 patres
1040 3451 1221 3503 nostri
1245 3449 1656 3521 cruciﬁxerunt
1674 3449 1867 3503 Domi-

224 3527 403 3580 num‘
428 3520 708 3602 dicentes,
736 3522 1073 3575 hominibus
1110 3520 1465 3602 extorquetis
1502 3526 1867 3602 uttanquam

224 3597 437 3652 Filium
466 3596 558 3649 Dei
578 3595 811 3647 vobiscu
824 3610 877 3647 m
896 3596 1244 3647 venerentur
1257 3598 1309 3646 et
1324 3591 1555 3646 colant?
1569 3590 1867 3645 Manichaai

223 3669 433 3723 dicunt
452 3667 797 3739 phantasma
815 3680 963 3739 esse,
985 3664 1139 3739 quod
1156 3661 1869 3739 diciturDo_minum_Chri-

225 3746 390 3795 stum
418 3732 666 3793 femineo
692 3734 949 3807 potuisse
976 3732 1135 3788 nasci
1162 3751 1229 3789 ex
1252 3740 1434 3789 utero.
1460 3734 1584 3789 Non
1607 3734 1761 3807 enim
1787 3732 1870 3787 di-

225 3828 411 3883 gnum
435 3816 542 3876 est,
567 3808 867 3883 inquiunt,
889 3810 953 3861 ut
976 3811 1134 3883 tanta
1156 3807 1433 3883 majestas
1456 3822 1562 3883 pe:
1586 3806 1787 3883 sordes
1810 3809 1868 3883 et

226 3875 528 3954 squalores
577 3875 805 3954 fer—ninia
837 3878 1138 3954 _tra_nsisse
1186 3875 1474 3954 credatur}
1518 3875 1865 3954 §abell_iani,

222 3947 403 4009 iidem
436 3948 873 4022 Patripassiani,
910 3949 1172 4022 dicunt,
1198 3948 1361 4003 Unus
1400 3947 1670 4022 estDeus
1701 3948 1870 4022 Pater

224 4030 283 4105 et
301 4024 481 4105 Fiiius
498 4018 804 4105 aqu-omam
824 4019 1134 4105 qui_Pater,
1160 4020 1285 4091 ipse
1306 4024 1395 4105 est
1414 4024 1471 4105 et
1496 4018 1696 4105 Filius.
1722 4019 1866 4105 3am

223 4098 277 4153 si
310 4096 477 4151 aliter
500 4090 858 4157 dixerimus,
888 4092 1152 4147 dicemur
1188 4090 1527 4146 imulticolae.
1561 4090 1751 4144 Ariani
1781 4090 1867 4144 di-

222 4173 387 4237 cunt,
419 4166 580 4221 Alius
612 4170 709 4237 est
762 4164 946 4237 Pater,
998 4162 1147 4237 alius
1178 4168 1268 4237 est
1308 4162 1509 4228 Filius,
1543 4162 1641 4216 sed
1678 4161 1870 4237 minor

224 4244 318 4297 est
349 4231 548 4294 Filius.
598 4236 895 4301 Quomodo
925 4234 1080 4288 enim
1116 4233 1237 4289 fieri
1287 4238 1497 4305 potest,
1530 4238 1593 4288 ut
1622 4231 1868 4304 genitori

224 4308 700 4385 sesimasxistat
729 4304 1017 4385 squillis?

300 4380 537 4437 CAPUT
561 4380 630 4433 II.
654 4410 721 4419 —
743 4373 812 4433 3.'
834 4376 1059 4432 Fiducia
1098 4373 1358 4429 adversus
1396 4375 1695 4430 haereticos.
1727 4374 1870 4429 Ecce

230 4460 373 4509 sunt
401 4446 1000 4521 errorum'propositm
1022 4446 1396 4521 quaestiones,
1422 4446 1586 4521 quasi
1615 4445 1869 4501 hostium

230 4467 373 4509 sunt
401 4468 661 4507 errorum
688 4467 791 4521 pro
836 4467 1000 4504 OSILEB
1022 4467 1396 4518 quasuones,
1422 4467 1586 4517 quael
1616 4467 1869 4501 nosuum

228 4524 570 4595 compositae
597 4524 769 4577 acies.
793 4467 1007 4595 Bontra
1029 4519 1171 4573 istas
1196 4518 1347 4595 acies
1380 4516 1702 4595 pestiferas,
1737 4533 1870 4595 san-

229 4586 484 4653 ctissimi
509 4596 733 4658 fratres,
760 4592 1042 4647 assumite
1064 4606 1227 4644 arma
1252 4589 1367 4652 Dei,
1382 4586 1457 4642 'ut
1477 4588 1711 4659 possitis
1733 4586 1873 4642 resi-

229 4675 388 4724 stere
418 4667 476 4721 in
509 4666 600 4721 die
628 4664 779 4719 malo
809 4669 865 4718 et
890 4663 948 4716 in
981 4661 1255 4716 omnibus
1288 4659 1523 4730 perfecti
1557 4664 1732 4714 stare.
1767 4662 1873 4713 Ac-

232 4738 538 4809 cingimini
565 4737 799 4809 lumbos
825 4736 888 4809 in
906 4733 1144 4809 veritate
1171 4748 1183 4786 :
1209 4747 1378 4809 nemo
1402 4732 1874 4809 trepide_t,_nemo

234 4802 530 4866 formidet.
556 4810 656 4863 Est
678 4804 1131 4876 loricajustitiie,
1151 4807 1241 4857 est
1259 4808 1488 4876 scutum
1510 4802 1661 4870 ﬁdei,
1684 4802 1741 4855 in
1762 4817 1877 4876 quo

234 4882 463 4953 sagitta
497 4873 906 4953 malignorum_
935 4873 1531 4953 ignitaegexcipiantur
1567 4879 1625 4953 et
1664 4873 1876 4953 exstin:

234 4943 511 5026 guantur.
532 4943 809 5026 Estgalea
825 4943 1055 5026 salut-is,
1077 4950 1165 5026 est
1186 4944 1419 5026 gladius
1439 4943 1699 5026 spiritus,
1725 4944 1877 5026 quod

230 5015 324 5081 δεῖ
345 5025 584 5079 verbum
611 5015 704 5077 Dei
726 5022 937 5090 (Ephes.
967 5036 1046 5082 v1,
1081 5017 1288 5090 14-17).
1317 5015 1594 5090 Quisquis
1624 5015 1880 5090 ﬁdelium

229 5096 451 5153 Christi
476 5094 729 5149 militum
754 5088 844 5147 his
868 5088 1234 5145 fueritarmis
1253 5088 1535 5150 munitus,
1557 5104 1670 5141 non
1691 5089 1884 5156 cujus-

228 5184 411 5240 quam
449 5165 785 5221 formidabit
808 5177 1141 5240 personam,
1168 5172 1282 5240 non
1305 5163 1523 5240 terrore
1546 5164 1658 5240 tem
1671 5159 1884 5240 porisa

233 5184 411 5240 quam
449 5182 785 5221 tormiaunit
808 5182 1141 5290 personam,
1169 5182 1282 5213 non
1309 5182 1523 5212 terrore
1549 5182 1658 5212 L611]
1671 5182 1881 5241 puriuu

233 5239 559 5295 certamine
602 5253 803 5291 revoca
848 5236 983 5289 itur.
1038 5234 1155 5297 Eia,
1212 5232 1437 5296 fratres,
1489 5236 1783 5284 certamen
1824 5245 1881 5284 In

233 5314 512 5384 promptu
538 5314 645 5376 est,
670 5310 851 5363 tervet
872 5322 1041 5376 opus,
1065 5307 1233 5375 urget
1254 5302 1640 5384 adversa-rius,
1660 5300 1886 5384 spicula

233 5372 429 5455 parat;
447 5372 642 5453 jacere
662 5383 874 5448 tentat,
897 5372 1067 5433 nemo
1089 5372 1448 5447 expavescat.
1476 5373 1704 5429 Fratres
1755 5372 1885 5445 plu-

305 5569 323 5603 ί
361 5564 544 5616 Alias:
577 5563 662 5613 Ad
715 5561 1121 5627 compellendum
1176 5573 1275 5609 non
1304 5561 1466 5619 potest
1513 5572 1619 5609 esse
1649 5558 1889 5608 molestus

240 5635 469 5686 exactor,
501 5627 712 5692 quando
744 5624 1181 5692 ari-reddendum,
1214 5627 1319 5670 etc.

307 5694 328 5727 ³
357 5685 538 5740 Ριιιτθὶ
565 5692 708 5750 Msa,
739 5704 843 5739 non
885 5688 1033 5752 quasi
1060 5687 1268 5749 fulgens
1310 5685 1472 5735 vitrea
1502 5687 1691 5735 terreat
1714 5697 1889 5733 arma-

240 5761 383 5807 tura.

309 5820 330 5855 ³
362 5815 506 5875 Mss.,
537 5815 709 5878 forma
747 5813 1021 5863 munitum.

309 5882 333 5919 ⁵
358 5879 542 5933 Plures
570 5879 715 5944 Msa,
748 5878 930 5928 Deum.

1985 1182 2078 1222 res
2108 1166 2583 1241 suntnobiscum
2614 1184 2793 1241 quam
2836 1185 2971 1225 cum
3021 1168 3159 1235 illis,
3191 1167 3507 1227 Nobiscum
3540 1174 3632 1227 est

1985 1238 2328 1313 Moysesille
2350 1256 2599 1312 magnus
2621 1238 2845 1297 amicus
2864 1242 2987 1307 Dei,
3008 1242 3103 1313 qui
3121 1241 3423 1297 uthostem
3437 1242 3629 1298 vince-

1987 1309 2479 1384 ret‘prasliantem,
2506 1328 2715 1384 manus
2739 1314 2809 1367 ad
2833 1309 3041 1368 malum
3058 1313 3472 1384 extendit,jam
3490 1318 3632 1369 tunc

1990 1382 2234 1457 figuram
2261 1384 2451 1457 crucis
2472 1382 2687 1457 Christi
2706 1385 3057 1457 ostendens:
3078 1384 3202 1457 ipse
3222 1382 3417 1457 divino
3448 1385 3633 1457 impe-

1990 1453 2092 1515 rio,
2126 1454 2410 1509 tumentis
2440 1454 2602 1524 ponti
2632 1454 2926 1511 volventes
2957 1453 3230 1510 ﬂexuosis
3259 1455 3487 1511 sinibus
3522 1453 3632 1512 un-

1989 1524 2150 1598 dasf,
2185 1541 2300 1598 uno
2328 1525 2502 1597 virgas
2532 1542 2812 1598 percussu
2834 1527 3178 1596 trajiciendo
3201 1526 3415 1598 populo
3436 1527 3635 1583 aridos

1988 1594 2163 1669 vertit
2180 1596 2249 1669 in
2277 1594 2884 1669 camposngobiscum
2917 1594 3006 1651 est
3032 1594 3218 1653 Jesus'
3236 1594 3367 1669 post
3396 1600 3631 1669 Moysen

1988 1664 2190 1740 populi
2221 1667 2339 1721 dux
2369 1664 2693 1740 Israelitici,
2728 1668 3085 1723 fortissimus
3106 1664 3428 1740 proeliator,
3460 1664 3633 1739 cujus

1987 1739 2407 1811 etiamgnomen
2441 1739 2660 1794 indicat
2678 1740 3031 1795 Salvatorem
3057 1757 3075 1793 :
3100 1739 3223 1811 ipse
3246 1740 3503 1810 potentia
3524 1756 3634 1795 sua

1986 1812 2042 1863 et
2071 1808 2261 1864 divina
2297 1811 2531 1875 ﬁducia,
2564 1811 2741 1877 diem,
2774 1811 2863 1866 sui
2910 1808 3334 1866 cursus‘metas
3362 1828 3434 1866 ne
3462 1828 3629 1883 pera-

1987 1886 2167 1953 geret,
2202 1883 2445 1948 statuit;
2476 1887 2533 1936 et
2554 1883 2707 1937 nocti
2734 1899 2805 1936 ne
2825 1883 3122 1937 accederet
3144 1883 3471 1953 imperavit.
3500 1883 3630 1953 Ipse

1986 1951 2248 2025 gentium
2280 1968 2471 2025 reges,
2500 1970 2613 2007 non
2658 1953 3024 2024 singillatim,
3075 1955 3174 2025 sed
3227 1951 3625 2025 congregatim

1987 2022 2300 2093 superavit,
2325 2022 2653 2094 captivavit,
2684 2022 3031 2089 huiniliavit,
3057 2024 3283 2080 occidit.
3311 2022 3626 2080 Nobiscum

1984 2103 2072 2148 est
2104 2094 2281 2148 David
2315 2112 2526 2166 manus
2559 2096 2764 2162 fortis;
2797 2096 2937 2166 quid
2989 2096 3228 2150 dicam?
3271 2112 3469 2151 servus
3503 2098 3626 2165 Dei,

1985 2165 2203 2219 electus
2226 2165 2346 2232 Dei,
2370 2166 2597 2238 amicus
2621 2168 2740 2231 Dei,
2768 2165 2978 2238 parens
3002 2168 3132 2221 Dei:
3156 2172 3392 2222 noverat
3406 2172 3462 2222 et
3483 2168 3629 2223 bene

1987 2242 2245 2300 noverat,
2278 2254 2392 2290 non
2425 2236 2614 2292 solum
2660 2236 2896 2308 parcere
2927 2238 3205 2306 subjectis
3248 2244 3307 2293 et
3336 2239 3629 2294 debellare

1985 2311 2266 2378 superbos
2296 2308 2533 2378 (/Encid.
2585 2310 2683 2363 lib.
2735 2310 2813 2376 6.,
2862 2325 3001 2363 vers.
3039 2310 3188 2379 853),
3222 2326 3420 2363 verum
3451 2310 3627 2365 etiam

1983 2380 2223 2461 virtutes
2253 2380 2558 2435 ostendere
2585 2385 2641 2435 et
2662 2380 3341 2461 patientiaqcustodire.
3368 2381 3493 2461 Ipse
3514 2381 3628 2436 ini-

1986 2450 2168 2504 micos
2199 2466 2337 2505 suos
2368 2467 2501 2505 cum
2535 2450 3037 2522 persequeretur',
3090 2468 3205 2505 non
3238 2450 3621 2522 perniciosus,

1984 2526 2041 2593 et
2061 2537 2194 2593 cum
2217 2522 2490 2593 vinceret,
2514 2539 2629 2577 non
2652 2523 2871 2577 exstitit
2889 2523 3127 2593 impius.
3148 2522 3463 2577 Nobiscum
3488 2528 3628 2578 sunt

1986 2591 2083 2646 alii
2117 2597 2289 2663 atque
2310 2592 2406 2647 alii
2432 2591 2619 2647 sancti
2641 2594 2770 2660 viri,
2798 2594 2895 2664 qui
2920 2591 3110 2649 omnia
3134 2594 3329 2647 futura
3348 2594 3624 2663 previde-

1986 2669 2124 2718 runt
2150 2671 2206 2718 et
2236 2664 2642 2734 praedixerunt.
2662 2665 2787 2719 Non
2809 2670 2899 2719 est
2917 2680 3053 2736 ergo
3076 2665 3229 2735 quod
3248 2669 3462 2736 terreat
3481 2680 3581 2720 vos
3607 2681 3620 2721 :

1984 2741 2042 2789 et
2072 2740 2302 2789 tantum
2333 2740 2675 2807 exspectate,
2718 2737 2916 2791 audite
2943 2735 3001 2791 et
3028 2741 3210 2807 orate,
3260 2735 3539 2790 intentior
3568 2741 3627 2791 et

1984 2807 2240 2861 auctior“
2270 2806 2567 2862 circa’me
2622 2814 2813 2862 vestra
2870 2808 2947 2861 sit
2988 2806 3192 2861 oratio.
3236 2807 3362 2861 Non
3402 2806 3623 2863 diutius

1986 2878 2391 2950 immoremur,
2413 2878 2539 2949 jam
2570 2894 2697 2948 qua:
2727 2879 3139 2950 proposuimus
3176 2894 3619 2949 prosequamur.

2054 2948 2277 3004 CAPUF
2324 2949 2416 3003 IlI.
2451 2979 2539 3004 -—.
2576 2953 2657 3004 Ex
2712 2948 2954 3004 Herrnete
3008 2952 3059 3003 et
3105 2948 3319 3020 Sibylla
3365 2948 3624 3005 adversus

1982 3021 2252 3089 Paganos.
2289 3020 2436 3093 Quid
2469 3020 2639 3093 dicis,
2669 3037 2893 3093 pagane
2914 3022 2940 3075 ‘I
2962 3020 3137 3093 Deus,
3157 3021 3369 3093 inquis,
3393 3022 3442 3075 si
3466 3021 3620 3076 dele-

1982 3096 2174 3145 ctatus
2204 3096 2293 3145 est
2320 3091 2457 3157 filio,
2492 3090 3070 3162 indiguit'conjugio:
3096 3092 3143 3145 si
3168 3090 3393 3146 horruit
3412 3093 3621 3161 conju-

1982 3161 2165 3233 gium,
2189 3163 2350 3217 solus
2370 3162 2605 3217 estsine
2625 3161 2768 3218 lilio.
2794 3163 2941 3229 Quid
2959 3162 3115 3218 enim
3136 3163 3622 3233 poteratinveniri

1983 3234 2174 3306 simile
2195 3235 2325 3306 Deo,
2341 3235 2493 3306 quod
2509 3236 2962 3306 conjungeretur
2976 3240 3106 3296 Deo,
3122 3240 3178 3288 et
3194 3238 3421 3305 pareret
3436 3234 3620 3289 filium

1981 3278 2445 3370 Deo?Deindgsi,
2460 3278 2945 3373 utdic‘itisTbahet
2967 3278 3119 3359 Deus
3138 3278 3483 3375 ﬁllum,jam
3503 3322 3619 3360 non

1982 3392 2166 3430 unum
2189 3376 2377 3430 colitis
2403 3382 2602 3431 Deum.
2626 3376 2773 3438 Quid
2797 3376 3065 3447 agimus?
3085 3377 3168 3430 Ab
3199 3375 3501 3447 Allopbylo
3531 3380 3618 3431 te-

1981 3448 2099 3501 lum
2126 3448 2373 3501 missum
2396 3449 2729 3517 excepimus
2753 3467 2767 3513 ;
2791 3446 2925 3517 quid
2948 3447 3314 3502 remittemus
3334 3446 3615 3510 ‘IQuodli-

1980 3519 2073 3572 bet
2096 3518 2432 3572 miserimus
2454 3518 2656 3587 telum,
2682 3518 2816 3573 licet
2834 3519 3127 3589 perveniat
3150 3518 3221 3572 ad
3253 3517 3440 3583 illum,
3467 3517 3614 3572 nihil

2019 3590 2231 3645 rodest.
2254 3590 2477 3652 Quare?
2496 3590 2639 3654 Quia
2661 3591 2845 3645 durus
2857 3596 2964 3645 est.
2979 3594 3268 3653 Quantum
3286 3590 3469 3643 durus
3482 3590 3613 3645 est?

2019 3606 2231 3645 rooesz.
2254 3606 2477 3652 Quare?
2496 3606 2639 3654 uuia
2661 3606 2845 3645 durus
2857 3606 2964 3645 est.
2979 3606 3268 3653 Quantum
3286 3606 3611 3645 ourusest‘!

1978 3606 2267 3732 Eapideus
2290 3666 2405 3716 est:
2430 3660 2585 3715 idola
2606 3662 2778 3727 colit;
2803 3665 3152 3731 etscriptum
3178 3659 3513 3724 est,Similes
3534 3661 3611 3714 ii-

1973 3733 2042 3786 [is
2069 3733 2203 3801 ﬁant
2233 3747 2418 3787 omnes
2449 3735 2546 3802 qui
2573 3734 2787 3802 faciunt
2813 3749 2899 3802 ea,
2932 3737 2983 3787 et
3006 3748 3190 3787 omnes
3211 3733 3306 3801 qui
3324 3732 3611 3801 conﬁdunt

2884 3777 2899 3802 ’

1973 3805 2034 3857 in
2054 3805 2133 3857 eis
2164 3804 2329 3868 (Psal.
2364 3819 2498 3871 cxu,
2531 3804 2614 3874 8).,
2651 3810 2892 3858 Sanctae
2942 3804 3271 3874 Scripturas
3310 3818 3425 3855 non
3457 3802 3609 3857 acci-

1974 3875 2077 3946 pit.
2093 3874 2429 3937 Quaaramus
2449 3891 2584 3945 ergo
2605 3873 2856 3946 lapidem
2876 3891 2991 3947 quo
3010 3875 3388 3947 percutiatur,
3404 3877 3611 3947 utper-

1976 3945 2195 4017 cussus
2210 3950 2543 4017 quassetur,
2565 3945 2882 4017 quassatus
2899 3945 3611 4017 'comminuatur,commi_-

1976 4025 2154 4072 nulus
2184 4015 2245 4070 in
2276 4015 2599 4087 pulverem‘
2623 4022 3011 4086 convertatur,
3058 4032 3372 4072 conversus
3400 4017 3459 4070 in
3492 4015 3615 4086 pul-

1975 4104 2167 4143 verem
2201 4087 2590 4159 compluatur,
2622 4089 2953 4159 complutos
2983 4094 3227 4154 seratur,
3260 4092 3425 4159 satus
3447 4088 3621 4159 faciat

1977 4159 2255 4225 fructum,
2290 4157 2403 4213 non
2435 4159 2547 4230 qui
2568 4160 2700 4230 igne
2731 4157 3130 4225 consumatur,
3159 4159 3256 4212 sed
3283 4157 3384 4230 qui
3410 4158 3467 4213 in
3491 4158 3621 4230 hor-

1978 4247 2074 4285 reo
2107 4228 2474 4301 recondatur.
2509 4228 2770 4295 Hermes,
2803 4232 2901 4301 qui
2931 4231 3109 4301 latine
3131 4229 3454 4301 Mercurius
3478 4228 3621 4284 dici-

1977 4307 2096 4376 tur,
2127 4301 2363 4376 scripsit
2391 4300 2744 4376 librumqui
2794 4298 2974 4376 Ᾱόχος
3016 4298 3224 4360 τὲλειος
3267 4299 3619 4376 appellatur,

1980 4374 2039 4427 id
2071 4378 2181 4438 est,
2214 4370 2470 4444 Verbum
2505 4370 2823 4443 perfectum
2851 4370 3197 4444 :"magnum
3243 4370 3455 4426 nomen
3488 4370 3622 4444 libri

1983 4445 2180 4512 hujus,
2213 4443 2352 4513 quia
2382 4442 2632 4514 magnus
2661 4450 2749 4499 est
2792 4445 2864 4499 de
2894 4442 3299 4514 quo'scriptus
3329 4447 3438 4497 est.
3470 4442 3619 4508 Quid

1981 4515 2137 4569 enim
2170 4514 2480 4586 perfectius
2510 4514 2719 4581 Verbo,
2752 4516 2850 4586 qui
2884 4514 3043 4569 solus
3074 4520 3163 4570 est
3186 4514 3336 4568 inter
3355 4520 3621 4586 mortuos

1980 4586 2127 4641 liber
2160 4585 2327 4656 (Psal.
2364 4602 2606 4655 Lxxxvn,
2655 4585 3125 4655 6)?’Audiamus
3173 4585 3313 4656 quid
3353 4585 3625 4655 loquatur

1983 4656 2302 4729 Mercurius
2336 4656 2405 4710 de
2436 4657 2621 4729 Verbo
2659 4658 2948 4729 perfecto:
2992 4656 3537 4729 DominuSLinquit,
3567 4659 3626 4711 et

1985 4728 2246 4784 omnium
2281 4728 2463 4781 factor
2488 4728 2752 4797 deorum,
2786 4729 3111 4784 secundum
3134 4729 3266 4782 fecit
3287 4728 3622 4783 Dominum.

1986 4805 2053 4854 Et
2081 4804 2214 4870 post
2243 4815 2446 4870 pauca,
2483 4805 2546 4853 ut
2576 4801 2907 4855 ostenderet
2946 4800 3085 4870 quid
3135 4798 3367 4862 dixerit,
3397 4798 3627 4870 repetiit

1987 4876 2045 4943 et
2075 4870 2253 4925 dixit:
2288 4870 2573 4943 Quoniam
2605 4888 2740 4943 ergo
2768 4872 2925 4927 hunc
2956 4870 3089 4943 fecit
3130 4870 3407 4939 primum,
3440 4877 3499 4943 et
3529 4886 3627 4943 so-
3704 4912 3705 4915 η

1988 4942 2107 4996 lum
2140 4947 2197 4996 et
2226 4941 2479 4995 unum‘:
2507 4941 2697 4997 bonus
2727 4949 2920 4998 autem
2952 4943 3001 4997 ei
3033 4942 3192 4995 visus
3224 4948 3311 4996 est
3341 4948 3395 4995 et
3418 4941 3631 5012 plenis-

1990 5016 2178 5068 simus
2236 5014 2503 5067 omnium
2550 5014 2855 5069 bonorum.
2907 5015 3201 5078 Quantum
3250 5012 3630 5081 plenissimus

1988 5090 2243 5139 Joannes
2272 5083 2625 5154 evangelista
2654 5086 2844 5141 dicat:
2895 5086 2967 5141 Dc
3011 5084 3353 5156 plenitudine
3380 5085 3499 5154 eius
3533 5100 3632 5138 nos

1993 5171 2175 5211 omnes
2208 5158 2534 5226 accepimus,
2577 5159 2813 5225 gratiam
2866 5172 2963 5226 pro
3008 5158 3198 5227 gratia
3242 5155 3417 5225 (Joan.
3451 5172 3491 5220 ι,
3522 5156 3631 5224 16).

1993 5228 2186 5282 Bonus
2219 5233 2413 5299 autem
2441 5228 2491 5281 ei
2522 5225 2678 5283 visus
2709 5234 2819 5289 est.
2853 5225 2908 5282 et
2953 5225 3334 5299 plenissimus
3364 5227 3631 5299 omnium

1995 5300 2302 5354 bonorum.
2338 5298 2403 5352 Et
2432 5300 2734 5364 sequitur:
2785 5297 3037 5354 Laetat'us
3081 5304 3187 5355 est.
3220 5297 3347 5364 Cui,
3379 5298 3468 5354 vel
3500 5314 3637 5353 cum

1995 5387 2111 5441 quo
2143 5369 2370 5424 laetatus
2401 5369 2535 5424 est?
2586 5373 2745 5426 Dicat
2788 5371 2918 5496 ἔξω
2964 5369 3265 5439 Sapientia
3302 5369 3426 5437 Dei,
3459 5370 3639 5425 Filius

1996 5441 2096 5496 Dei
2124 5458 2136 5496 :
2172 5442 2275 5496 Eoo
2304 5457 2458 5495 cram
2487 5443 2578 5495 cui
2606 5442 2785 5496 adaau
2859 5442 2946 5496 but
2977 5442 3159 5496 (Prov.
3183 5457 3310 5496 vm.
3332 5442 3443 5496 30).
3467 5442 3639 5496 Ergo.

1996 5441 2096 5497 Dei
2124 5458 2136 5496 :
2172 5442 2275 5511 Ego
2304 5457 2458 5495 cram
2487 5443 2578 5513 cui
2606 5441 2946 5511 adgaudebut
2977 5442 3159 5509 (Prov.
3183 5457 3310 5509 vm,
3332 5442 3443 5511 30).
3467 5442 3639 5513 Ergo,

1996 5514 2228 5569 letatus
2256 5517 2364 5582 est,
2395 5518 2452 5567 et
2493 5512 2659 5568 valde
2706 5513 2908 5568 dilexit
2956 5517 3233 5582 tanquam
3268 5512 3641 5585 unigenitum

2067 5619 2080 5651 ¹
2112 5618 2448 5682 ᾼηὶὶψιίοτεε
2478 5619 2622 5682 Mss.,
2648 5618 2890 5669 volventis
2918 5617 3338 5682 ﬂuctuarissirnas
3367 5620 3550 5668 undas.

2061 5681 2083 5753 ξ
2112 5681 2439 5753 Turonensis
2469 5681 2612 5742 Mss.,
2650 5684 2762 5747 Ipse
2812 5681 3035 5731 inimici:
3070 5681 3194 5739 suis,
3227 5681 3349 5731 dum
3375 5695 3645 5747 perseque-

1997 5746 2142 5792 retur
2170 5743 2233 5789 ab
2264 5743 2351 5791 eia.
2671 5743 2682 5747 “
3376 5743 3387 5746 ’

2061 5807 2083 5880 ξ
2113 5804 2324 5880 aliquot
2354 5806 2495 5880 ιρι,
2526 5807 2736 5880 acutior.
2780 5803 3219 5880 At‘quidam‘alii,
3250 5806 3424 5860 altior.

2064 5869 2087 5907 δ
2114 5867 2340 5930 Quidam
2367 5867 2513 5935 Mem,
2543 5874 2592 5923 ei
2620 5885 2812 5922 verum.
2845 5868 3040 5935 Aliqui,
3070 5870 3119 5923 et
3158 5868 3364 5927 bonum.
