4048 6482
409 348 564 411 1103

405 498 603 537 suum.
625 482 805 544 Quem
826 477 1014 549 primo
1038 473 1442 549 factumgdixit,
1464 477 1666 549 postea
1686 473 2051 549 unigenitum

404 543 737 623 appellavit.
767 543 908 604 Item
932 549 1041 623 alio
1063 547 1187 602 loco
1205 547 1302 623 sic
1334 543 1511 623 dixit;
1551 546 1733 600 Filius
1766 543 2053 623 benedicti

404 618 505 679 Dei
535 629 708 693 atque
742 624 902 675 bona:
935 618 1271 693 voluntatis,
1304 619 1473 693 cujus
1494 633 1703 671 nomen
1728 632 1839 671 non
1864 618 2056 693 potest

406 689 667 750 humano
700 708 797 747 ore
828 691 1075 746 narrari.
1109 689 1437 754 Quaerebas,
1474 704 1716 758 pagane,
1746 689 2052 758 conjugein

410 766 510 822 Dei
526 764 723 837 ?7Audi
744 763 1097 837 Mercurium
1124 778 1137 816 :
1164 777 1303 837 pars.
1323 757 1592 823 frontem,
1611 764 1671 837 et
1691 760 1887 837 excipe
1905 757 2053 837 lapis

414 836 695 908 lapidem:
725 830 1219 908 cade,utAerigaris.
1234 856 1247 897 ;
1265 832 1629 908 frangere,ut
1648 830 2051 908 conﬁrmeris;

415 898 733 976 destruere,
754 910 821 960 ut
841 898 1142 959 ediﬁceris
1168 919 1181 957 :
1205 903 1357 957 ictus
1378 898 1590 973 lapidis
1615 918 1728 976 non
1756 908 1944 954 cutem
1968 898 2054 953 di-

412 980 572 1034 vidat
591 972 817 1044 frontis,
837 993 951 1031 non
967 991 1172 1030 venam
1193 980 1427 1045 rumpat
1442 972 1766 1045 sanguinis,
1787 989 1900 1045 non
1919 986 2056 1045 ape-

414 1051 526 1107 riat
545 1052 769 1105 foveam
790 1042 1047 1103 vulneris
1068 1071 1082 1113 ;
1102 1046 1201 1101 sed
1225 1042 1460 1117 signum
1484 1042 1886 1117 fac’iatgerucis.
1907 1042 2053 1097 Con-

409 1122 612 1204 jugem
649 1120 745 1175 Dei
794 1119 1005 1204 quaeris
1026 1118 1054 1172 ?
1087 1115 1416 1204 .Abj'i‘cia'tur
1445 1115 1711 1204 excorde
1736 1120 1864 1204 tuo,
1895 1129 2053 1204 rogo,

415 1185 650 1263 impura
667 1185 939 1262 pravitas.
961 1189 1097 1263 Conj
1111 1205 1183 1263 u>_<
1204 1188 1297 1241 Dei
1322 1185 1755 1263 bonavolunitas
1777 1191 1883 1241 est.
1906 1187 2057 1263 Quo-

416 1256 590 1319 modo
622 1256 818 1317 autem
849 1264 1014 1333 pater
1044 1256 1121 1315 sit
1152 1258 1320 1333 Deus,
1357 1262 1413 1313 et
1436 1256 1616 1313 Filius
1648 1262 1822 1333 Deus,
1845 1273 1951 1311 nec
1972 1260 2059 1311 ta-

418 1351 553 1390 men
572 1334 689 1390 duo
708 1332 809 1403 dii,
834 1328 1125 1403 sedunus
1138 1330 1213 1403 sit
1232 1334 1403 1403 Deus,
1421 1332 1615 1403 tecum
1634 1328 1932 1403 disputare
1944 1343 2060 1381 non

417 1406 633 1473 debeo;
665 1398 805 1475 quia
843 1401 956 1458 nisi
992 1400 1335 1475 credideris,
1371 1399 1695 1475 intelligere
1725 1398 2062 1475 nullatenus

413 1471 658 1549 poteris.
682 1471 753 1549 Et
772 1479 967 1549 tamen
991 1472 1198 1528 Filium
1230 1472 1318 1549 Dei
1349 1476 1527 1549 Deum
1549 1475 1563 1507 ¹
1600 1471 1816 1549 fatetur
1836 1474 2059 1524 Mercu-

417 1542 561 1603 rius.
590 1550 706 1602 Hoc
726 1545 921 1617 lapide
939 1560 1274 1617 percussus,
1291 1542 1530 1617 lapide}:
1540 1542 1816 1617 sdesinat
1831 1558 1958 1597 esse
1976 1557 2064 1596 sa-

417 1618 690 1690 crilegus.
714 1613 1035 1690 Audiamus
1058 1614 1402 1690 quidetiam
1428 1613 1646 1690 Sibylla
1669 1618 1842 1690 vates
1855 1628 2062 1690 eorum

422 1691 491 1745 de
513 1683 714 1745 eodem
737 1688 923 1742 dicat:
949 1683 1166 1751 Alium,
1192 1686 1398 1755 inquit,
1424 1683 1582 1740 dedit
1608 1686 1754 1739 Deus
1788 1683 1923 1738 ﬁliis
1954 1684 2061 1738 ho-

423 1761 650 1816 minum
666 1762 686 1794 ²
701 1760 1029 1814 colendum.
1046 1758 1337 1821 Quantum
1350 1761 1608 1827 apparet,
1630 1756 1688 1809 in
1715 1756 1807 1810 his
1830 1760 2061 1809 senten-

422 1832 523 1887 tiis
558 1831 824 1886 Mercurii
851 1835 908 1884 et
932 1828 1179 1901 Sibyllae,
1216 1827 1524 1901 Sabellius,
1547 1828 1722 1901 etiam
1741 1827 2060 1901 judicatur.

424 1902 750 1959 Mercurius
777 1907 833 1957 et
854 1898 1079 1955 Patrem
1104 1900 1282 1954 Deum
1307 1899 1448 1953 dicit
1469 1906 1524 1953 et
1544 1898 1750 1953 Filium
1774 1915 1786 1953 ;
1807 1908 1862 1952 et
1884 1898 2066 1968 Sibyl-

423 1974 485 2029 la
503 1976 641 2029 dicit
660 1973 843 2027 Deum
866 1971 1066 2026 alium.
1090 1970 1375 2025 Sabellius
1393 1969 1533 2024 dicit
1554 1987 1667 2024 non
1690 1968 1893 2035 alium,
1928 1969 2067 2039 quia

425 2046 697 2101 eumdem
720 2044 947 2099 Patrem
972 2042 1319 2097 asseritesse
1332 2057 1503 2112 quem
1522 2041 1748 2095 Filium.
1765 2041 2066 2112 Optimum

426 2116 594 2170 valde
614 2120 723 2182 est,
747 2115 797 2169 si
820 2115 988 2169 modo
1013 2130 1125 2168 non
1160 2111 1625 2181 unum’tantum,
1658 2112 1756 2166 sed
1787 2112 1958 2165 etiam
1994 2111 2065 2165 ad

425 2192 933 2258 quantoscumque
956 2185 1176 2258 missus
1200 2183 1495 2258 pervenire
1517 2183 2064 2258 potueritadversa-

427 2253 564 2325 rios,
598 2274 715 2337 uno
747 2253 863 2312 ictu
896 2253 1310 2337 percutiamus'.
1348 2256 1488 2337 Item
1520 2253 1944 2337 Sibylla_dicit:
1979 2253 2066 2324 Ip-

425 2345 560 2383 sum
592 2333 760 2383 tuum
810 2324 1092 2383 coénosce
1139 2326 1487 2382 Dominum3
1536 2324 1637 2380 Dei
1674 2324 1885 2380 Filium
1915 2341 2062 2379 esse.

422 2399 642 2455 Versus
678 2400 788 2455 iste
811 2402 867 2453 et
884 2396 1193 2469 Paganpm
1225 2399 1505 2469 increpat,
1534 2402 1591 2451 et
1614 2396 1905 2451 Judaeum.
1937 2396 2066 2469 Alio

429 2470 557 2526 loco
591 2471 801 2526 Filium
833 2470 931 2524 Dei
962 2463 1273 2539 ξύμϐουλον
1320 2463 1595 2540 appellat,
1637 2468 1701 2540 id
1735 2474 1842 2534 est,
1877 2467 2067 2522 consi-

428 2542 599 2607 lium,
630 2540 717 2597 vel
746 2538 1166 2596 consiliarium.
1199 2542 1268 2596 Et
1289 2538 1569 2611 propheta
1590 2538 1752 2611 dicit,
1782 2540 2070 2593 Vocabitur

424 2630 628 2669 nomen
655 2612 792 2680 ejus,
819 2612 1206 2676 Admirabilis,
1256 2610 1633 2676 consiliarius,
1666 2610 1805 2664 Deus
1826 2611 1988 2680 fortis
2017 2612 2069 2663 et

423 2693 615 2756 potens
644 2681 783 2756 (1δαί
809 2700 888 2749 1x,
918 2683 1422 2756 Q)._Hie_uArianus
1456 2681 1753 2756 arguitur,
1798 2681 1905 2756 qui
1931 2697 2065 2735 cum

430 2753 572 2810 dicit
602 2753 888 2810 minorem
922 2753 1022 2808 Dei
1075 2753 1304 2823 Filium,
1355 2754 1495 2808 dicit
1541 2753 1852 2824 aliquando
1888 2754 2067 2807 Deum

429 2843 546 2882 non
577 2824 854 2881 habuisse
886 2824 1094 2880 filium.
1128 2830 1193 2879 Et
1231 2825 1279 2879 si
1330 2824 1440 2879 fuit
1470 2824 1596 2880 sine
1627 2823 1769 2892 lilio,
1804 2824 1913 2877 fuit
1944 2824 2070 2878 sine

428 2897 693 2953 consilio.
727 2898 867 2952 Ecce
897 2897 966 2951 ad
1000 2901 1220 2968 quanta
1249 2895 1506 2968 pericula
1530 2911 1930 2968 provocamur.
1956 2894 2067 2949 Sed

427 2970 567 3040 quia
611 2973 764 3024 Deus
794 2965 1097 3040 nunquam
1130 2965 1396 3023 fuit‘sine
1428 2965 1692 3032 consilio,
1727 2965 1901 3040 etiam
1933 2981 2069 3040 con-

428 3037 751 3095 tradicente
779 3037 1011 3105 Ariano,
1045 3056 1348 3109 nunquam
1381 3040 1548 3093 Pater
1580 3038 1765 3109 potuit
1795 3054 1922 3109 esse
1944 3037 2069 3109 sine

424 3111 591 3167 Filio.
629 3110 774 3183 Quid
807 3110 954 3183 agis,
984 3108 1209 3183 pagane
1231 3112 1259 3164 ‘I
1284 3109 1456 3180 Aperi
1488 3108 1680 3176 aures,
1706 3108 1973 3183 noliesse
1996 3108 2071 3163 si-

426 3187 525 3236 cut
556 3182 715 3251 aspis
746 3180 946 3248 surda,
979 3180 1104 3251 qua
1135 3182 1369 3236 obturat
1408 3196 1607 3236 aurem
1642 3196 1713 3235 ne
1743 3180 1942 3235 audiat
1970 3196 2069 3235 vo-

426 3269 549 3308 cem
586 3253 941 3308 incantantis
972 3251 1141 3323 (Psal.
1174 3270 1303 3315 LVII,
1336 3253 1412 3320 5).
1445 3256 1569 3306 Non
1601 3251 1705 3306 tibi
1738 3268 1895 3306 meos
1928 3267 2070 3305 auc-

425 3328 581 3379 tores
613 3324 875 3396 profero:
910 3328 1047 3396 tuus
1099 3329 1189 3377 est
1236 3323 1579 3396 Mercurius,
1626 3323 1717 3377 cui
1751 3323 1902 3376 inter
1930 3324 2068 3396 deos

424 3394 628 3450 tantus
656 3395 842 3450 honor
869 3394 1178 3465 cultusque
1208 3411 1241 3449 a
1264 3395 1425 3450 vobis
1457 3394 1685 3449 delatus
1716 3399 1823 3459 est,
1857 3397 1921 3447 ut
1941 3395 2068 3462 ejus

426 3467 661 3522 nomine
690 3465 843 3521 diem
874 3466 1173 3521 vocaretis.
1207 3465 1404 3536 Ipsum
1429 3467 1588 3527 audi.
1613 3466 1736 3536 ipse
1761 3471 1816 3519 te
1835 3465 2069 3519 convin-

428 3544 541 3610 cat,
564 3539 689 3610 ipse
719 3542 1012 3610 expugnet
1039 3556 1051 3603 ;
1080 3542 1143 3610 ut
1174 3535 1392 3610 cum_te
1421 3535 1755 3610 vicerit,’illi
1789 3537 1981 3610 cedas,
2014 3540 2070 3590 et

430 3607 832 3665 mihi'credas.
867 3609 1182 3663 Mercurius
1213 3607 1395 3663 dixit:
1428 3608 1635 3663 Dilexit
1664 3607 1817 3662 Deus
1857 3607 2066 3678 Unige-

433 3682 623 3734 nitum
647 3696 843 3735 suum.
869 3681 994 3751 Ipse
1025 3679 1207 3734 dixit:
1241 3679 1418 3735 Filius
1450 3679 1737 3734 benedicti
1756 3679 1864 3751 Dei
1900 3685 2070 3748 atque

431 3752 595 3806 bona;
617 3750 955 3805 voluntatis.
984 3752 1051 3805 Et
1069 3768 1139 3806 ne
1156 3750 1225 3805 de
1245 3752 1373 3821 ejus
1390 3751 1621 3805 nomine
1638 3750 1872 3804 taedium
1889 3750 2061 3804 inter-

433 3821 748 3890 rogationis
769 3821 1642 3893 sustineret,secutusadjunxit:
1657 3821 1836 3893 cujus
1856 3837 2067 3893 nomen

436 3910 551 3973 non
572 3896 761 3973 potest
781 3892 1037 3973 humano
1060 3908 1155 3947 ore
1174 3892 1416 3973 narrari,
1430 3892 1583 3973 Quid
1602 3897 1687 3957 tu,
1709 3892 1976 3961 Mercuri,
1996 3892 2067 3973 ab

433 3962 774 4018 hominibus
793 3963 940 4017 dicis
961 3980 1171 4018 nomen
1197 3963 1292 4016 Dei
1321 3962 1442 4018 Filii
1467 3979 1700 4017 narrare
1722 3980 1833 4016 non
1856 3979 2023 4033 posse
2039 3963 2067 4018 ‘t

430 4037 475 4089 A
497 4040 552 4089 te
575 4038 862 4094 narretur.
888 4034 986 4104 qui
1004 4051 1118 4089 non
1142 4033 1336 4098 homo,
1360 4034 1455 4089 sed
1480 4035 1624 4087 deus
1641 4035 1712 4088 ab
1731 4032 2068 4090 hominibus

429 4105 759 4160 aestimaris.
788 4105 1062 4174 Loquitur
1083 4110 1275 4159 autem
1302 4105 1369 4159 ad
1398 4104 1604 4159 Filium
1631 4122 1800 4159 suum
1827 4106 2061 4160 dicens:

428 4178 530 4232 Est
551 4182 765 4231 autem.
785 4176 963 4239 Quis?
987 4176 1111 4231 Filii
1130 4175 1534 4231 inenarrabilis
1556 4193 1745 4231 sermo
1770 4176 2064 4245 sapientiae

429 4249 676 4303 Sanctus
699 4250 989 4303 sanctus‘.
1016 4248 1217 4303 Nonne
1255 4246 1362 4301 hoc
1401 4253 1506 4311 est,
1547 4249 1606 4302 In
1644 4248 1918 4318 principio
1948 4251 2064 4303 erat

433 4320 660 4375 Verbum
682 4319 856 4387 (Joan.
881 4336 919 4384 ι,
948 4319 1000 4385 1)
1018 4318 1046 4372 7
1070 4319 1185 4379 Dic,
1215 4318 1471 4384 Hermes,
1497 4334 1687 4373 sermo
1707 4319 1814 4372 iste
1832 4319 2061 4388 sapien-

426 4390 516 4444 tiai
549 4390 722 4444 habet
752 4394 996 4443 matrem
1016 4389 1044 4442 ?
1075 4388 1384 4459 Sequitur:
1418 4390 1496 4444 De
1529 4389 1651 4445 solo
1676 4390 1789 4444 Deo
1817 4390 2061 4446 Domino

426 4466 533 4528 est,
557 4460 829 4515 omnibus
852 4460 1187 4515 dominante
1212 4465 1320 4515 Deo
1346 4461 1710 4515 mortalibus.
1737 4464 1803 4515 Et
1830 4462 1964 4531 quia
1987 4462 2060 4516 ab

425 4532 763 4587 hominibus
786 4531 1049 4601 indagari
1074 4549 1187 4586 non
1211 4538 1415 4602 potest,
1441 4531 1601 4587 addit
1623 4538 1679 4586 et
1698 4532 1857 4586 dicit.
1882 4541 2061 4600 Super

424 4603 691 4659 homines
712 4606 817 4656 est.
841 4603 984 4673 Ergo
1002 4602 1139 4673 quia
1152 4620 1215 4657 su
1228 4619 1327 4674 per
1339 4605 1602 4658 homines
1615 4608 1723 4668 est,
1740 4620 1948 4658 nomen
1967 4603 2057 4658 Fi-

422 4673 481 4728 lii
508 4674 604 4729 Dei
628 4689 863 4745 narrare
884 4690 997 4728 non
1022 4673 1281 4743 possum,
1307 4675 1445 4745 quia
1465 4676 1609 4729 deus
1632 4692 1743 4729 non
1768 4691 1898 4728 sum
1926 4692 1937 4729 :
1964 4675 2056 4728 di-

420 4750 554 4801 cant
586 4743 850 4817 homines
881 4745 1045 4815 quasi
1080 4743 1346 4800 homines
1394 4746 1547 4817 quod
1598 4763 1916 4817 non‘sum,
1949 4760 2054 4813 ego

419 4833 670 4898 sgnosco
689 4816 840 4898 quod
866 4832 1019 4870 sum.
1043 4817 1240 4898 sermo
1258 4815 1554 4887 sapientiae
1572 4818 1648 4897 de
1666 4815 1787 4897 suolo
1814 4822 1922 4898 Deo
1944 4824 2049 4872 est.

416 4888 539 4943 Non
555 4904 688 4958 ergo
703 4887 802 4956 ibi,
820 4887 1405 4959 pagane,humanum
1422 4888 1739 4959 suspiceris
1752 4893 1851 4942 aut
1867 4888 2052 4958 ﬁngas

416 4960 596 5015 fuisse
617 4958 957 5029 eonjugium
978 4975 990 5013 :
1012 4959 1082 5012 de
1100 4958 1223 5013 solo
1246 4959 1360 5013 Deo
1382 4963 1487 5025 est,
1512 4958 1566 5014 et
1588 4976 1763 5029 super
1785 4959 2049 5014 homines

415 5038 523 5097 est,
541 5036 806 5101 Increpat
820 5036 875 5101 te
892 5029 1109 5101 Sibylla
1127 5030 1347 5096 dicens,
1369 5035 1565 5100 Ipsum
1584 5035 1750 5084 tuum
1769 5047 2051 5099 cognosce

412 5100 724 5158 Dominum
752 5101 846 5156 Dei
865 5100 1073 5173 Filium
1097 5118 1225 5155 esse
1251 5103 1423 5155 Deum
1445 5103 1687 5171 :ipsum,
1706 5118 1817 5155 non
1844 5101 2044 5173 alium,

410 5192 525 5229 non
546 5175 807 5237 Martem,
833 5188 946 5226 non
966 5170 1184 5243 Jovem,
1210 5189 1322 5227 non
1342 5170 1685 5227 Mercurium
1709 5189 1721 5238 ;
1748 5173 1845 5227 sed
1871 5170 2042 5243 quem

410 5246 718 5300 conﬁtetur
740 5242 1077 5299 Mercurius.
1105 5244 1249 5307 Quid
1270 5244 1521 5307 miraris,
1537 5242 1872 5307 christiano,
1888 5242 2043 5313 quod

408 5316 663 5371 taliaisti
686 5317 756 5370 de
776 5315 941 5369 Patre
982 5322 1038 5367 et
1079 5315 1220 5370 Filio
1260 5315 1501 5370 dicant?
1540 5317 1601 5369 Et
1633 5315 1903 5371 daemones
1924 5332 2042 5371 cre-

406 5391 571 5455 dunt,
628 5391 679 5442 et
732 5387 1158 5441 contremiscunt
1216 5387 1423 5457 (Jacobi
1471 5401 1529 5452 ιι,
1584 5387 1690 5449 19).
1738 5386 1954 5456 Nempe
1982 5388 2041 5442 in

404 5458 712 5523 Evangelio
743 5462 1081 5512 transeunte
1112 5458 1355 5513 Domino
1405 5458 1625 5513 dicunt.
1659 5459 1919 5513 Nouimus
1948 5460 2043 5529 qui

400 5534 497 5593 sis,
547 5532 721 5587 Filius
778 5530 915 5599 Dei,
956 5531 1153 5584 venisti
1208 5534 1333 5585 ante
1384 5534 1600 5599 tempus
1654 5532 1902 5599 torquere
1941 5547 2039 5586 nos

401 5604 584 5672 (Marc.
620 5619 658 5665 1,
692 5601 801 5671 24).
836 5598 1064 5655 Utinam
1113 5603 1406 5671 quomodo
1438 5598 2033 5671 diemonesjudicem,

398 5674 483 5729 sic
514 5672 781 5729 homines
812 5676 1193 5743 agnoscerent
1221 5673 1563 5729 salvatorem
1593 5674 1604 5728 l

468 5783 478 5813 ¹
510 5780 650 5837 Mss,
682 5777 977 5827 Dominum.

456 5844 479 5878 ι
510 5838 891 5905 AliquotiMssq
917 5837 1154 5901 ﬁdelibus
1181 5839 1489 5892 hominibus.

454 5906 476 5941 ι
510 5904 677 5966 Alias,
705 5904 884 5966 Deum.

452 5968 475 6008 ι
506 5965 670 6039 Alias,
698 5965 924 6033 Spiritus
948 5965 1173 6020 sanctus.

1892 339 2318 402 APPENDIX.

3655 337 3817 399 1104

2232 472 2461 527 CAPUT
2498 469 2587 523 IV.
2622 500 2689 509 —-
2718 469 2771 523 5.
2820 468 2903 523 Ex
2958 469 3136 523 Vetere
3178 467 3508 524 Testamento
3552 469 3814 524 adversus

2159 544 2393 600 Iudaeos.
2424 541 2571 607 Quid
2605 540 2747 594 dicit
2775 540 3017 595 Judaeus
3038 542 3065 594 ‘I
3100 539 3262 595 Unus
3312 546 3403 595 est
3434 540 3604 596 nobis
3641 542 3814 604 Deus,

2163 619 2369 685 prmter
2399 615 2594 684 ipsum
2620 628 2733 667 non
2761 610 2941 666 alium
2965 611 3258 685 novimus.
3278 610 3456 685 illum
3477 628 3614 667 vero
3630 629 3815 685 quem

2163 682 2355 740 dicitis
2380 682 2694 747 Christum,
2728 688 2918 748 patres
2941 682 3125 738 nostri
3143 699 3258 737 non
3276 682 3483 748 Deum,
3504 684 3605 738 sed
3628 683 3817 738 homi-

2163 773 2295 812 nem
2329 756 2684 811 occiderunt.
2718 754 2936 825 Nempe
2966 754 3076 811 hoc
3108 759 3199 825 est
3217 754 3369 825 quod
3396 754 3514 809 dixi
3541 772 3554 810 :
3579 754 3816 810 Utinam

2162 829 2453 899 quomodo
2486 823 3086 899 daemonesgju‘dicem,
3121 823 3201 880 sic
3232 823 3503 899 homines
3533 842 3815 899 agnosce-

2163 898 2292 955 rent
2343 900 2688 953 salvatorem
2717 898 2727 953 l
2784 898 2926 952 Ecce
2956 898 3251 953 daemones
3283 898 3589 965 viderunt,
3610 905 3667 953 et
3695 904 3815 953 tre-

2165 976 2467 1025 muerunt:
2486 968 2753 1024 homines
2766 968 3059 1034 viderunt,
3075 972 3132 1024 et
3144 970 3818 1026 occiderunt.Dsemones

2164 1042 2412 1097 confessi
2434 1046 2599 1096 sunt:
2627 1040 2890 1095 homines
2909 1040 3201 1112 persecuti
3227 1046 3385 1096 sunt.
3411 1043 3543 1108 Qua
3568 1040 3823 1097 infelici-

2162 1119 2253 1168 tas
2270 1118 2432 1168 estet
2449 1130 2479 1183 q
2492 1116 2667 1166 uanta
2686 1111 2945 1178 miseria,
2964 1112 3250 1183 imparem
3264 1113 3437 1166 etiam
3454 1112 3822 1168 daemonibus

2162 1184 2457 1239 inveniri?
2483 1187 2620 1239 Item
2646 1183 2912 1237 homines
2939 1183 3206 1249 credunt,
3232 1183 3529 1240 daemones
3546 1188 3817 1249 pereunt:

2166 1256 2432 1311 homines
2464 1254 2787 1326 salvantur,
2820 1254 3113 1310 daemones
3158 1255 3511 1326 puniuntur.
3545 1254 3658 1311 Sed
3694 1256 3815 1313 hec

2165 1327 2499 1382 immutatio
2538 1324 2725 1398 gratia
2766 1331 2871 1398 est;
2895 1327 3137 1398 dexterae
3160 1324 3405 1382 _Excelsi
3430 1327 3605 1395 (Psal.
3633 1344 3818 1396 LXXVI,

2173 1399 2278 1471 l1),
2301 1396 2819 1471 nonipraa'sumptio
2859 1396 3118 1471 hominis
3150 1398 3221 1453 de
3247 1399 3371 1453 suis
3390 1398 3617 1471 viribus
3638 1398 3820 1456 confi-

2166 1468 2378 1525 dentis.
2403 1468 2813 1541 Cbntraﬁistum
2842 1485 2973 1541 vero
2995 1470 3265 1524 Judaeum
3300 1486 3415 1525 non
3440 1469 3642 1526 laboro
3668 1487 3681 1525 :
3710 1487 3819 1541 pu-

2167 1546 2348 1614 gnant
2368 1546 2569 1596 contra
2590 1540 2755 1614 illum
2782 1540 3012 1614 codices
3033 1542 3147 1614 sui,
3171 1544 3440 1614 pugnant
3461 1545 3573 1597 Lex
3592 1546 3652 1597 et
3678 1540 3818 1598 Pro-

2170 1610 2390 1684 phetas:
2424 1617 2481 1667 et
2502 1616 2604 1667 aut
2634 1610 2815 1665 victus
2846 1615 2901 1667 et
2943 1610 3294 1684 humiliatus
3338 1611 3681 1681 salvabitur,
3714 1616 3823 1669 aut

2168 1683 2459 1755 superbus
2491 1688 2547 1738 et
2576 1685 2838 1754 pertinax
2887 1684 3181 1753 punietur.
3232 1683 3389 1739 Dixit
3419 1683 3704 1740 Dominus
3736 1685 3810 1740 ad

2168 1756 2431 1823 Moysen:
2466 1756 2705 1821 Ecceego
2726 1756 2883 1809 mitto
2899 1756 3158 1827 angelum
3180 1772 3363 1810 meum
3399 1758 3497 1827 qui
3535 1759 3820 1827 praecedat

2168 1832 2238 1893 te,
2257 1837 2305 1881 et
2323 1827 2585 1881 custodiat
2608 1828 2669 1880 in
2686 1827 2795 1891 via,
2821 1828 2871 1880 et
2892 1826 3197 1881 introducat
3228 1827 3286 1880 in
3313 1827 3490 1882 locum
3513 1826 3675 1897 quem
3700 1844 3812 1897 pa-

2168 1901 2313 1953 ravi.
2341 1900 2571 1953 Observa
2585 1913 2729 1961 eum,
2753 1906 2805 1951 et
2829 1898 2971 1951 audi
2992 1914 3169 1952 vocem
3190 1898 3327 1967 ejus,
3352 1914 3452 1952 nec
3466 1908 3818 1955 contemnen-

2168 1972 2299 2023 dum
2316 1979 2489 2040 putes.
2516 1969 2741 2022 Audisti
2767 1967 3039 2039 angelum
3062 1976 3314 2041 agnasce
3335 1969 3686 2026 Dominum:
3713 1987 3821 2026 nec

2172 2040 2661 2095 contemnendum
2679 2056 2806 2095 esse
2820 2044 3005 2112 putes.
3024 2040 3172 2095 Audi
3188 2040 3382 2112 adhuc
3394 2043 3545 2112 quod
3567 2048 3816 2098 metuas:

2174 2113 2293 2177 Nec,
2326 2111 2540 2182 inquit,
2573 2111 3025 2165 contemnendum
3056 2116 3233 2182 putes.
3271 2111 3457 2175 Quare
3480 2113 3507 2167 ?
3539 2114 3678 2182 Quia
3707 2130 3819 2169 non

2172 2184 2404 2237 dimittet
2431 2199 2555 2237 cum
2580 2183 2909 2252 peccaveris,
2961 2187 3016 2237 et
3060 2187 3145 2237 est
3187 2200 3385 2238 nomen
3417 2201 3599 2239 meum
3630 2187 3692 2239 in
3723 2186 3822 2240 itte

2175 2255 2362 2328 (Exod.
2385 2271 2545 2323 χχιιι,
2571 2254 2661 2319 20,
2701 2254 2813 2325 21).
2854 2253 2995 2316 Quis
3016 2253 3239 2328 _es_t_ille
3278 2258 3397 2309 tam
3421 2271 3694 2328 magnus,
3727 2256 3822 2312 cui

2173 2325 2327 2381 Deus
2348 2331 2405 2379 et
2424 2329 2763 2396 potestatem
2788 2340 2953 2380 suam
2998 2325 3157 2379 dedit
3193 2331 3248 2380 et
3272 2343 3486 2382 nomen
3506 2325 3823 2382 ‘I'Dominus

2172 2400 2439 2470 virtutum
2467 2398 2581 2466 ipse
2611 2400 2689 2470 est
2719 2412 2818 2451 rex
2844 2398 3040 2470 gtoriae
3059 2397 3234 2470 (Psat.
3252 2414 3414 2463 χχιιι,
3443 2398 3552 2470 10).
3575 2400 3646 2455 Et
3667 2400 3824 2454 unde

2174 2468 2682 2594 Brobamus,quod
2699 2467 3823 2551 cumdiciturangelus,debeatintelligi

2223 2556 2325 2594 eus
2347 2540 2373 2594 ?
2397 2539 2584 2593 Habes
2610 2554 2671 2592 in
2695 2538 2841 2593 libro
2874 2555 2973 2594 aux
3014 2540 3342 2594 appellatur
3361 2541 3605 2594 Gensis:
3652 2543 3823 2594 Vene-

2223 2556 2325 2594 eus
2347 2540 2373 2594 ?
2397 2539 2584 2593 Habes
2610 2538 2671 2610 in
2695 2538 2841 2593 libro
2874 2539 2973 2610 qui
3014 2540 3342 2610 appellatur
3361 2541 3605 2596 Gensis:
3652 2538 3826 2598 Vene-

2174 2615 2323 2683 runt.
2356 2610 2565 2680 inquit,
2591 2609 2721 2683 Aduo
2773 2609 2965 2679 angeli
3010 2609 3283 2666 Sodoman
3325 2627 3563 2683 vespere,
3602 2614 3828 2669 sedente

2172 2681 2309 2736 Loth
2328 2697 2447 2751 pra:
2464 2681 2681 2752 foribus
2700 2683 2939 2736 civitatis
2954 2698 3114 2752 :quos
3135 2699 3258 2737 cum
3276 2681 3523 2751 vidisset,
3555 2685 3823 2751 surrexit,

2173 2763 2223 2809 et
2246 2755 2347 2828 ivit
2367 2755 2580 2808 obviam
2601 2755 2679 2807 eis
2701 2752 2849 2828 (Gen.
2877 2769 2994 2822 xIx,
3023 2754 3093 2824 1).
3118 2754 3265 2817 Quid
3290 2753 3458 2828 plura
3478 2755 3824 2828 ?ASuscepit,

2175 2831 2230 2879 et
2252 2826 2564 2897 obsecutus
2587 2829 2675 2897 est
2696 2824 3082 2897 eistanquam
3106 2824 3452 2897 peregrinis.
3486 2824 3825 2884 Consuetué

2176 2897 2307 2950 dine
2337 2894 2750 2970 hospitalitatis
2783 2894 3064 2970 liberatus
3095 2894 3128 2949 εἰ
3172 2894 3430 2968 periculo
3461 2897 3739 2970 civitatis,
3768 2902 3827 2955 et

2176 2969 2492 3038 temporale
2516 2967 2698 3021 evasit
2717 2967 3073 3035 incendium,
3094 2970 3149 3021 et
3167 2967 3445 3024 aeternum
3467 2967 3825 3027 consecutus

2175 3045 2263 3120 68!
2292 3038 2886 3120 ρῐδεωξυωηρξξςίιθ,
2937 3038 3261 3120 christiani,
3291 3039 3440 3120 sine
3470 3041 3828 3120 discretione

2175 3108 2443 3166 exhibere
2473 3108 3305 3179 hospitalitatem,nefortecui
3327 3111 3567 3167 domum
3593 3113 3827 3170 clause-

2177 3181 2323 3250 ritis,
2348 3182 2437 3236 cui
2466 3180 2887 3235 humanitatem
2915 3182 3264 3251 negaveritis
3286 3182 3413 3253 ipse
3434 3183 3511 3238 sit
3532 3183 3823 3241 Christus.

2178 3253 2297 3307 Non
2332 3253 2926 3339 amplius'evsgemu‘r
2955 3270 2989 3306 a
3020 3253 3318 3339 proposita
3340 3254 3589 3339 actione:
3614 3257 3829 3339 Angeli

2174 3322 2457 3378 venerunt
2480 3323 2549 3377 ad
2584 3322 2748 3393 Loth,
2783 3327 2836 3378 et
2862 3322 3173 3378 dixerunt:
3206 3323 3404 3379 Videte
3437 3330 3493 3380 et
3518 3322 3828 3394 advertite,

2176 3395 2316 3521 quia
2347 3396 2533 3477 angeli
2567 3394 2724 3465 loqui
2759 3395 3051 3477 dicuntur.
3096 3396 3243 3478 Quid
3277 3396 3548 3451 dixerunt
3579 3399 3829 3469 angeli?

2215 3468 2345 3521 alva
2361 3482 2609 3520 animam
2630 3471 2802 3521 tuam.
2829 3467 2943 3520 noti
2966 3482 3235 3521 respicere
3252 3477 3371 3521 post
3397 3475 3609 3521 teraum
3635 3474 3646 3521 ί
3657 3470 3824 3521 Ibid-.

2215 3468 2345 3539 alva
2361 3469 2609 3520 animam
2630 3471 2802 3532 tuam,
2829 3467 2946 3520 noti
2966 3469 3235 3535 respicere
3248 3477 3371 3537 post
3397 3475 3609 3538 tergum
3635 3467 3824 3539 (Ibid.,

2174 3537 2287 3607 17).
2317 3538 2459 3600 Quia
2480 3553 2636 3592 nemo
2653 3553 2860 3608 ponens
2882 3554 3108 3592 manum
3129 3554 3295 3608 super
3312 3537 3654 3603 aratrum,et
3676 3537 3829 3598 retro

2175 3610 2486 3680 respiciens,
2511 3618 2682 3684 aptus
2710 3610 2786 3663 est
2826 3624 3007 3684 regno
3035 3609 3134 3663 Dei
3176 3610 3329 3684 (Luc.
3383 3612 3603 3684 Ix._62).
3638 3613 3828 3684 Neque

2173 3689 2275 3734 stes
2294 3684 2351 3734 in
2368 3680 2521 3735 omni
2542 3680 2695 3736 circa
2720 3682 2973 3748 regione;
2993 3680 3241 3735 terrenis
3263 3697 3377 3736 non
3410 3680 3693 3738 inhaerens
3718 3680 3825 3740 vo-

2173 3751 2494 3822 luptatibus
2521 3769 2533 3806 :
2556 3752 2651 3806 sed
2673 3753 2730 3827 in
2750 3755 2932 3806 monte
2950 3752 3167 3827 salvum
3185 3756 3239 3827 te
3256 3753 3349 3821 fac
3368 3750 3519 3818 (Gen.
3543 3769 3661 3827 xix,
3690 3756 3782 3827 17)
3807 3773 3821 3824 ;

2174 3821 2306 3893 spes
2334 3828 2432 3877 tua
2466 3827 2614 3877 Deus
2645 3824 2741 3891 sit,
2775 3839 2845 3877 ne
2876 3828 2932 3876 et
2963 3827 3025 3877 tu
3049 3821 3226 3876 simul
3250 3839 3451 3893 pereas
3474 3841 3607 3879 cum
3632 3821 3820 3881 Sodoé

2174 3892 2352 3949 mitis.
2379 3895 2651 3964 Dixitque
2675 3892 2802 3949 Loth
2822 3896 2895 3947 ad
2914 3909 3017 3948 eos.
3050 3892 3263 3948 Videte
3283 3894 3580 3950 hominem
3612 3898 3818 3953 viden-

2172 3970 2290 4040 tem
2315 3981 2429 4020 non
2456 3963 2691 4040 eiscum,
2716 3963 3069 4040 sicutJudazi
3090 3964 3482 4040 etSabelliani
3511 3985 3524 4033 ;
3550 3984 3677 4040 non
3698 3967 3816 4040 lip-

2173 4037 2447 4109 pientem,
2472 4036 2623 4109 sicut
2643 4036 2837 4109 Ariani
2864 4052 2876 4089 :
2902 4037 2999 4109 sed
3033 4035 3232 4109 oculos
3264 4053 3437 4109 sanos
3468 4035 3808 4109 habentem,

2170 4109 2323 4162 sicut
2343 4107 2607 4162 catholici
2633 4107 2963 4162 Christiani.
2988 4108 3482 4173 Angelosvidit,et
3496 4107 3810 4167 Dominum

2169 4178 2471 4241 intellexit,
2496 4180 2640 4243 Quid
2664 4179 2810 4233 dixit
2834 4178 3055 4248 angelis
3076 4178 3103 4232 ?
3122 4180 3383 4249 Dixitque
3422 4180 3555 4235 Loth
3594 4182 3665 4236 ad
3679 4198 3769 4238 eos
3796 4201 3810 4238 :

2168 4251 2395 4321 Domine
2417 4252 2513 4319 mi,
2535 4252 2669 4321 quia
2690 4251 2899 4304 invenit
2918 4266 3103 4304 servus
3123 4253 3249 4304 tuus
3270 4251 3507 4318 gratiam
3528 4262 3656 4308 ante
3670 4263 3739 4321 te,
3760 4263 3816 4311 et

2166 4320 2537 4395 magniﬁcasti
2552 4321 2990 4395 misericordiam
3010 4326 3182 4395 tuam,
3202 4338 3367 4395 quam
3378 4325 3560 4392 fecisti
3572 4342 3812 4395 mecum,

2166 4400 2226 4446 ut
2244 4394 2494 4465 satvares'
2508 4394 2755 4465 animam
2774 4409 2949 4465 meam
2973 4392 3133 4461 (Ibid.
3162 4394 3266 4460 10).
3290 4395 3495 4465 Magna
3519 4411 3632 4465 res,
3667 4392 3809 4452 cum

2166 4464 2559 4517 voloJudwum
2576 4463 2744 4519 ferire
2757 4463 3092 4534 sic,Moyses
3104 4463 3460 4520 fortissimus
3473 4466 3560 4519 vir
3573 4463 3807 4523 hastam

2164 4535 2319 4606 verbi
2346 4534 2435 4589 sui
2457 4534 2722 4600 vibravit,
2744 4540 2799 4589 et
2818 4536 2998 4602 misit,
3020 4535 3482 4606 utperJudasum
3504 4539 3574 4591 ad
3599 4538 3803 4594 Sabel-

2163 4604 2385 4681 lianum
2404 4606 2697 4681 transiret,
2714 4604 3466 4681 Arianumquepercuteret.
3487 4608 3632 4674 Quid
3649 4612 3801 4681 agis,

2163 4677 2303 4731 Loth
2327 4682 2525 4731 sancte
2545 4678 2572 4731 ?
2593 4677 2839 4746 Angelos
2861 4678 3041 4741 vides,
3065 4683 3122 4732 et
3143 4695 3257 4733 non
3289 4694 3493 4743 unum,
3527 4681 3626 4734 sed
3650 4677 3801 4739 duos

2161 4753 2217 4802 et
2238 4749 2403 4817 dicis,
2428 4749 2653 4803 Domine
2671 4751 2773 4822 mi.
2793 4750 2873 4803 Ad
2897 4766 3075 4822 unum
3097 4750 3269 4822 verba
3288 4748 3449 4815 facis,
3472 4767 3654 4805 unum
3675 4770 3804 4822 pre-

2161 4821 2309 4873 caris
2330 4837 2342 4885 ;
2367 4826 2423 4874 et
2446 4837 2556 4873 non
2586 4820 2799 4874 metuis
2823 4837 2891 4875 ne
2914 4820 3079 4874 alteri
3104 4820 3379 4888 injuriam
3402 4821 3590 4877 facere
3610 4820 3805 4880 videa-

2160 4891 2278 4945 ris?
2300 4891 2485 4955 Absit,
2510 4890 2717 4961 inquit,
2744 4891 3032 4953 Recedite,
3056 4891 3273 4958 Judaei;
3299 4892 3569 4959 recedite,
3595 4894 3799 4950 Sabel-

2158 4962 2318 5035 liani,
2343 4963 2477 5035 quia
2498 4962 2869 5035 nonvidetis;
2893 4963 3158 5035 recedite,
3180 4963 3399 5035 Ariani,
3425 4964 3564 5034 quia
3586 4982 3798 5035 parum

2152 5032 2381 5088 videtis.
2403 5034 2520 5105 Ego
2537 5034 2698 5088 video
2721 5051 2733 5099 ;
2755 5039 2810 5087 et
2827 5035 2981 5105 quod
3003 5033 3167 5089 video
3186 5035 3323 5105 quia
3336 5032 3520 5099 video,
3539 5032 3795 5092 neccon-

2151 5108 2348 5159 temno
2380 5121 2483 5177 nec
2508 5120 2676 5177 gerro,
2700 5109 2849 5159 Duos
2882 5106 3065 5177 video,
3097 5105 3349 5177 mquales
3378 5106 3563 5177 video.
3600 5106 3795 5164 Unum

2152 5192 2311 5247 rogo,
2336 5176 2478 5230 nulli
2501 5175 2778 5246 injuriam
2805 5175 2948 5231 facio
2972 5192 2984 5230 :
3010 5178 3147 5246 quia
3168 5175 3405 5232 Patrem
3439 5194 3471 5231 a
3501 5176 3644 5233 Filio
3678 5196 3795 5235 non

2152 5246 2363 5301 divido.
2379 5248 2525 5301 Nam
2542 5246 2951 5319 utintelligatis
2969 5264 3182 5303 menon
3199 5247 3342 5312 falli,
3357 5264 3488 5303 cum
3506 5250 3654 5304 duos
3670 5258 3797 5306 tan-

2150 5334 2324 5388 quam
2357 5335 2539 5374 unum
2574 5320 2868 5390 deprecor,
2899 5319 3087 5375 videte
3117 5326 3314 5374 utrum
3358 5321 3494 5382 duo,
3526 5337 3600 5374 an
3635 5338 3792 5378 unus

2150 5390 2295 5445 meis
2318 5390 2663 5460 respondeat
2681 5391 2968 5461 precibus.
2985 5391 3156 5446 Petiit
3170 5392 3298 5446 utin
3321 5391 3544 5445 modica
3557 5392 3795 5449 civitate

2147 5466 2202 5517 et
2220 5463 2480 5532 proxima
2497 5462 2783 5533 refugium
2806 5461 3042 5517 haberet
3057 5469 3114 5518 et
3126 5463 3360 5517 viveret.
3384 5462 3795 5533 Respondetur

2146 5534 2217 5588 ei.
2241 5534 2557 5589 Videamus
2580 5538 2722 5606 quot
2740 5539 2881 5588 sunt
2901 5533 3000 5606 qui
3026 5534 3398 5606 respondent.
3434 5533 3623 5589 Verba
3652 5534 3792 5593 libri

2146 5621 2210 5659 su
2223 5606 2551 5676 bsequuntu
2563 5623 2609 5667 r,
2628 5605 2884 5675 Dixitque
2899 5605 2967 5660 ad
2982 5622 3106 5660 eum
3124 5604 3142 5659 Ξ
3161 5604 3326 5676 quasi
3345 5606 3646 5675 responsio
3666 5607 3789 5663 sin-

2185 5675 2363 5732 ularis
2381 5686 2484 5732 est.
2504 5676 2708 5731 Adhuc
2731 5692 2996 5747 sequere,
3018 5675 3360 5732 videamus:
3384 5677 3517 5731 Ecce
3535 5679 3709 5732 etiam
3726 5680 3790 5734 in

2177 5765 2243 5803 oc
2260 5751 2472 5818 suscepi
2486 5763 2670 5819 preces
2701 5752 2845 5813 tuas,
2876 5750 2935 5802 ut
2962 5764 3071 5804 non
3096 5749 3408 5820 subvertant
3434 5749 3647 5815 urbem,
3680 5766 3787 5820 pro

2139 5836 2247 5891 qua
2271 5820 2486 5875 locutus
2507 5835 2581 5875 es.
2606 5820 2842 5891 Festina,
2864 5827 2922 5875 ct
2939 5821 3155 5876 satvare
3172 5822 3256 5876 ibi
3275 5837 3294 5875 :
3314 5819 3445 5891 quia
3463 5834 3571 5891 non
3590 5819 3789 5891 potero

2137 5890 2326 6019 es
2346 5890 3785 6019 ἓΐέἐξαὲῗδιέίὲῗὲἓέἓῖἔέίίὲἴίέεῗέαὸἑῗὲιῗάἓέ’

2190 5962 2335 6034 ides,
2351 5961 2635 6037 Judee,et
2652 5963 2765 6022 dici
2785 5961 3081 6040 angelum,
3094 5967 3294 6028 etesse
3315 5961 3505 6027 Deum
3523 5961 3553 6023 7
3569 5961 3783 6039 Audis,
