4048 6484
342 289 494 349 1137

339 425 699 511 εΜΞγμαρᾳΑ
711 424 1124 511 ειθεροηάίιεᾼμί
1135 427 1209 482 ud
1225 427 1804 511 interrogav‘eramﬁt
1817 427 1868 511 al
1880 428 1892 482 i
1903 428 1978 483 ud

336 495 634 572 immisisti
657 513 669 550 :
695 495 1209 572 deresurrectione
1231 495 1492 572 cognovi,
1517 505 1573 554 et
1595 495 1747 571 quod
1767 500 1980 555 inferos

335 567 630 642 supera-vit
651 567 924 642 addidici.
955 570 1064 625 Sed
1087 567 1365 642 quoniam
1390 571 1586 626 dixisti
1610 567 1678 626 de
1700 575 1870 627 tertia
1894 590 1978 626 re-

332 639 656 764 sarrexisse
677 639 990 696 Dominum
1015 639 1389 711 Sal'va'torem,
1416 645 1568 715 quod
1593 661 1666 699 an
1692 644 1866 698 fuerit
1890 643 1982 698 fa-

334 723 362 762 c
394 725 515 764 um.
552 726 773 764 lEDOI‘O.

334 723 515 775 etum,
552 726 773 775 ignoro.

408 727 492 763 1m
552 727 564 762 ι
615 728 773 766 noro.

408 727 681 862 Ecdcagsu
729 783 908 838 dixit:
938 783 1068 862 Scio
1102 785 1244 862 quia
1272 801 1499 862 memor
1527 801 1625 862 es:
1661 786 1762 862 sed
1796 785 1979 862 Eteni-

330 856 523 907 tentiae
577 871 754 909 causa
801 871 931 929 non
968 856 1054 910 vis
1102 857 1366 912 confiteri
1416 858 1570 929 quod
1604 856 1983 913 nosti.Error

333 931 590 979 macerat
619 925 1060 991 conscientiam,
1094 934 1148 984 et
1179 930 1400 984 crimen
1432 925 1779 984 memoriam
1804 929 1976 984 tollit.

331 997 474 1079 audi
509 1012 644 1079 ergo
677 997 978 1079 Christum
1011 1002 1082 1054 ab
1119 1000 1355 1079 inferis,
1410 1005 1473 1055 ut
1504 1001 1976 1079 nos_vivificaretz

332 1067 426 1143 die
457 1067 624 1143 tertia
655 1071 1064 1143 resurrexisse.
1119 1076 1261 1143 Lege
1302 1075 1445 1126 Osee
1475 1072 1842 1142 prophetam,
1879 1072 1979 1143 qui

329 1139 430 1205 ait,
467 1140 885 1214 Viviﬁcavitnos
904 1141 993 1196 die
1014 1139 1219 1213 tertial
1233 1141 1378 1198 Osee.
1403 1139 1668 1214 νι,’3).Ἐι
1687 1143 1741 1198 in
1769 1139 1976 1198 Dente-

330 1212 596 1286 ronomio
623 1213 706 1267 sic
729 1212 852 1286 ait:
887 1215 1039 1268 Dixit
1087 1215 1351 1269 Dominus
1381 1214 1450 1268 ad
1480 1212 1718 1286 Moysen,
1746 1217 1974 1270 Descen-

325 1281 414 1348 de,
446 1292 498 1337 et
527 1285 808 1353 sancti/ica
834 1286 1092 1356 popalum
1124 1302 1326 1352 meum,
1358 1281 1642 1356 sancti/ica
1666 1286 1796 1342 illos
1819 1287 1976 1342 hodie

325 1358 387 1430 e_t_
412 1371 552 1422 cras,
567 1361 636 1430 et
661 1356 842 1430 lavent
865 1362 1257 1430 vestemsuam,
1281 1365 1334 1413 et
1353 1359 1467 1412 sint
1484 1360 1678 1430 parati
1697 1360 1754 1412 in
1773 1376 1974 1428 peren-

325 1424 524 1480 dinum
545 1426 706 1492 diem,
733 1427 790 1481 id
811 1432 920 1496 est,
946 1428 1005 1482 in
1025 1429 1178 1483 diem
1195 1428 1348 1484 ultra
1362 1424 1682 1484 crastinum
1703 1424 1976 1486 :dieenim

323 1497 790 1574 te_rtiti_desceadet
810 1500 1079 1574 Dominus
1097 1503 1154 1555 in
1177 1507 1362 1574 monte
1382 1501 1515 1556 Sina
1532 1501 1721 1574 (Exod.
1743 1517 1861 1572 xxx,
1886 1504 1970 1566 10,

326 1569 537 1644 11A)._Et
568 1569 976 1644 ianvangelio
1036 1572 1118 1627 sic
1167 1573 1285 1629 ait:
1335 1569 1629 1643 Progenies
1657 1569 1892 1644 nequam
1922 1578 1973 1629 et

320 1641 579 1696 adultera
607 1641 1001 1714 sz'gnum'petit,
1034 1647 1085 1698 et
1113 1645 1336 1712 signum
1367 1641 1478 1699 non
1507 1641 1835 1714 dabitur—ei,
1859 1647 1974 1699 nisi

321 1715 547 1781 signum
574 1714 744 1786 Jonas
752 1716 1047 1786 prophetae.
1085 1715 1356 1782 Quomodo
1385 1716 1535 1770 enim
1577 1717 1741 1772 Jonas
1769 1718 1882 1786 fuit
1913 1717 1968 1771 in

319 1790 508 1840 ventre
527 1786 633 1839 ceti
651 1785 826 1840 tribus
839 1785 1028 1842 diebus
1039 1790 1088 1841 et
1103 1787 1292 1854 tribus,
1308 1787 1575 1857 noctibus,
1594 1789 1671 1842 ita
1685 1785 1788 1842 erit
1800 1787 1971 1843 Filius

322 1857 568 1911 hominis
591 1857 768 1912 tribus
790 1858 989 1912 diebus
1010 1863 1065 1912 et
1081 1858 1257 1913 tribus
1275 1860 1522 1914 noctibus
1544 1861 1602 1914 in
1619 1860 1788 1916 corde
1804 1869 1971 1917 terra

321 1926 538 2001 (Metth.
571 1944 672 1993 xu,
707 1929 795 1998 39,
820 1929 921 1985 4οε
956 1931 1086 1986 Luc.
1118 1947 1199 1995 x1,
1229 1930 1319 1995 29,
1353 1930 1468 2001 30).
1945 1977 1952 1988 .

397 2000 699 2074 Svmcoca
733 2002 1031 2074 respondit
1056 2018 1068 2055 :
1103 2000 1495 2073 Recognosce,
1522 2017 1657 2074 vera
1679 2005 1817 2056 sunt
1839 2019 1966 2074 qua;

321 2071 466 2126 mihi
490 2076 636 2125 teste
659 2071 964 2143 prophetia
989 2071 1318 2128 narrantur.
1345 2077 1510 2128 Nunc
1532 2073 1680 2128 scire
1704 2071 1966 2129 desidero

319 2143 420 2216 ubi
445 2142 670 2216 sit,_ubi
692 2142 871 2216 lateat
893 2144 1183 2211 Christus,
1208 2145 1306 2216 qui
1331 2145 1402 2198 de
1426 2149 1581 2199 terra
1611 2146 1926 2200 resurrexit
1951 2164 1963 2201 :

320 2214 448 2270 volo
467 2213 628 2288 enim
648 2215 862 2288 videre,
882 2216 925 2270 si
943 2221 1141 2286 postea
1156 2213 1256 2288 per
1269 2216 1588 2288 Prophetas
1601 2216 1816 2286 aliquid
1835 2221 1967 2287 post

360 2286 654 2359 assionem
673 2285 758 2340 vel
779 2292 909 2359 post
922 2285 1401 2343 resurrectionem
1417 2288 1627 2343 habeat
1639 2285 1962 2359 putestatis.

367 2358 456 2432 egi
489 2357 666 2423 enim,
699 2357 1148 2432 ad’salvandum
1185 2359 1466 2432 populum
1496 2357 1804 2416 venturum
1838 2375 1966 2416 esse

317 2429 502 2485 Ellam
536 2433 780 2484 unctum
814 2431 930 2486 Dei.

389 2501 866 2574 Eccmsm‘dixit:
920 2502 1095 2574 Ergo,
1138 2501 1370 2574 misera,
1422 2503 1575 2572 quod
1609 2518 1819 2574 negare
1849 2520 1964 2574 non

322 2577 509 2644 potes,
534 2572 925 2641 conﬁtere;et
965 2573 1102 2627 audi
1142 2573 1341 2629 omnia
1383 2589 1508 2644 quae
1546 2572 1756 2629 veritas
1779 2573 1966 2630 celare

318 2661 435 2700 non
468 2648 695 2716 potest:
731 2648 849 2699 tota
879 2661 941 2716 se
973 2661 1159 2716 usque
1190 2646 1260 2701 ad
1291 2644 1466 2700 caelos
1495 2644 1774 2700 claritatis
1798 2645 1966 2701 liber-

317 2721 410 2771 tas
435 2715 710 2772 extendit.
746 2716 893 2788 Lege
919 2715 1216 2772 Danielem
1249 2716 1347 2788 qui
1379 2717 1496 2772 ait:
1528 2717 1778 2773 Videbam
1798 2719 1862 2772 in
1882 2719 1964 2772 vi-

318 2790 472 2843 sione
503 2789 691 2852 noctis,
723 2796 776 2842 et
801 2804 916 2843 ecce
937 2790 993 2842 in
1018 2789 1252 2843 nubibus
1273 2789 1398 2844 caeli
1415 2790 1575 2860 quasi
1594 2790 1766 2844 Filius
1787 2789 1964 2845 homio

319 2861 409 2914 nis
439 2861 664 2913 veniens
694 2861 843 2914 venit
872 2876 1043 2931 usque
1071 2861 1140 2915 ait
1195 2863 1429 2915 Veterem
1459 2861 1702 2930 dierum,
1737 2867 1790 2915 et
1817 2863 1965 2916 stetit

320 2933 383 2985 in
411 2933 695 3002 conspectu
725 2931 863 3001 ejus,
897 2940 946 2986 et
979 2933 1076 3002 qui
1118 2934 1444 2987 assistebant
1471 2933 1786 2988 obtulerunt
1817 2949 1959 2988 eum.

316 3003 382 3057 Et
411 3001 542 3056 data
572 3007 650 3057 est
681 3004 736 3056 ei
760 3001 1000 3073 potestas
1027 3005 1202 3072 regia,
1235 3012 1285 3057 et
1303 3019 1492 3058 omnes
1513 3020 1661 3072 reges
1681 3009 1849 3061 terra:
1866 3020 1966 3075 per

317 3090 513 3144 genus,
547 3081 596 3128 et
624 3077 806 3128 omnis
846 3075 1074 3128 claritas
1113 3076 1349 3130 serviens
1395 3076 1481 3129 ei:
1513 3079 1562 3128 et
1581 3079 1818 3148 potestas
1847 3077 1963 3148 ejus

315 3151 545 3217 aeterna,
578 3162 694 3217 qua
724 3162 831 3201 non
862 3153 1145 3216 au/eretur
1163 3163 1182 3207 ;
1214 3151 1265 3201 et
1285 3163 1518 3216 regnum
1538 3147 1654 3216 eius
1675 3150 1958 3216 aeternum,

317 3216 459 3290 quod
489 3216 598 3270 non
629 3222 1006 3290 corrumpetur
1035 3217 1325 3290 (Dan.rv11,
1360 3219 1444 3284 13,
1481 3218 1589 3286 14).

391 3292 691 3343 Sxmcoca
711 3289 1039 3360 respondit:
1067 3288 1320 3344 Gloriam
1346 3290 1555 3344 habere
1577 3292 1816 3344 unctum
1837 3290 1959 3358 Dei,

317 3360 430 3432 hoc
455 3364 544 3414 est
563 3360 881 3432 Christum,
908 3377 1119 3431 negare
1139 3377 1254 3416 non
1281 3377 1520 3432 possum
1544 3377 1556 3414 :
1577 3361 1675 3415 sed
1695 3361 1803 3416 hoc
1819 3362 1960 3416 mihi

320 3431 518 3514 dicito,
544 3431 592 3514 si
617 3436 997 3514 posteaquam
1023 3431 1363 3514 passusest,
1388 3437 1446 3487 et
1467 3433 1804 3500 resurrexit,
1838 3433 1961 3506 glo-

320 3505 468 3575 riam
497 3501 670 3558 istam
702 3501 945 3575 adipisci
979 3501 1164 3575 potuit
1194 3509 1251 3559 et
1281 3509 1498 3560 tenere.

393 3574 658 3647 Ecccssnt
689 3574 868 3647 dixit:
906 3574 1054 3647 Lege
1101 3575 1314 3630 Isaiam
1366 3575 1730 3647 prOpbetam,
1765 3575 1866 3646 qui
1895 3592 1963 3632 ex

319 3662 572 3718 persona
625 3646 940 3702 Salvatoris
971 3646 1085 3702 ait:
1143 3647 1298 3702 Nunc
1343 3646 1658 3718 exsu’rgam,
1689 3647 1822 3701 dicit
1855 3653 1962 3703 Do-

318 3720 526 3782 minus,
557 3735 706 3773 nunc
732 3719 1096 3788 clarificabor,
1120 3727 1170 3774 et
1189 3718 1492 3786 exaltabor,
1516 3735 1663 3773 nunc
1685 3718 1960 3790 videbitis,

316 3806 469 3863 nunc
489 3791 834 3860 intelligetis,
853 3807 1001 3845 nunc
1015 3790 1450 3863 confundemini,
1468 3806 1610 3863 vana
1626 3793 1729 3846 erit
1742 3792 1964 3858 fortitu-

318 3863 388 3918 do
410 3861 654 3932 Spiritus
679 3865 864 3929 vestri,
890 3864 1034 3932 ignis
1051 3861 1142 3917 vos
1164 3865 1441 3918 consumet
1463 3862 1611 3933 (Isai.
1633 3879 1831 3927 xxxm,
1851 3864 1961 3930 10).

316 3933 426 3988 Sed
456 3937 512 3986 et
540 3933 719 3988 David
756 3934 836 3988 ait
859 3950 872 3990 :
897 3936 1046 3990 Dixit
1069 3935 1332 3990 Dominus
1356 3935 1583 3989 Domino
1604 3950 1740 4001 meo,
1784 3934 1914 3989 Sede
1934 3951 1967 3989 a

316 4004 534 4061 dextris
562 4007 716 4070 meis,
749 4006 916 4061 donec
970 4023 1170 4076 ponam
1229 4007 1485 4062 inimicos
1515 4009 1633 4061 tuos
1661 4005 1965 4060 scabellum

315 4077 527 4150 pedum
557 4083 799 4150 tuorum.
840 4079 1060 4148 Virgam
1089 4080 1309 4133 virtutis
1338 4084 1455 4134 tua?
1476 4078 1684 4132 emittet
1708 4079 1967 4132 Dominus

319 4148 391 4274 ala):
417 4148 572 4274 Sion,
599 4151 649 4204 et
677 4149 1054 4274 fognfnaberis
1081 4151 1139 4205 in
1172 4150 1348 4206 med-io
1370 4150 1725 4205 inimicorum
1745 4153 1968 4206 tuorum

392 4236 451 4274 sa
482 4261 496 4274 .
530 4236 641 4274 cxx.
713 4262 726 4274 .
824 4263 836 4274 .

345 4222 496 4276 Psal.
530 4236 641 4286 cxx,
677 4223 726 4286 1,
759 4222 836 4286 2).

323 4221 496 4294 (Psal.
530 4236 641 4286 cxx,
677 4223 726 4286 1,
759 4221 836 4292 2).

322 4291 686 4420 DeSiacAGoca
738 4292 1081 4364 respondit;
1142 4293 1292 4365 Ergo
1350 4296 1407 4348 et
1462 4297 1614 4348 Deus
1672 4295 1728 4347 et
1787 4292 1968 4349 Filius

375 4379 448 4418 ΘΙ.

395 4434 670 4507 EcccasIA
690 4433 833 4489 dixit
857 4452 870 4490 :
893 4434 1126 4507 Utique,
1149 4434 1347 4490 stulta.
1386 4435 1492 4501 Qui
1523 4434 1591 4489 de
1623 4432 1859 4507 homine
1879 4434 1968 4507 gi-

323 4507 546 4579 gnitur,
579 4505 753 4579 homo
811 4511 921 4574 est,
974 4505 1054 4563 ita
1112 4512 1168 4563 et
1205 4507 1306 4579 qui
1337 4507 1408 4563 de
1437 4507 1551 4563 Deo
1583 4505 1785 4575 oritur,
1816 4505 1968 4562 Deus

324 4577 583 4651 profecto
615 4578 902 4650 signatur.

399 4649 698 4732 vaacoca
745 4649 1079 4732 respondit:
1134 4649 1281 4732 Noa.
1309 4649 1734 4732 assertionibus
1774 4650 1966 4732 credo,

324 4722 425 4778 sed
464 4722 612 4794 Lege
643 4721 858 4777 revinci
901 4722 1183 4778 desidero.
1234 4722 1358 4777 Non
1404 4722 1560 4778 enim
1591 4727 1668 4790 te,
1704 4722 1806 4777 sed
1837 4722 1970 4777 Pro-

323 4794 534 4865 phetas
563 4794 765 4849 audire
796 4794 1101 4850 contendo.

404 4865 674 4920 ECCLESIA
715 4866 888 4920 dixit:
926 4865 1166 4936 Respice
1187 4865 1340 4937 quod
1365 4864 1753 4921 Psalmidicus
1782 4862 1884 4928 ait,
1916 4865 1973 4918 et

328 4937 481 4994 scies
512 4936 822 4992 Dominum
856 4937 1040 4992 Deum
1069 4936 1220 4992 esse’
1245 4936 1617 4992 Salvatorem.
1671 4938 1967 5005 Exsurgat,

325 5009 541 5092 inquit,
575 5009 734 5092 Deus,
765 5012 815 5064 et
840 5008 1174 5092 dissipentur
1217 5009 1434 5092 inimici
1458 5009 1678 5092 nejus-e‘t
1709 5007 1974 5092 eﬂugiant

327 5078 428 5153 qui
451 5080 677 5136 oderunt
706 5097 832 5136 eum
859 5098 889 5137 a
920 5078 1068 5152 facie
1097 5081 1231 5150 ejus.
1265 5081 1415 5137 Sicut
1434 5080 1616 5150 deﬁcit
1635 5078 1823 5152 fumus
1841 5079 1970 5148 deﬁ-

327 5154 503 5220 ciant,
526 5157 576 5207 et
596 5154 735 5209 sicut
756 5153 980 5208 tabescit
1023 5168 1152 5207 cera
1199 5168 1236 5206 a
1282 5154 1432 5223 [acie
1451 5154 1621 5223 ignis,
1646 5153 1724 5205 sic
1744 5159 1972 5222 pereant

325 5231 634 5296 peccatores
662 5242 694 5280 a
723 5226 868 5296 facie
897 5225 1014 5280 Dei.
1059 5223 1285 5296 Caritate
1336 5227 1460 5291 Deo,
1509 5223 1728 5296 psallite
1756 5224 1975 5278 nomini

326 5294 468 5368 ejus,
499 5297 647 5351 viam
665 5294 831 5367 facile
849 5298 906 5353 ei
924 5298 1020 5368 qui
1038 5294 1281 5368 ascendit
1303 5311 1467 5367 super
1489 5294 1754 5362 occasum,
1781 5296 1972 5368 Domi-

325 5366 438 5424 nus
459 5383 654 5423 nomen
667 5366 750 5423 est
771 5369 878 5423 illi.
905 5366 1010 5437 Qui
1031 5367 1286 5438 producit
1309 5366 1523 5422 vinctos
1546 5368 1606 5421 in
1626 5366 1972 5437 fortitudine,

328 5441 427 5512 qui
449 5441 704 5495 habitant
733 5441 792 5494 in
821 5442 1188 5495 monumentis
1219 5440 1391 5502 (Psal.
1435 5454 1604 5502 vau,
1635 5440 1688 5505 2,
1722 5439 1775 5508 3,
1805 5439 1971 5512 5,_7).

330 5510 403 5567 Et
429 5528 636 5567 rursus
668 5512 821 5567 idem
859 5512 1069 5567 David:
1113 5513 1378 5580 Exsurge,
1432 5513 1679 5575 Domine,
1711 5513 1761 5564 et
1782 5510 1973 5583 jutlica

335 5593 563 5649 terram,
596 5586 853 5654 quoniam
885 5587 943 5638 tu
970 5583 1328 5640 haereditabis
1356 5585 1415 5637 in
1447 5583 1698 5639 omnibus
1726 5583 1976 5651 gentibus

336 5656 514 5726 (Psal.
546 5672 754 5717 xxxv“,
785 5656 895 5724 22).
933 5657 1001 5710 Et
1051 5654 1227 5710 alibi:
1285 5660 1435 5710 Deus
1465 5655 1688 5710 deorum
1717 5655 1976 5726 Dominus

340 5725 550 5782 locutus
575 5732 656 5782 est
687 5727 856 5797 (Psal.
891 5743 1042 5790 xmx,
1077 5727 1150 5794 1).
1205 5728 1291 5792 Et,
1341 5729 1524 5782 Pariet
1558 5729 1706 5796 virgo
1739 5725 1973 5790 Filium,

337 5803 395 5855 et
423 5800 709 5855 vocabitur
756 5815 953 5854 nomen
994 5802 1112 5867 ejus
1142 5800 1479 5862 Emmanuel,
1525 5799 1672 5870 quod
1700 5801 1778 5852 est
1807 5799 1974 5853 inter-

335 5879 639 5946 pretatum.
671 5872 961 5929 Nobiscum
1000 5872 1140 5928 Deus
1172 5873 1321 5944 (Isai.
1354 5888 1431 5940 Vl,
1460 5872 1537 5943 9).
1571 5872 1659 5928 Et.
1686 5871 1976 5944 Propterea

1839 294 2254 355 APPENDIX.

3596 299 3749 360 1138

2090 429 2253 504 unxtt
2282 433 2350 489 te,
2387 431 2554 504 Deus_,
2587 426 2727 504 Deus
2752 429 2878 482 tuus
2911 426 3082 504 (Psal.
3113 445 3260 499 xuv,
3293 428 3368 502 8).
3394 429 3583 488 Habes
3608 447 3743 504 ergo

2091 504 2148 555 et
2167 498 2387 572 Deum,
2420 504 2477 553 et
2515 498 2852 564 Dominum,
2887 505 2942 554 et
2973 499 3209 572 Regem.

2160 571 2453 625 Sxxacoca
2484 572 2815 642 respondit:
2852 572 2918 625 Et
2949 571 3220 632 Deum.et
3246 573 3561 628 Dominum
3591 591 3742 630 reco-

2089 657 2342 714 gnosco;
2378 643 2478 697 sed
2504 642 2724 714 Regem
2759 643 2902 696 mihi
2935 644 3172 714 probari
3210 645 3502 700 desidero.

2159 713 2426 768 Ecccssra
2460 713 2642 767 dixit:
2686 713 3050 770 Stultissima
3093 716 3429 784 mulierum,
3476 717 3522 772 si
3551 721 3733 772 Deum

2085 785 2400 861 confiteris,
2435 789 2648 856 Regem
2682 786 2852 861 fateri
2885 803 2998 841 non
3043 788 3266 861 debes?
3289 791 3412 861 AAut
3445 790 3731 861 numquid

2084 855 2236 932 Deus
2271 861 2460 932 potest
2509 855 2684 932 esse,_
2709 857 2824 912 nisi
2876 859 3243 932 regnaverit?
3273 859 3458 915 Omne
3488 855 3730 932 regnum

2083 929 2196 1003 sub
2228 929 2472 999 pedibus
2523 929 2617 1003 Dei
2661 929 2817 1003 jacet
2841 933 2956 1003 ;_et
2985 931 3270 1002 quidquid
3302 949 3479 1003 regna
3506 929 3726 1000 tenent,

2084 1000 2359 1075 majestas
2390 999 2648 1075 possidet
2678 1001 2800 1054 Dei.
2843 1001 2991 1075 Ergo
3006 999 3234 1075 'Regém
3269 999 3522 1072 dubitas,
3556 1020 3729 1075 quem

2084 1017 2359 1068 maJBSLES
2390 1017 2648 1070 possmet
2678 1017 2800 1054 uel.
2846 1017 2917 1054 ωι-

2081 1069 2266 1125 Deum
2300 1071 2552 1141 profecto
2598 1017 2957 1142 cognoscisg

2151 1142 2451 1214 Svuacoca
2500 1144 2837 1213 respondit:
2891 1143 3016 1198 Non
3065 1145 3304 1214 quidem
3357 1146 3580 1214 dubito,
3631 1147 3727 1202 sed

2078 1213 2204 1296 volp
2237 1214 2381 1268 mihi
2416 1215 2591 1296 Israel
2625 1215 2866 1296 veritate
2887 1213 3128 1296 signari.

2149 1284 2417 1359 Eccansra
2448 1286 2590 1339 dixit
2616 1304 2627 1359 :
2665 1287 2807 1358 Lege
2833 1284 3033 1355 David,
3059 1293 3115 1342 et
3136 1287 3394 1343 invenies
3421 1287 3478 1342 in
3502 1289 3727 1359 psalmo

2079 1357 2510 1432 septuagesimo
2544 1357 2947 1432 primoiDeus
2977 1359 3253 1432 judicium
3275 1368 3442 1432 tuum
3469 1357 3606 1432 Regi
3633 1361 3724 1427 da,

2075 1431 2126 1503 et
2145 1429 2429 1498 justitiam
2451 1436 2600 1503 tuam
2631 1429 2748 1503 ﬁlio
2781 1431 2954 1498 Regis.
2991 1431 3057 1483 Et
3080 1431 3134 1484 in
3164 1430 3390 1502 psalmo
3414 1429 3723 1503 septuage-

2077 1499 2226 1554 simo
2254 1500 2510 1556 secundo
2532 1500 2612 1553 ait
2633 1517 2645 1554 :
2666 1501 2806 1554 Deus
2818 1506 3004 1556 autem
3026 1503 3138 1556 Rex
3155 1499 3338 1556 noster
3352 1499 3722 1571 ante—saecula,

2075 1575 2436 1645 operatus_est
2459 1573 2696 1626 salutem
2725 1572 2782 1626 in
2806 1572 2979 1627 medio
2999 1576 3184 1629 terra}.
3211 1575 3278 1627 Et
3300 1574 3355 1627 in
3381 1575 3604 1645 psalmo
3629 1593 3722 1631 se-

2074 1643 2265 1696 cundo
2286 1659 2299 1697 :
2321 1643 2425 1713 Ego
2446 1647 2623 1698 autem
2645 1645 2964 1718 constitutus
2983 1661 3104 1698 sum
3126 1645 3237 1700 Rex
3256 1647 3323 1699 ab
3342 1643 3399 1700 eo
3416 1647 3723 1718 superSion

2072 1722 2309 1769 montem
2336 1723 2584 1786 sanctum
2613 1715 2750 1783 eius,
2783 1718 3122 1770 annuntians
3163 1718 3455 1786 imperium
3483 1715 3622 1784 eius.
3656 1723 3723 1774 Et

2074 1786 2226 1857 apud
2254 1785 2596 1840 Malachiam
2629 1786 2714 1841 sic
2746 1786 2862 1842 ait:
2895 1789 3007 1842 Rex
3035 1785 3268 1855 magnus
3296 1805 3419 1843 sum
3440 1805 3560 1857 ego,
3586 1791 3722 1848 dicit

2074 1859 2363 1930 Dominus,
2397 1861 2446 1912 et
2475 1873 2669 1930 nomen
2697 1875 2877 1930 meum
2900 1858 3198 1914 illustrabo
3220 1859 3369 1928 apud
3387 1865 3567 1930 gentes
3590 1864 3718 1930 (Ma-

2077 1927 2222 1983 lach.
2247 1947 2285 1999 ι,
2314 1930 2422 1998 14).
2447 1930 2514 1983 Et
2535 1929 2590 1983 in
2619 1928 2842 2000 psalmo
2881 1927 3261 2002 nonagesimo
3294 1927 3452 1986 sexto
3479 1950 3491 1986 :
3521 1927 3717 1988 Domi—

2071 2017 2177 2055 nus
2201 2002 2446 2071 regnavit
2467 2002 2741 2065 ;exsultet
2774 2006 2941 2068 terra,
2984 2003 3242 2058 lwtentur
3279 2005 3714 2061 insulaemultee.

2073 2071 2138 2126 Et
2170 2071 2346 2126 alibi:
2377 2074 2659 2127 Eructavit
2707 2089 2801 2127 cor
2847 2090 3028 2129 meum
3075 2077 3305 2130 verbum
3351 2075 3567 2143 bonum,
3599 2077 3719 2134 dico

2076 2159 2180 2216 ego
2209 2160 2372 2214 opera
2401 2160 2522 2198 mea
2553 2145 2685 2214 Regi
2711 2145 2883 2214 (Psal.
2914 2163 3064 2212 XLIV,
3096 2145 3174 2216 2).

2140 2215 2438 2288 Svuacoca
2471 2216 2806 2286 respondit:
2843 2215 3172 2288 Praevenisti
3205 2233 3316 2286 me,
3354 2220 3716 2288 respondere

2070 2285 2214 2364 nihil
2246 2303 2526 2364 possum_:
2561 2285 2675 2342 non
2694 2287 3025 2364 assertione
3055 2285 3384 2358 verborum,
3416 2285 3517 2345 sed
3567 2292 3717 2364 Lege

2067 2357 2268 2413 videor
2298 2374 2426 2413 esse
2469 2359 2768 2414 damnata.

2139 2430 2408 2503 Ecccssut
2436 2429 2581 2484 dixit
2605 2431 2970 2503 Interroga
3018 2446 3404 2503 quaecumque
3440 2431 3713 2503 volueris,

2069 2505 2126 2557 et
2155 2517 2256 2570 ego
2290 2505 2346 2556 te
2379 2502 2450 2555 de
2481 2506 2582 2556 tuo
2613 2502 2983 2557 Testamento
3015 2502 3328 2558 revincam.

2139 2573 2440 2627 SYNAGOGA
2472 2573 2808 2643 respondit:
2862 2573 3023 2628 Certe
3055 2573 3200 2629 dicis
3245 2579 3301 2629 te
3331 2573 3565 2629 difﬁteri
3598 2592 3713 2630 non

2069 2659 2258 2715 posse,
2293 2644 2446 2715 quod
2481 2644 2746 2701 Christus
2777 2645 2931 2700 Deus
2961 2645 3039 2700 sit
3067 2645 3326 2714 Abrahae,
3352 2645 3503 2701 Deus
3526 2646 3708 2716 Isaac,

2068 2719 2124 2770 et
2155 2716 2307 2790 Deus
2337 2717 2534 2771 Jacob.
2567 2716 2775 2790 Utique
2807 2716 3096 2790 Abraham
3135 2717 3370 2790 Iudaeus
3402 2717 3532 2786 fuit,
3565 2735 3709 2790 quo-

2067 2787 2240 2842 modo
2271 2803 2405 2858 ergo
2437 2803 2526 2843 me
2556 2787 2702 2842 dicis
2733 2788 3130 2843 damnandam
3152 2788 3179 2842 ‘t

2137 2859 2565 2914 Ecccnsmdixit
2580 2877 2591 2915 :
2607 2864 2778 2926 Bene,
2794 2859 3085 2930 quodjam
3104 2859 3326 2930 cmpisti
3348 2859 3712 2930 reciprocare

2069 2947 2390 3002 sermones,
2415 2935 2470 2984 et
2495 2931 2564 2985 de
2595 2931 2937 3002 obliquitate
2974 2931 3294 3002 verborum
3326 2946 3428 3001 per
3459 2931 3710 2987 ﬂexuras

2109 3001 2478 3057 arabolarum
2498 3001 2762 3057 membra
2775 3002 3030 3072 palpare.
3049 3003 3192 3056 Nam
3208 3007 3264 3056 et
3282 3001 3486 3057 Petrus
3500 3007 3558 3057 et
3572 3003 3714 3058 Pau-

2093 3090 2161 3158 u's
2177 3073 2584 3158 praedicatores
2607 3075 2740 3158 mei,
2767 3073 2950 3129 Judaei
2971 3075 3228 3158 fuerunt,
3250 3074 3346 3130 sed
3369 3073 3718 3158 derelictate

2069 3146 2139 3200 ad
2174 3144 2550 3217 f‘ontemrvitas
2601 3150 2993 3216 aeternamque
3025 3145 3273 3217 gratiam
3321 3151 3717 3202 convenerunt

2067 3220 2212 3290 Nam
2237 3216 2554 3290 Abraham,
2580 3233 2754 3289 quem
2777 3216 3096 3290 nominasti
3116 3233 3246 3271 cum
3266 3233 3527 3290 paganus
3540 3223 3714 3290 esset,

2068 3297 2122 3372 et
2143 3287 2298 3343 idola
2321 3287 2731 3372 confringeret,
2753 3289 2836 3344 sic
2855 3291 2929 3372 ad
2951 3289 3154 3372 divina:
3174 3287 3495 3372 majes’talis
3513 3287 3712 3372 amici;

2067 3360 2180 3415 tias
2196 3359 2541 3423 convolavit,
2558 3359 2700 3415 inde
2718 3359 3167 3430 incolumisjam
3191 3359 3284 3414 Dei
3306 3360 3552 3426 amicus,
3573 3362 3645 3416 ad
3662 3365 3716 3416 te

2068 3448 2274 3486 rursus
2293 3431 2538 3503 accessit
2555 3448 2568 3487 :
2584 3433 2684 3487 sed
2699 3436 2754 3487 et
2767 3434 3141 3503 postmodum
3157 3436 3254 3486 ate
3269 3432 3339 3486 ad
3358 3435 3590 3497 Gentes,
3607 3432 3714 3488 hoc

2069 3508 2156 3558 est
2187 3503 2256 3557 ad
2291 3520 2418 3570 nos,
2472 3501 2684 3558 iterum
2740 3501 2927 3558 redire
2975 3503 3290 3558 mandavit.
3339 3503 3432 3557 Sic
3463 3504 3619 3558 enim
3652 3505 3712 3559 in

2067 3573 2273 3630 Genesi
2303 3575 2420 3630 ait:
2452 3575 2628 3645 Dixit,
2686 3574 2901 3647 inquit,
2951 3576 3206 3630 Dominus
3262 3575 3398 3647 Deus
3452 3575 3708 3642 Abrahae,

2068 3647 2175 3701 Exi
2195 3647 2268 3701 de
2283 3654 2436 3701 terra
2459 3654 2572 3715 tua,
2596 3655 2648 3701 et
2665 3645 2729 3701 de
2743 3645 3064 3717 cognatione
3080 3654 3193 3714 tua,
3215 3651 3266 3700 et
3283 3646 3349 3700 de
3363 3645 3523 3699 domo
3535 3648 3712 3717 patris

2068 3719 2171 3783 tui,
2203 3722 2254 3772 et
2282 3717 2417 3772 vade
2449 3719 2504 3772 in
2538 3718 2698 3772 illam
2726 3726 2948 3784 terram,
2981 3735 3146 3790 quam
3176 3717 3280 3772 tibi
3317 3717 3597 3772 ostendero
3618 3734 3640 3780 ;
3660 3725 3710 3774 et

2069 3790 2273 3859 faciam
2293 3794 2346 3844 te
2368 3790 2424 3843 in
2437 3793 2651 3859 gentem
2662 3806 2944 3858 magnam,
2957 3799 3007 3845 et
3021 3790 3330 3844 benedicam
3344 3798 3416 3855 te,
3433 3797 3482 3844 et
3494 3791 3711 3857 magni-

2071 3861 2239 3931 ﬁeabo
2257 3876 2449 3916 nomen
2469 3861 2791 3931 tuum(Gen.
2811 3879 2912 3928 xu,
2934 3863 2984 3928 1,
3015 3862 3092 3930 2).
3128 3861 3302 3915 Vides
3333 3876 3437 3932 ego
3469 3860 3712 3916 Abrahae

2072 3937 2446 4004 praeceptum,
2474 3938 2539 3987 ut
2561 3934 2739 3988 exiret
2759 3935 2830 3988 de
2849 3939 3005 3989 terra
3024 3937 3149 4000 tua,
3182 3937 3238 3987 et
3268 3933 3339 3987 de
3370 3933 3714 4004 cognatione

2072 4009 2193 4077 tua,
2223 4008 2278 4077 et
2308 4005 2378 4059 de
2408 4005 2579 4077 domo
2612 4005 2793 4077 patris
2825 4005 2948 4074 tui;
3011 4009 3066 4060 et
3124 4004 3346 4060 veniret
3398 4004 3469 4058 ad
3507 4009 3716 4061 terram

2074 4075 2368 4143 Gentium,
2395 4079 2452 4149 et
2470 4075 2739 4148 princeps
2754 4076 3100 4149 ﬁeretsuper
3113 4077 3348 4149 Gentes,
3366 4082 3717 4149 etamagnum

2075 4160 2287 4220 nomen
2308 4147 2611 4220 acciperet.
2636 4147 2781 4220 Nam
2800 4152 2856 4202 ct
2879 4149 2936 4203 in
2957 4147 3145 4220 ﬁgura
3162 4147 3474 4220 salvatoris
3489 4147 3721 4220 benedi-

2074 4219 2158 4275 xit
2190 4221 2348 4274 Isaac
2377 4219 2556 4275 Jacob
2581 4235 2594 4275 :
2628 4219 2874 4275 Servient
2905 4219 3026 4286 tibi,
3048 4219 3257 4289 inquit,
3283 4219 3493 4288 Gentes,
3517 4228 3567 4274 et
3588 4219 3718 4274 ado-

2075 4291 2278 4347 rabunt
2307 4297 2355 4345 te
2380 4292 2682 4362 principes,
2715 4299 2766 4347 et
2794 4293 2904 4347 eris
2932 4290 3183 4346 dominus
3209 4291 3475 4362 fratribus
3508 4292 3638 4361 tuis,
3664 4299 3721 4346 et

2077 4363 2382 4418 adorabunt
2412 4369 2459 4416 te
2486 4363 2598 4432 ﬁlii
2622 4364 2818 4418 matris
2845 4367 2960 4420 tum
2989 4362 3088 4433 (Id.
3122 4377 3296 4425 xxvu,
3321 4362 3433 4433 29).

2148 4435 2449 4490 Svuacoca
2479 4435 2782 4506 respondit
2806 4452 2818 4490 :
2843 4434 2991 4507 Ergo
3007 4433 3317 4507 omnesad
3337 4437 3392 4488 te
3412 4435 3720 4507 venerunt,

2076 4509 2134 4561 et
2163 4521 2290 4577 ego,
2323 4522 2450 4576 quae
2483 4503 2594 4560 tot'
2615 4512 2672 4561 et
2721 4503 3112 4562 tantos-filios
3144 4505 3344 4571 habui,
3377 4508 3432 4560 et
3461 4503 3717 4577 filiorum

2080 4575 2457 4649 multitudine
2485 4577 2734 4649 gloriata
2771 4593 2925 4641 sum,
2979 4581 3046 4632 ut
3084 4575 3717 4649 derelicta_de3pic_ior,

2079 4665 2206 4721 quae
2237 4647 2534 4721 fuimaler
2566 4648 2834 4720 populis:
2869 4651 2971 4703 aut
3018 4649 3065 4704 si
3108 4647 3210 4704 tibi
3243 4653 3308 4721 ut
3339 4647 3538 4721 plures
3571 4647 3721 4702 ﬁlios

2077 4719 2296 4848 lIiJabeas
2326 4719 2385 4775 in
2417 4719 2578 4792 Lege’
2614 4719 2958 4777 mandatum
3006 4723 3114 4792 est,
3169 4720 3414 4793 probare
3446 4719 3624 4775 debes
3654 4734 3723 4774 ex

2128 4808 2251 4848 eae.

2128 4808 2251 4858 ego.

2150 4865 2424 4918 Ecccssm
2453 4861 2599 4917 dixit
2625 4879 2638 4918 :
2670 4863 2833 4918 Nunc
2863 4861 3135 4928 ﬂecteris,
3170 4877 3329 4916 nunc
3357 4863 3412 4915 te
3443 4859 3722 4928 antiquus

2079 4935 2237 5007 rigor
2265 4933 2507 5007 extollit,
2542 4950 2676 4989 mox
2703 4939 2757 4990 et
2788 4935 2859 4989 ad
2892 4934 3176 5007 malitiam
3212 4931 3531 5007 replicaris.
3574 4931 3724 4987 Dicit

2079 5004 2235 5064 enim
2265 5006 2542 5061 Dominus
2567 5024 2578 5062 :
2604 5007 2793 5062 Dilata
2817 5007 2993 5061 locum
3029 5006 3374 5061 tabernaculi
3412 5004 3512 5071 tui,
3537 5009 3589 5058 et
3619 5018 3720 5059 au-

2082 5081 2320 5137 lseorum
2347 5087 2568 5133 (uorum
2578 5079 2776 5150 longas
2793 5080 2884 5147 fac
2897 5093 3201 5147 mensuras,
3219 5085 3269 5132 et
3285 5077 3438 5147 palos
3460 5085 3575 5130 tuos
3595 5091 3722 5150 con-

2079 5153 2242 5222 ﬁrma
2265 5150 2449 5205 adhuc
2473 5152 2534 5205 in
2555 5146 2808 5205 dextram
2829 5157 3068 5222 tuam,et
3084 5150 3144 5204 in
3161 5146 3444 5222 sinistram
3460 5146 3690 5222 extende
3706 5164 3725 5203 :

2082 5218 2132 5278 et
2159 5238 2346 5277 semen
2375 5225 2529 5276 tuum
2559 5226 2739 5291 gentes
2775 5221 3092 5292 possidebit,
3123 5223 3174 5275 et
3221 5221 3465 5274 civitates
3492 5218 3726 5292 desertas

2083 5294 2440 5351 inhabitabis.
2456 5293 2581 5348 Noli
2592 5291 2802 5359 timere,
2819 5294 2950 5364 quia
2962 5292 3175 5346 devicta
3189 5307 3244 5347 es
3257 5306 3450 5361 meque
3461 5291 3723 5364 verearis,

2084 5368 2214 5439 quia
2231 5365 2519 5439 maledicta
2535 5381 2618 5420 es:
2637 5362 2898 5439 quoniam
2915 5365 3284 5439 confusionem
3296 5367 3569 5439 cateruam
3583 5362 3729 5416 obli-

2084 5433 2308 5495 visceris
2333 5437 2482 5508 (Isai.
2533 5433 2812 5508 mia—724).
2839 5436 2943 5491 Fui
2983 5433 3184 5506 utique
3219 5433 3558 5508 maledicta,
3593 5449 3726 5508 cum

2084 5509 2242 5566 idola
2261 5504 2563 5580 sequerer;
2582 5506 2669 5580 fui,
2687 5504 2948 5576 confusa,
2969 5504 3730 5580 cumdivinitatis_mandata

2087 5575 2370 5638 nescirem
2387 5598 2400 5648 ;
2417 5579 2497 5635 fui
2511 5577 2752 5645 sterilis,
2769 5581 2906 5651 quia
2919 5575 3285 5651 Baptismum
3301 5594 3418 5632 non
3440 5575 3727 5651 habebam

2088 5671 2200 5726 quo
2223 5652 2462 5726 imperio
2483 5648 2816 5726 majestatis
2847 5648 3368 5726 filios—enutrii-em:
3393 5665 3549 5704 nunc
3572 5648 3726 5704 exal-

2086 5721 2206 5782 t'ata
2234 5721 2362 5778 sum
2389 5725 2447 5778 in
2474 5721 2642 5789 ﬁlios,
2672 5728 2727 5778 et
2749 5739 2851 5795 per
2873 5724 3181 5795 Dominum
3198 5721 3729 5795 Chriﬁstumgeterna

2089 5814 2267 5870 regna
2289 5795 2540 5870 suscepi.
2564 5791 2766 5870 Merito
2789 5799 2844 5870 et
2865 5797 2921 5850 in
2946 5791 3265 5861 Βασιλειῶν,
3290 5794 3476 5870 idest,
3501 5793 3728 5870 Regno-

2089 5865 2243 5941 rum,
2259 5867 2337 5924 ait
2353 5885 2365 5925 :
2381 5865 2597 5924 Sterilis
2607 5869 2817 5941 peperit
2834 5873 3069 5940 septem;
3095 5875 3146 5924 et
3168 5883 3284 5940 qua
3296 5867 3565 5939 plurimos
3584 5865 3728 5935 ﬁlios
