4048 6464
222 307 379 370 HM

218 439 439 511 omnia,
463 437 586 511 sive
609 437 811 507 Sedes,
836 436 958 493 sive
998 435 1460 511 Dominationes,
1499 437 1621 511 sive
1639 438 1862 494 Princi-

218 509 433 585 patus,‘
456 510 578 567 sive
623 514 946 585 Potestates
971 527 985 578 ;
1011 515 1086 585 et,
1114 509 1322 585 omnia
1360 526 1462 585 per
1500 510 1693 582 ipsum
1717 511 1862 585 etin

212 582 345 657 ipso
366 590 557 657 creata
586 583 968 657 suntholoss.
1002 599 1042 657 ξ,
1069 583 1178 652 16),
1216 582 1455 657 sicu_t_in
1484 589 1730 657 utroque
1753 584 1864 638 Te-

210 654 507 712 stamento
529 654 853 710 humilibus
877 660 934 709 et
960 655 1052 724 pie
1087 654 1482 724 quaerentibus
1525 654 1863 710 manifesta-

207 731 328 799 tur:
354 727 466 799 ipsi
489 726 670 798 gloria
693 732 749 782 et
777 726 967 782 honor
997 731 1055 781 et
1077 730 1335 798 potestas
1362 725 1420 781 in
1452 726 1665 782 saecula
1697 743 1872 782 seacu-

209 798 432 857 lorum.
464 804 673 855 Amen.

284 870 514 928 CAPUT
532 870 676 926 II.—-
704 868 851 924 Huic
864 868 1626 925 Manichmusadversarium
1640 884 1767 925 esse
1781 867 1868 922 di-

219 942 301 997 cit
318 944 510 998 nescio
524 958 697 1014 quem
716 941 907 1012 gentis
921 942 1240 1014 principem
1274 941 1643 996 tenebrarum
1656 986 1669 1007 ,
1693 956 1867 1012 quem

206 1015 387 1096 etiam
417 1013 627 1096 asserit
646 1014 993 1096 ingenitum,
1023 1013 1357 1096 nechaber‘e
1389 1020 1683 1096 auctorem
1716 1028 1867 1096 aquo

206 1091 440 1142 creatus
457 1086 628 1141 sit.Et
659 1083 860 1155 utique
884 1086 932 1138 si
955 1083 1255 1155 ingenitus
1282 1089 1465 1139 etnon
1497 1088 1727 1139 creatus
1757 1088 1867 1155 est,

206 1174 313 1230 per
340 1159 535 1230 ipsum
579 1154 1092 1230 restimmortalis:
1126 1172 1175 1210 8i
1212 1154 1262 1211 si
1293 1172 1395 1230 per
1430 1173 1491 1230 se
1519 1154 1867 1230 immortalis

216 1226 331 1293 est,
363 1226 478 1284 non
507 1229 618 1284 erit
661 1229 813 1283 Deus
841 1228 936 1297 qui
985 1229 1197 1282 habeat
1244 1226 1407 1281 solus
1458 1226 1863 1282 immortalita-

205 1303 329 1356 tem
351 1306 440 1368 ;et
460 1301 707 1371 eritjam
735 1300 985 1355 mendax
1016 1297 1329 1371 Apostolus
1351 1298 1449 1371 qui
1474 1298 1616 1354 dicit
1637 1300 1708 1355 de
1724 1298 1860 1369 Deo,

250 1372 361 1427 uod
416 1370 830 1427 solus’habeat
859 1370 1359 1425 immortalitatem
1381 1370 1448 1443 A(l
1481 1372 1610 1425 Tim.
1636 1387 1720 1443 vr,
1750 1372 1860 1443 l6).

281 1443 317 1497 d
343 1444 480 1515 quia
500 1444 811 1515 Apostolus
833 1443 1081 1515 mendax
1102 1445 1346 1515 nonest,
1380 1441 1534 1497 Deus
1565 1441 1737 1515 solus,
1763 1441 1862 1515 ha-

207 1514 308 1570 bet
336 1512 863 1569 iinmortalitatem.
898 1513 964 1568 Et
995 1513 1122 1568 ideo
1155 1512 1316 1569 solus
1347 1517 1538 1584 potest
1557 1518 1613 1568 et
1648 1512 1859 1569 animis

198 1590 265 1643 et
295 1588 508 1657 quibus
529 1585 1009 1657 vultcorporibus
1031 1590 1305 1656 praestare
1329 1584 1855 1657 immortalitatem.

274 1655 502 1714 CAPUT
534 1657 627 1713 III.
665 1688 734 1697 —
766 1655 999 1729 Falsum
1026 1655 1116 1711 est
1130 1672 1287 1729 ergo,
1315 1657 1469 1727 quod
1506 1655 1857 1729 Manichaaus

198 1729 433 1793 asserit,
448 1729 640 1785 nescio
662 1744 837 1799 quam
853 1726 992 1782 mali
1017 1726 1287 1800 naturam
1310 1726 1442 1782 cum
1468 1728 1726 1800 principe
1748 1746 1855 1784 suo

196 1816 318 1856 non
342 1800 553 1856 habere
591 1798 910 1866 auctorem,
936 1800 1036 1854 sed
1067 1815 1197 1854 esse
1242 1798 1584 1866 ingenitam.
1632 1798 1851 1856 Deinde

194 1873 248 1927 si
271 1873 568 1945 ingenitus
587 1872 764 1945 Deus,
779 1872 1040 1945 ingenita
1058 1870 1412 1945 etiamnunc
1433 1873 1856 1945 genstenebra-

196 1941 488 2009 rumInon
518 1944 629 1999 erit
657 1943 1017 1999 contrarium
1057 1941 1383 2013 ingenitum
1406 1941 1464 1997 et
1493 1942 1848 2013 ingenitum,

193 2016 400 2071 videns
419 2020 475 2071 et
499 2015 721 2081 videns,
765 2029 1017 2085 regnans
1043 2020 1099 2068 et
1144 2029 1416 2085 regnans,
1458 2014 1658 2069 vivens
1680 2019 1737 2069 et
1765 2014 1848 2069 vi-

190 2103 359 2152 vens,
393 2093 671 2142 aeternum
713 2090 769 2142 et
794 2092 1097 2140 aeternum.
1147 2086 1214 2139 Et
1264 2086 1314 2140 si
1365 2086 1725 2140 contrarium
1758 2090 1849 2141 est

191 2157 351 2214 bono
371 2157 615 2228 malum,
634 2174 703 2213 ex
716 2157 1059 2228 aliquaergo
1078 2160 1238 2227 parte
1255 2156 1613 2211 discordabit
1630 2159 1847 2214 bonum

193 2230 537 2286 amalo:ex
556 2229 745 2285 multa
787 2245 918 2284 vero
961 2229 1340 2298 conjunctum
1383 2232 1440 2283 et
1486 2228 1846 2285 concordsns

188 2301 325 2369 erit,
348 2306 407 2356 et
416 2303 542 2371 jam
570 2317 683 2356 non
707 2300 817 2355 erit
841 2298 1336 2371 merumrmalum,
1377 2298 1645 2355 habendo
1684 2304 1848 2355 tanta

189 2370 690 2427 commu’niabona
708 2387 849 2443 cum
866 2370 1087 2443 Deo.7$i
1104 2388 1237 2426 vero
1260 2371 1485 2433 dicunt,
1513 2372 1845 2443 [ngenitum

187 2448 283 2499 est
304 2444 361 2498 in
387 2461 534 2510 suo;
574 2442 721 2499 nihil
752 2442 980 2497 dicunt.
1005 2442 1151 2514 Nam
1184 2443 1511 2513 ingenitum
1535 2442 1597 2498 et
1619 2442 1844 2514 ingeni-

186 2519 340 2579 tum,
359 2520 642 2570 aeternum
666 2521 723 2571 et
755 2519 1059 2577 aeternum,
1085 2513 1145 2569 in
1188 2518 1475 2587 quantum
1498 2513 1760 2587 ingenita
1789 2519 1846 2571 et

187 2593 407 2643 eterna
428 2592 587 2651 sunt,
618 2603 924 2657 nunquam
958 2591 1132 2640 erunt
1162 2585 1476 2641 contraria.
1505 2585 1658 2641 Num
1682 2588 1841 2642 enim

232 2659 330 2713 uia
360 2657 749 2729 imperatorin
776 2675 885 2712 sua
915 2661 1203 2729 potestate
1230 2674 1481 2729 magnus
1511 2663 1619 2724 est,
1642 2662 1700 2713 et
1720 2675 1843 2714 me-

186 2674 489 2785 diastinus
509 2730 568 2785 in
589 2729 927 2785 oneratione
951 2745 1059 2784 sua
1086 2728 1543 2785 contemptibilis
1579 2734 1687 2785 est.
1713 2729 1841 2785 ideo

235 2728 489 2802 iastinu’s
509 2730 568 2785 in
589 2728 1059 2802 operationesua
1086 2728 1543 2802 contemptibilis
1579 2734 1687 2802 est,
1713 2729 1841 2786 ideo

185 2801 584 2928 mttadigstinus
628 2800 746 2856 non
769 2802 878 2856 erit
929 2800 1126 2866 homo,
1174 2800 1311 2871 quia
1340 2800 1513 2856 homo
1540 2804 1629 2856 est
1657 2801 1840 2872 impe-

186 2889 255 2928 ra
283 2889 349 2927 or
664 2920 669 2925 .

186 2878 386 2928 rator?
664 2920 669 2925 .

261 2943 497 3001 CAPUT
524 2943 615 2998 1V.
649 2972 719 2984 -—
747 2942 860 2999 Sed
893 2943 941 2998 si
980 2942 1297 3014 quisquam
1345 2943 1552 3014 quaerit
1594 2942 1732 3013 quid
1766 2942 1843 2999 sit

183 3015 649 3084 malum,audial
672 3014 1013 3085 Apostolum
1043 3014 1328 3069 dicentem
1356 3030 1371 3070 :
1397 3014 1842 3070 Radixomnium

182 3088 463 3142 malorum
491 3095 569 3142 est
615 3086 885 3156 cupiditas
924 3105 943 3140 :
980 3102 1146 3157 quam
1197 3086 1421 3156 quidam
1463 3089 1775 3157 appetentes
1803 3103 1841 3142 α

186 3158 744 3285 ῐὶιιέςάαὺῆῖόοξιυενιιπι,
777 3166 827 3213 et
874 3159 1233 3214 inseruerunt
1260 3173 1317 3213 se
1344 3157 1619 3213 doloribus
1650 3159 1839 3214 multis

276 3246 295 3284 ι
343 3271 377 3285 ..
511 3270 524 3283 .

276 3231 377 3289 id.,
411 3231 524 3295 40).

186 3231 593 3357 (ιὺᾶῖίζρὖίτίλν.
626 3329 694 3340 -
722 3298 1021 3371 Cupiditas
1043 3303 1236 3355 autem
1256 3298 1315 3371 in
1350 3315 1704 3371 unoquoque
1732 3299 1835 3356 ho-

187 3372 351 3429 mine
396 3376 504 3440 eet,
551 3387 666 3427 non
714 3369 1020 3441 naturalis,
1052 3372 1153 3425 sed
1203 3369 1548 3425 voluntaria.
1596 3369 1838 3443 ideoque

179 3444 349 3509 dixit,
371 3460 539 3515 quam
576 3445 803 3515 quidam
823 3443 1322 3515 appetentes.0uod
1343 3445 1499 3497 enim
1512 3445 1836 3514 appetendo

182 3513 453 3585 habetur,
491 3515 538 3570 si
572 3513 684 3570 non
712 3519 1105 3586 appeteretur,
1127 3531 1240 3586 non
1262 3513 1604 3569 haberetur;
1620 3515 1760 3570 Nam
1778 3520 1836 3571 et

176 3587 468 3642 Dominus
510 3585 823 3642 ostendens
863 3585 1017 3657 quod
1051 3586 1109 3640 in
1141 3585 1398 3640 hominis
1421 3589 1705 3657 potestate
1735 3589 1830 3653 sit,

175 3656 297 3714 ait:
323 3659 428 3713 Aut
455 3659 625 3727 facite
643 3656 896 3712 arborem
912 3657 1187 3721 bonam,et
1204 3656 1448 3727 fructum
1469 3658 1589 3728 ejus
1611 3658 1832 3721 bonum;

175 3736 279 3785 aut
306 3731 476 3798 facite
503 3730 755 3785 arborem
807 3729 1035 3800 malam,
1083 3736 1135 3784 et
1181 3737 1423 3795 fructum
1468 3729 1586 3800 ejus
1621 3732 1834 3784 malum

175 3801 399 3872 (Matth.
418 3818 519 3867 xu,
542 3801 655 3872 33).
682 3806 744 3855 In
774 3799 1015 3855 Actibus
1043 3799 1596 3872 etiamgconscriptis
1626 3818 1660 3854 a
1686 3802 1832 3857 Leu-

171 3870 267 3928 cio
287 3876 328 3934 ί.
372 3889 522 3943 quos
549 3870 661 3944 ipsi
685 3872 1000 3943 accipiunt,
1028 3872 1110 3926 sic
1137 3870 1416 3944 scriptum
1458 3870 1583 3927 est:
1616 3873 1831 3928 Etenim

168 3946 421 4015 speciosa
438 3944 701 4015 ﬁgmenta
723 3948 774 3998 et
791 3944 1084 3998 ostentatio
1104 3944 1371 3999 simulata
1400 3946 1452 3998 et
1477 3947 1683 3999 coactio
1706 3946 1830 4000 visi-

174 4015 397 4088 bilium,
421 4031 491 4071 ne
535 4016 756 4088 quidem
777 4030 847 4070 ea:
862 4016 1092 4085 propria
1122 4019 1329 4088 natura
1355 4015 1620 4086 procedit,
1643 4016 1734 4071 sed
1762 4032 1833 4071 ea:

171 4102 239 4143 eo
286 4086 506 4142 homine
535 4084 632 4158 qui
670 4102 770 4157 per
794 4084 1056 4157 se'ips'um
1100 4084 1336 4158 deterior
1356 4084 1600 4157 'eﬂectus
1628 4090 1705 4142 est
1732 4104 1832 4157 per

178 4157 575 4215 sedut'tionem.
608 4162 737 4229 Ipse
758 4158 932 4213 etiam
968 4157 1325 4229 Manicbtsus
1357 4175 1471 4229 non
1495 4160 1682 4228 potuit
1715 4158 1827 4214 nisi

178 4229 353 4285 fateri
385 4228 1008 4300 animas,’etiamquas
1031 4228 1173 4283 dicit
1200 4230 1270 4285 ad
1303 4228 1403 4284 Dei
1434 4231 1829 4286 substantiam

187 4299 1057 4374 pertinere,propriavoluntate
1088 4300 1493 4374 peccare.Nam
1525 4300 1609 4356 sic
1639 4302 1699 4355 in
1735 4318 1829 4356 se-

175 4371 373 4428 cundo
392 4371 674 4429 Thesauri
706 4372 852 4427 libro
885 4371 1030 4427 dixit
1062 4371 1185 4428 {Hi
1213 4387 1336 4428 vero
1364 4373 1461 4443 qui
1486 4374 1831 4442 negligentia

173 4461 280 4500 sua
308 4461 341 4498 a
368 4444 488 4498 labe
552 4444 912 4500 mediatorum
931 4443 1240 4515 spirituum
1261 4445 1504 4514 purgari
1522 4460 1578 4499 se
1595 4446 1830 4499 minime

173 4462 550 4569 nermiserinZ
571 4515 876 4569 mandatiso
885 4531 953 4569 ue
970 4515 1175 4569 divinis
1194 4532 1269 4569 ea:
1288 4516 1499 4569 integro
1518 4532 1717 4569 narum
1736 4516 1827 4569 ob-

170 4515 550 4588 permiserint,
571 4515 953 4585 mandatisque
970 4515 1175 4588 divinis
1194 4532 1269 4570 ea:
1288 4516 1499 4588 integro
1518 4532 1717 4588 parum
1736 4516 1827 4571 ob-

172 4586 633 4657 temperaverint,
666 4588 948 4657 legemque
979 4586 1089 4641 sibi
1125 4603 1160 4642 a
1199 4602 1292 4642 suo
1328 4587 1621 4644 liberatore
1639 4587 1829 4643 datam

172 4674 399 4715 servare
422 4659 648 4730 plenius
674 4659 1231 4730 noluerint,nequeut
1259 4659 1482 4714 decebat
1504 4675 1617 4716 sese
1644 4659 1832 4729 guber-

170 4728 453 4799 naverint,
476 4734 587 4785 etc.
625 4731 765 4786 Item
797 4730 855 4784 in
879 4728 1124 4800 epistolo
1156 4729 1541 4786 Fundamenti
1567 4728 1653 4786 sic
1690 4730 1831 4786 dicit

175 4800 388 4856 deillis
410 4803 870 4872 animabus,quae
890 4801 1087 4856 mundi
1104 4817 1289 4857 amore
1310 4818 1500 4857 errare
1522 4818 1578 4857 se
1603 4805 1832 4871 apricre

177 4873 370 4928 lucida
399 4889 499 4927 sua
527 4882 730 4928 natura
768 4889 940 4944 passae
970 4877 1118 4941 sunt,
1149 4876 1312 4944 atque
1340 4874 1580 4929 inimicm
1629 4874 1832 4929 lumini

175 4945 363 5001 sancto
396 4945 751 5009 exstiterunt,
783 4954 1071 5015 aperteque
1100 4946 1157 4999 in
1185 4946 1492 5015 perniciem
1518 4951 1831 5001 sanctorum

174 5016 568 5071 elementoram
595 5033 651 5072 se
680 5020 989 5083 armarunt,
1022 5020 1075 5071 et
1105 5017 1262 5086 igneo
1302 5018 1532 5086 spiritui
1561 5017 1830 5073 obsecuta

178 5091 327 5156 sunt,
351 5089 557 5213 infesta
585 5090 751 5143 etiam
766 5089 1139 5157 persecutione
1151 5103 1252 5143 sua
1267 5098 1514 5143 sanctam
1528 5090 1829 5144 Ecclesium

179 5166 343 5213 atoue
370 5176 400 5212 e
427 5166 567 5213 cetos
588 5161 647 5213 in
663 5158 857 5213 eadem
874 5160 1195 5213 constitutos
1221 5160 1517 5213 caelestium
1538 5169 1828 5213 praecento-

179 5166 343 5230 atque
370 5158 567 5231 electos
588 5161 647 5214 in
663 5158 857 5215 eadem
874 5160 1200 5231 constitutos,
1221 5160 1517 5215 caelestium
1533 5169 1828 5231 prwwpto-

180 5246 314 5285 rum
329 5230 695 5286 observatores
722 5232 1078 5301 afﬂixerunt,
1109 5247 1142 5285 a
1186 5230 1607 5287 beatitudine’et
1645 5230 1833 5302 gloria

180 5309 349 5358 terrae
388 5310 589 5356 sanctae
636 5311 915 5357 arcentur.
963 5306 1038 5357 Et
1066 5303 1196 5373 quia
1223 5319 1261 5356 a
1293 5303 1437 5357 malo
1478 5318 1535 5357 se
1580 5305 1834 5371 superari

174 5387 358 5445 passae
380 5377 527 5436 sunt,
559 5374 620 5427 in
648 5374 837 5429 eadem
866 5374 1005 5427 mali
1024 5374 1218 5443 ‘slirpe
1258 5375 1701 5442 perseverabunt,
1730 5392 1829 5445 pa-

176 5444 308 5513 ciﬁa
340 5448 493 5499 terra
524 5453 576 5500 et
604 5446 921 5513 regionibus
950 5445 1357 5500 immortalibus
1400 5446 1617 5500 sibimet
1651 5444 1831 5502 mter-

178 5514 361 5571 dzctis.
395 5514 548 5584 Quod
580 5515 703 5571 ideo
735 5517 853 5572 illis
873 5518 1102 5582 eveniet,
1130 5518 1263 5588 quia
1293 5517 1373 5571 ita
1418 5517 1623 5588 iniquis
1653 5519 1831 5587 operi-

178 5587 278 5643 bus
307 5602 364 5641 se
392 5588 749 5644 obstrinxerit
770 5592 917 5653 nt,ut
946 5605 981 5643 a
1008 5587 1206 5643 vitaet
1237 5588 1498 5643 libertate
1515 5587 1723 5644 sanctas
1744 5590 1831 5645 lu-

176 5659 255 5714 cis
275 5658 679 5713 alienarentur.
714 5660 826 5713 Nor
858 5660 1036 5726 igitur
1064 5663 1322 5729 poterunt
1350 5661 1521 5728 recipi
1558 5662 1615 5715 in
1660 5676 1835 5729 regna

177 5731 281 5786 illa
323 5732 580 5802 paciﬁca,
630 5730 724 5786 sed
772 5732 1113 5802 conﬁgentur
1159 5732 1220 5786 in
1265 5731 1526 5803 pradiclo
1573 5733 1834 5787 horribili

248 5898 619 5962 iilnrexcusis,
641 5913 673 5949 a
702 5900 932 5951 Leontio.
968 5902 1029 5950 In
1051 5901 1302 5951 Vaticano
1338 5901 1535 5961 codice,
1558 5916 1587 5950 a
1610 5902 1834 5954 Locutio.

181 5960 247 6029 [ιι
265 5960 618 6029 corbejensis,
648 5963 988 6029 βίαιοι-αἰθηρ
1018 5969 1072 6029 et
1100 5964 1217 6029 aliis
1245 5960 1565 6029 quibusdam
1608 5966 1756 6028 Mam,
1802 5980 1835 6016 a

182 6022 384 6084 Meto.
410 6022 611 6082 Canter
632 6025 765 6085 Acta
794 6040 917 6083 cum
944 6027 1135 6094 Felice,
1164 6022 1337 6093 Iib.'2,
1364 6040 1484 6093 cap.
1512 6030 1560 6082 6.

1722 305 2145 367 APPENDIX.

3477 309 3632 372 1142

1975 439 2153 508 globo,
2185 443 2279 496 cui
2303 442 2479 498 etiam
2504 454 2718 499 necesse
2745 448 2830 498 est
2855 440 3163 500 custodiam
3176 441 3446 499 adhiberi.
3483 445 3634 502 Unde

1976 510 2339 585 adhaerebunt
2369 515 2454 569 his
2485 514 2650 570 rebus
2671 516 2887 571 animae
2904 514 3107 570 eaedem
3127 531 3260 585 quas
3288 514 3627 583 dilexerunt,

1977 584 2222 657 relictw‘
2255 588 2315 641 in
2345 585 2530 641 eodem
2558 589 2911 642 tenebrarum
2954 584 3145 657 globo,
3166 588 3280 657 suis
3322 589 3540 642 meritis
3572 590 3632 643 id

1980 654 2090 709 sibi
2118 659 2517 727 conquirenles.
2550 659 2730 728 Neque
2755 660 2904 712 enim
2932 654 3127 729 futura
3156 656 3273 713 haec
3317 674 3631 725 rcgnoscere

1979 731 2341 793 studuerunt,
2388 733 2557 801 atque
2601 731 2669 785 ab
2702 730 2919 797 iisdem,
2950 746 3075 784 cum
3128 733 3336 800 tempus
3366 731 3623 800 dabatur,

1978 813 2034 853 se
2063 806 2502 867 segregaverunt.

2044 870 2278 925 CAPUT
2310 871 2402 927 VI.
2434 902 2503 914 —
2532 872 2690 942 Rogo
2711 890 2835 942 vos,
2866 872 2963 927 ubi
2996 872 3319 927 audiuntur
3350 872 3471 929 haec
3502 890 3624 929 ver-

1972 939 2066 1008 ba,
2091 942 2373 998 dubitatis
2403 944 2593 999 adhuc
2621 939 3005 1001 Manichaaum
3038 945 3309 999 adactum
3333 960 3461 999 esse
3482 961 3619 1001 con-

1970 1010 2141 1083 fiteri,
2174 1030 2301 1088 esse
2333 1020 2632 1086 peccatum
2652 1016 2907 1088 propriae
2938 1015 3281 1070 voluntatis?
3302 1016 3425 1072 Non
3458 1017 3616 1075 enim

1970 1099 2153 1159 unum
2180 1086 2420 1159 verbum
2442 1088 2576 1143 inde
2606 1086 2895 1159 diXit,‘sed
2917 1093 3035 1141 tam
3070 1092 3269 1157 multa,
3314 1095 3373 1159 ut
3413 1103 3613 1157 quem-

1966 1155 2089 1210 vis’
2119 1156 2278 1227 gravi
2313 1175 2518 1232 somno
2553 1155 2811 1215 mersum
2861 1158 3157 1214 excitaret.
3213 1155 3381 1225 Dixit,
3415 1155 3613 1232 negli-

1963 1231 2149 1302 gentia
2164 1245 2267 1283 sua
2287 1245 2306 1282 :
2330 1229 2496 1301 dixit,
2521 1233 2756 1287 minime
2804 1232 3192 1302 permiserint:
3220 1232 3388 1295 Dixit,
3409 1229 3612 1301 parum

1942 1298 2390 1371 ,obtempaverint
2423 1322 2442 1356 :
2466 1298 2636 1368 Dixit,
2675 1298 2895 1359 servare
2921 1303 3221 1357 noluerint.
3261 1298 3418 1357 Item'
3443 1303 3608 1371 dixit,

1961 1370 2216 1449 obsecuta;
2242 1375 2416 1449 sunt:
2437 1372 2602 1449 dixit,
2635 1390 2691 1449 se
2737 1375 2994 1449 superari
3024 1390 3207 1449 passae
3231 1383 3362 1449 sunt
3396 1392 3408 1428 :
3443 1374 3605 1445 dixit,

1959 1456 2019 1496 se
2046 1442 2461 1517 obstrinaferunt
2491 1463 2504 1500 :
2539 1444 2702 1510 dixit,
2733 1442 2847 1500 suis
2894 1442 3108 1500 meritis
3150 1445 3207 1499 id
3251 1446 3359 1500 sibi
3380 1442 3608 1517 conqui4

1961 1523 2141 1588 rentes
2177 1531 2189 1570 :
2224 1514 2392 1581 dixit,
2424 1517 2601 1588 Neque
2629 1518 2775 1572 enim
2799 1521 2991 1587 [utura
3017 1517 3131 1570 hac
3154 1532 3472 1585 cognoscere
3490 1514 3606 1573 stu-

1958 1583 2215 1653 duerunt,
2238 1593 2400 1656 atque
2427 1583 2739 1653 ab'iisdem,
2768 1583 2895 1642 cum
2925 1596 3129 1657 tempus
3156 1583 3412 1653 dabatur,
3442 1605 3497 1644 se
3525 1605 3605 1645 se-

1955 1662 2318 1726 gregaverunt
2347 1674 2359 1711 :
2395 1665 2454 1715 et
2481 1677 2581 1715 vos
2607 1659 2891 1716 dubitatis
2917 1660 3107 1714 dicere
3138 1659 3372 1730 propria
3400 1659 3605 1716 volun-

1958 1734 2071 1783 tate
2108 1728 2373 1784 peccari?

1958 1734 2071 1783 tate
2108 1734 2332 1784 peccari

2023 1799 2250 1873 CAPUT
2291 1801 2412 1855 VII.
2445 1832 2515 1841 —
2544 1802 2761 1857 lterum
2784 1801 2908 1873 ipse
2935 1800 3075 1856 dicit
3098 1802 3155 1873 in
3196 1801 3399 1856 eadem
3443 1803 3597 1873 epis—

1952 1869 2091 1935 tola,
2114 1873 2276 1927 Lucis
2296 1875 2481 1929 autem
2504 1869 2832 1929 succisivam
2856 1882 3091 1944 partem,
3125 1872 3222 1928 hoc
3240 1877 3341 1937 est,
3377 1869 3601 1929 animas

1945 1944 2274 2012 peccatrices
2307 1960 2320 1997 :
2356 1950 2412 1999 et
2441 1961 2541 2000 vos
2571 1962 2686 1999 non
2719 1945 2911 2000 dicitis
2952 1960 3191 2014 peccare
3216 1944 3325 1997 nisi
3359 1957 3597 2014 gentem

1950 2014 2323 2098 tenebrarum
2342 2018 2369 2070 γ
2399 2016 2697 2098 Sedquid
2716 2017 2787 2098 de
2819 2015 2930 2072 isto
2956 2014 3182 2098 loquar,
3207 2015 3307 2098 qui
3332 2017 3600 2098 quamvis

1948 2091 2186 2155 erraret,
2219 2091 2415 2141 tamen
2446 2085 2888 2143 evidentissima
2936 2085 3178 2143 veritate
3224 2085 3331 2141 hoc
3351 2085 3597 2145 coactus

1949 2161 2038 2229 est
2062 2156 2281 2229 dicere;
2317 2175 2449 2214 cum
2482 2158 2676 2229 ipsum
2713 2160 3020 2215 Dominum
3073 2163 3338 2214 nostrum
3391 2160 3595 2215 Jesum

1948 2227 2244 2283 Christum
2290 2229 2486 2284 nolitis
2507 2227 2837 2302 intelligere
2877 2231 3187 2302 dicentem,
3224 2229 3417 2302 ignem
3451 2248 3595 2300 pra:-

1989 2303 2217 2354 aratum
2248 2317 2377 2356 esse
2408 2301 2833 2372 peccatoribus,
2865 2301 3096 2356 diabolo
3127 2307 3183 2355 et
3212 2301 3436 2372 angelis
3467 2303 3595 2372 ejus

1973 2372 2163 2443 Matth.
2197 2388 2327 2439 xxv,
2352 2373 2461 2443 41),
2496 2389 2642 2443 quos
2673 2389 2875 2428 omnes
2906 2372 3087 2427 voluit
3118 2372 3358 2442 intelligi
3388 2390 3591 2443 pecca-

1945 2442 2141 2497 tores?
2170 2443 2295 2515 Non
2325 2442 2481 2499 enim
2502 2442 2791 2515 injustitia
2819 2449 2907 2499 est
2923 2444 3077 2515 apud
3110 2443 3315 2510 Deum,
3340 2442 3405 2498 ut
3432 2445 3594 2500 dam-

1947 2518 2045 2587 net
2072 2530 2172 2569 eos
2204 2514 2573 2587 giuiomnino’
2607 2515 2748 2571 nihil
2784 2514 3188 2587 peccaverunt.

2016 2584 2418 2658 CAPUTVIII.
2451 2617 2520 2627 ——
2551 2584 2968 2643 Peccaréenim
2992 2587 3130 2658 quid
3161 2584 3320 2641 aliud
3337 2590 3444 2652 est,
3478 2587 3591 2643 nisi

1944 2655 2004 2710 in
2036 2657 2295 2729 veritatis
2316 2659 2616 2729 praeceptis
2646 2658 2731 2714 vel
2762 2660 2821 2713 in
2856 2658 2984 2729 ipsa
3003 2655 3118 2713 non
3144 2663 3299 2713 stare
3324 2659 3593 2715 veritate?

1945 2729 2106 2801 Quod
2125 2728 2172 2783 si
2196 2728 2629 2785 non’volun’tate
2651 2728 3240 2801 faciunt’peccatores,
3267 2730 3485 2801 injuste
3493 2732 3593 2801 ju-

1943 2798 2232 2855 dicantur.
2262 2801 2561 2856 Pertinere
2592 2808 2787 2857 autem
2818 2805 2875 2856 et
2893 2798 3138 2869 angelos
3161 2801 3231 2855 ad
3272 2798 3590 2871 judicium,

1940 2871 2254 2942 Apostolus
2275 2873 2532 2928 ostendit
2561 2874 2793 2929 dicens:
2820 2874 3052 2929 Nescitis
3076 2874 3335 2942 quoniam
3365 2874 3592 2943 angelos

1942 2943 2312 3012 iudicabimus
2351 2943 2396 3014 (Ι
2428 2943 2548 2999 Cor.
2570 2962 2646 3010 v1,
2679 2944 2769 3015 3)?
2815 2944 2939 2999 Non
2996 2950 3188 2999 autem
3238 2944 3594 3014 pertinerent

1941 3016 2013 3070 ad
2038 3015 2326 3099 judicium
2361 3032 2474 3087 quo
2497 3017 2863 3099 judicantur,
2898 3016 2946 3071 si
2981 3032 3093 3071 non
3127 3018 3488 3099 pertinerent
3518 3018 3589 3099 ad

1941 3090 2242 3158 peccatum
2274 3103 2388 3157 quo
2433 3087 2513 3142 rei
2564 3088 2733 3152 fiunt,
2783 3103 2888 3142 nec
2921 3092 3158 3158 possent
3201 3087 3409 3142 merito
3431 3088 3591 3157 judi-

1939 3157 2075 3230 cari.
2110 3158 2233 3212 Non
2260 3158 2415 3213 enim
2449 3158 2714 3230 homines
2739 3159 2883 3227 justi
2919 3159 2988 3213 de
3021 3158 3201 3228 justis
3242 3158 3465 3230 angelis
3486 3160 3586 3229 ju-

1937 3228 2184 3311 dicatu‘ri
2216 3237 2375 3311 sunt,
2405 3229 2621 3311 quibus
2661 3229 2882 3311 similes
2919 3234 3110 3297 erunt,
3144 3229 3243 3284 sed
3277 3228 3587 3311 utique’de

1940 3301 2367 3371 peccatoribus;
2422 3301 2711 3357 Malefacti
2748 3303 2839 3357 sui
2885 3318 3021 3373 ergo
3054 3318 3155 3373 per
3203 3301 3580 3372 cupiditatem

1938 3373 2188 3443 quisque
2221 3379 2423 3429 auctor
2451 3378 2559 3429 est.

2007 3442 2236 3499 CAPUT
2276 3444 2364 3499 IX.
2400 3476 2465 3485 —
2488 3445 2588 3499 Est
2607 3460 2742 3514 ergo
2772 3444 2829 3498 in
2865 3447 3145 3514 potestate
3168 3448 3229 3498 ut
3251 3443 3328 3498 sit
3358 3442 3579 3514 cupidi-

1936 3519 2026 3570 tas
2047 3522 2103 3569 et
2124 3516 2251 3571 ideo
2269 3516 2445 3571 etiam
2470 3515 2689 3571 malum
2713 3516 2769 3568 in
2796 3520 3077 3587 potestate
3099 3518 3274 3587 estJn
3294 3521 3577 3587 potestate

1936 3602 2070 3667 ergo
2093 3593 2199 3654 est,
2223 3588 2373 3667 quod
2410 3588 2467 3667 in
2491 3585 2938 3667 voluntate‘esse
2974 3603 3087 3667 non
3122 3586 3325 3667 debet:
3355 3585 3576 3667 malum

1936 3657 2091 3713 enim
2113 3676 2225 3713 non
2247 3664 2435 3729 potest
2453 3676 2583 3714 esse
2608 3664 2839 3725 natura,
2864 3674 2968 3712 nec
2991 3657 3339 3729 substantia,
3371 3674 3473 3712 nec
3494 3657 3576 3729 vi:

1936 3733 2029 3801 ta;
2056 3729 2193 3801 quia
2222 3728 2343 3785 hinc
2365 3732 2517 3785 bona
2547 3734 2704 3797 sunt,
2726 3732 2783 3785 in
2812 3735 3096 3801 quantum
3132 3734 3289 3785 sunt.
3314 3728 3423 3783 Sed
3450 3733 3507 3783 et
3529 3728 3577 3801 si

1934 3800 2157 3871 aliquos
2188 3803 2532 3857 naturaliter
2589 3802 2842 3856 dicimus
2895 3800 3101 3864 malos,
3138 3806 3372 3871 propter
3410 3800 3582 3871 origi-

1934 3888 2066 3944 nem
2084 3874 2289 3927 veteris
2315 3873 2531 3944 peccati
2555 3872 2830 3937 dicimus,
2854 3872 2911 3927 in
2935 3871 3184 3944 quojam
3213 3875 3411 3926 nostra
3431 3888 3579 3944 mor-

1933 3943 2131 3999 talitas
2150 3942 2424 4000 nascitur.
2454 3946 2664 3999 Totum
2688 3944 2883 4014 itaque
2917 3943 3072 4014 quod
3102 3948 3339 3997 vocatur
3358 3942 3578 3998 malum

1934 4014 1994 4070 in
2026 4015 2384 4082 hominibus,
2419 4022 2719 4087 peccatum
2744 4019 2834 4070 est
2862 4021 2919 4070 et
2947 4032 3137 4087 poena.
3175 4014 3481 4087 Peccatum
3514 4015 3581 4069 fit

1933 4087 2007 4142 ab
2038 4088 2237 4143 anima
2259 4085 2657 4149 rationali,cui
2674 4088 2921 4143 liberum
2945 4085 3577 4141 voluntatisarbitrium

1932 4163 2021 4231 est
2043 4176 2055 4213 :
2080 4165 2137 4214 et
2159 4176 2325 4230 pmna
2355 4157 2639 4231 inﬂigitur
2672 4159 2905 4231 justitia
2946 4157 3044 4231 Dei
3076 4175 3215 4231 qua;
3248 4156 3392 4231 nihil
3445 4157 3581 4231 facit

1932 4227 2172 4300 injuste;
2202 4227 2648 4286 Adversus'heec
2676 4227 2853 4286 solita
2880 4228 3133 4285 caecitate
3167 4228 3465 4283 Manicheei
3493 4227 3579 4282 la-

1931 4306 2126 4369 trant;
2160 4306 2216 4356 et
2246 4319 2378 4358 cum
2410 4301 2837 4358 convincuntur
2861 4306 3130 4355 naturam
3167 4316 3280 4353 non
3315 4315 3442 4354 esse
3462 4315 3580 4354 ma-

1931 4372 2076 4441 lum,
2111 4374 2212 4430 sed
2244 4391 2301 4428 in
2336 4377 2619 4444 potestate
2647 4389 2776 4429 esse
2808 4371 3064 4444 hominis
3097 4371 3281 4425 facere
3303 4370 3447 4425 bene
3477 4375 3581 4425 aut

1932 4444 2103 4509 male,
2136 4441 2349 4499 dicunt
2367 4460 2483 4500 non
2512 4461 2641 4499 esse
2671 4444 2881 4499 animae
2916 4441 3157 4498 liberam
3196 4444 3576 4511 voluntatem,

1931 4519 1989 4572 et
2019 4532 2133 4570 non
2166 4516 2362 4571 vident
2392 4515 2708 4571 caecitatem
2739 4531 2928 4570 suam.

2003 4588 2231 4643 CAPUT
2263 4588 2325 4642 X.
2351 4619 2418 4628 —
2449 4587 2590 4650 Quis
2610 4587 2764 4641 enim
2790 4602 2902 4641 non
2927 4584 3135 4640 clamet
3159 4584 3403 4640 stultum
3428 4600 3577 4652 esse,

1932 4665 2223 4731 prmeepta
2244 4661 2381 4731 dare
2401 4659 2475 4731 ei,
2499 4658 2593 4713 cui
2610 4658 2859 4714 liberum
2884 4674 2999 4712 non
3023 4660 3112 4731 est
3132 4656 3287 4728 quod
3313 4655 3577 4731 praecipi-

1932 4726 2029 4785 tur
2047 4726 2252 4797 facere;
2284 4736 2341 4785 et
2361 4730 2631 4801 iniquum
2662 4746 2984 4801 esse,eum
3028 4726 3430 4801 damnareﬁui
3464 4726 3579 4801 non

1934 4803 2042 4857 fuit
2065 4807 2319 4873 potestas
2328 4798 2501 4872 jussa
2524 4800 2844 4872 complere?
2867 4800 3056 4873 Etihas
3077 4798 3397 4873 injustitias
3409 4803 3466 4854 et
3472 4798 3499 4873 ξ
3504 4800 3584 4873 ni-

1933 4870 2187 4945 quitates
2210 4870 2410 4928 miseri
2433 4890 2553 4945 non
2571 4870 2908 4945 intelligunt
2928 4872 3041 4945 Deo
3067 4887 3128 4926 se
3151 4870 3577 4926 ascribere.Sed

1934 4944 2072 5016 quid
2098 4961 2296 5000 verum
2321 4951 2429 5009 est,
2450 4944 2562 5000 nisi
2585 4951 2641 5001 et
2675 4945 2987 5001 Dominum
3012 4944 3157 5016 dare
3185 4946 3489 5012 praecepta,
3524 4947 3581 4996 et
3631 4984 3634 4987 .

1934 5013 2163 5072 animas
2197 5017 2390 5071 liberae
2428 5034 2557 5072 esse
2574 5016 2911 5081 voluntatis,
2944 5020 3002 5069 et
3048 5013 3266 5068 malum
3308 5019 3578 5068 naturam

1935 5104 2050 5145 non
2065 5104 2213 5154 esse,
2238 5089 2339 5143 sed
2357 5105 2484 5144 esse
2505 5090 2861 5145 eversionem
2880 5104 2912 5141 a
2933 5085 3032 5141 Dei
3048 5085 3436 5157 prmceptis,et
3450 5100 3580 5140 esse

1925 5162 2153 5231 justum
2172 5160 2462 5228 judicium
2488 5160 2585 5215 Dei
2609 5177 2722 5231 quo
2746 5159 2984 5231 damnet
3015 5155 3366 5231 peccantes?
3392 5226 3405 5231 _
3448 5206 3453 5211 _

2004 5226 2235 5288 CAPUT
2257 5230 2349 5287 χι.
2374 5262 2441 5272 -
2462 5226 2685 5286 Interea
2705 5246 2839 5287 cum
2858 5226 3183 5284 dicat'idem
3202 5226 3575 5295 Manichacus,

1936 5307 2109 5360 Deum
2125 5303 2383 5357 omnibus
2407 5304 2562 5357 bonis
2583 5302 2971 5366 abundantem,
2994 5300 3153 5354 nullo
3184 5300 3244 5353 in
3265 5299 3448 5367 regnis
3463 5299 3580 5369 ejus

1933 5375 2241 5445 insignibus
2264 5375 2553 5445 ‘indigente
2584 5382 2678 5445 aut
2708 5373 2927 5442 inﬁrmo
2965 5373 3270 5439 constituto,
3295 5372 3387 5445 ita
3405 5372 3581 5445 etiam

1932 5443 2167 5517 fundata
2194 5443 2436 5516 ejusdem
2470 5444 2861 5515 splendissima
2892 5445 3205 5517 saecula,_ut
3230 5460 3262 5496 a
3292 5443 3446 5517 nullo
3470 5458 3580 5496 un-

1934 5512 2098 5588 quam
2124 5512 2338 5574 concuti
2352 5518 2431 5573 vel
2442 5512 2648 5573 moveri
2655 5518 2861 5587 possint
2879 5533 2892 5571 :
2910 5515 2969 5570 in
2992 5514 3103 5571 alio
3124 5514 3249 5571 loco
3264 5512 3434 5584 paulo
3448 5518 3582 5584 post

1934 5590 2327 5661 subjungit,et
2348 5588 2510 5649 dicit.
2546 5589 2705 5643 Lucis
2726 5604 2849 5643 vero
2882 5588 3211 5661 beatissima;
3226 5589 3394 5661 Pater
3407 5601 3584 5641 sciens

1939 5656 2118 5717 labem
2136 5656 2396 5727 magnam
2416 5677 2479 5714 ac
2496 5662 2805 5715 vastitatem
2824 5673 2949 5731 quae
2968 5674 3038 5731 ea;
3053 5656 3292 5731 tenebris
3308 5667 3581 5731 surgeret,

1936 5733 2191 5787 adversus
2202 5748 2301 5787 sua
2320 5741 2511 5786 sancta
2531 5728 2845 5801 impendere
2861 5729 3207 5799 saeculamisi
3225 5728 3451 5801 aliquod
3461 5730 3582 5784 exi-

1933 5807 2186 5859 miumac
2203 5803 2615 5874 prmelarum,et
2636 5804 2836 5857 virtute
2852 5812 3040 5873 potens
3086 5818 3295 5857 numen
3322 5817 3494 5873 oppon
3503 5805 3581 5866 at,

1934 5893 2037 5948 quo
2052 5884 2270 5947 superet
2284 5875 2453 5930 simul
2473 5890 2537 5930 ac
2555 5874 2799 5930 destruat
2816 5877 3048 5947 stirpem
3069 5874 3440 5943 tenebrarum,
3471 5888 3581 5943 qua

2001 5966 2019 6002 ⁸
2042 5964 2344 6017 Vaticamus
2373 5963 2490 6025 Μι,
2518 5961 2698 6016 relicta
2727 5963 2854 6016 luce.

1996 6027 2021 6066 ³
2039 6027 2102 6081 In
2127 6027 2274 6094 Nam,
2301 6027 2359 6079 ut
2384 6025 2636 6092 quamvis.

3386 46 3507 55 -ι-ιι--ιιμιν
3520 44 3835 57 ...ς-,ιῖῆν--ι-..ιἸ
