4048 6460
385 289 539 351 H43

378 422 650 480 exstincta
678 416 829 489 quies
850 414 990 471 tucis
1020 412 1213 468 incolis
1241 417 1550 489 pararetur:
1987 477 2022 489 Η

451 480 827 549 CAPUT-XII.
854 518 919 527 —
936 490 1095 540 Certe
1130 480 1265 553 ergo
1290 500 1323 537 a
1345 481 1505 537 nullo
1532 480 1773 553 inquam
1795 480 2025 553 concuti

376 565 470 621 vel
506 561 718 618 moveri
741 560 1055 632 potuerunt
1095 550 1269 632 regna
1292 555 1381 632 dei
1414 550 1737 608 Manich:ei.
1778 550 1834 603 Si
1865 550 2021 632 enim

419 636 689 702 otuerint,
716 622 1000 703 mentitus
1031 633 1120 703 est
1144 622 1407 703 dicendo,
1434 642 1546 679 non
1572 639 1737 703 posse
1755 622 2021 703 regna‘il-

403 726 437 764 a
458 711 527 764 ab
548 699 744 775 aliquo
764 700 1014 775 concuti.
1033 699 1165 775 Etsi
1189 714 1474 775 concussa
1492 700 1629 751 sunt
1654 699 2017 775 necessitate,

379 787 480 835 aut
509 769 734 840 timo-re;
762 791 877 828 non
921 772 1031 827 erit
1076 771 1248 835 Deus,
1282 770 1381 840 qui
1431 769 1513 822 sic
1545 769 1773 840 concuti
1805 769 2009 840 potnit.

383 851 528 907 Nam
562 838 828 902 videmus
872 844 1045 899 deum
1077 838 1363 896 Manich‘ai
1397 839 1719 894 secundum
1751 838 2021 890 eumdem

378 920 762 977 Manichzeum
796 915 948 970 malo
984 914 1349 969 necessitatis
1380 926 1667 981 pressum,
1699 925 1829 962 cum
1865 908 2023 981 labes

376 1008 441 1049 ac
470 991 709 1046 vastitas
734 989 1011 1043 adversus
1044 984 1257 1040 saacula
1286 979 1414 1053 ejus
1438 979 2021 1053 impenderet,aliud-

376 1080 489 1137 que
513 1060 911 1137 quodtaceret
940 1051 1344 1137 non‘haberetl,
1370 1061 1590 1137 partem
1623 1051 1888 1137 suamad
1913 1067 2022 1122 pu-

421 1122 555 1191 nam
589 1132 821 1188 dedisse
852 1134 916 1184 ut
949 1128 1031 1183 vel
1064 1128 1172 1183 hoc
1205 1122 1385 1181 modo'
1408 1125 1662 1195 quietem
1695 1122 1851 1195 lucis
1873 1123 2025 1195 inco-

421 1152 555 1191 nam
589 1152 821 1188 0801588
853 1152 916 1184 υι
949 1152 1031 1183 V61
1065 1152 1172 1183 UUU
1206 1152 1376 1181 quuu
1408 1152 1662 1195 quwbcul
1695 1152 1841 1176 tum:
1874 1152 2023 1177 IUUU'

376 1152 448 1263 ﬁs
470 1207 855 1276 compararet.
889 1201 1022 1271 Ipsa
1050 1215 1180 1253 vero
1212 1215 1344 1269 pars
1368 1198 1515 1322 eius,
1544 1194 1650 1249 hoc
1680 1198 1789 1259 est,
1822 1194 1893 1248 de
1940 1193 2023 1247 lu-

382 1278 535 1322 mina
566 1276 783 1322 lumen-
818 1274 889 1322 de
916 1273 1066 1322 bono
1101 1273 1341 1322 bonum.
1422 1284 1451 1322 e
1498 1272 1697 1322 sancto
1731 1268 2019 1322 sanctum.

381 1278 535 1333 mine
566 1268 786 1338 lumen,
818 1274 889 1327 de
916 1268 1066 1327 bono
1101 1268 1341 1333 bonum,
1381 1268 1451 1323 de
1498 1272 1697 1323 sancto
1731 1268 2019 1333 sanctum,

376 1350 447 1405 de
475 1352 686 1405 aeterno
719 1337 1022 1404 internum,
1081 1342 1150 1396 de
1179 1341 1290 1396 Deo
1322 1345 1494 1407 Deus,
1531 1338 1601 1393 de
1631 1337 2025 1407 omnipotente

375 1420 773 1490 omnipotens,
825 1417 1098 1483 corrupta
1127 1412 1223 1490 sit,
1256 1410 1607 1466 mortiﬁcata
1639 1414 1735 1473 sit,
1788 1408 2026 1486 commi-

373 1498 473 1548 xta
502 1484 574 1545 sit
606 1506 707 1561 per
737 1489 935 1561 omnia
966 1484 1167 1539 mundi
1208 1499 1458 1561 corpora
1500 1498 1534 1536 a
1562 1495 1795 1561 summo
1842 1484 2025 1561 nsque

375 1564 447 1618 ad
472 1551 678 1627 imufn,
713 1576 747 1614 a
777 1557 917 1612 coelo
946 1571 1131 1627 usque
1155 1555 1225 1609 ad
1258 1551 1532 1627 stercora,
1568 1556 1634 1608 ut
1682 1551 2023 1627 et_meretri-

375 1650 471 1691 ces
502 1634 559 1688 in
591 1622 833 1687 theatris
867 1634 924 1684 et
956 1628 1015 1682 in
1035 1622 1191 1682 locis
1222 1626 1584 1697 turpioribus
1604 1622 2024 1697 turpiores_ha-

377 1706 584 1762 herent
627 1704 1173 1781 inqsehoppressum
1218 1695 1420 1781 Deum,
1449 1696 1555 1779 .qui
1602 1695 1835 1781 liberari
1881 1695 2026 1781 forte

380 1793 495 1832 non
529 1773 733 1847 possit.
767 1766 924 1847 Dicit
942 1770 1096 1847 enim
1130 1770 1189 1823 in
1214 1768 1327 1847 ﬁne
1351 1766 1538 1847 ipsius
1561 1766 1839 1847 epistolae,
1874 1766 2027 1847 unde

318 1892 321 1895 ι
378 1838 561 1904 unum
595 1844 916 1917 capitulum
944 1845 1065 1910 jam
1098 1838 1426 1918 posuimus,
1451 1839 1638 1909 ipsam
1672 1838 1767 1893 Dei
1802 1843 2024 1918 partem

376 1909 853 1991 quaacom'mista
883 1909 990 1991 est,
1025 1909 1142 1967 non
1188 1916 1371 1967 totam
1431 1926 1601 1982 posse
1651 1909 1905 1964 revocari
1953 1909 2023 1963 ad

376 1988 685 2063 iustitiam
719 1988 1077 2063 libertate?-
1225 2052 1235 2063 .
1282 2057 1289 2063 _
1371 2052 1383 2063 .
1672 2051 1735 2063 ..

448 2060 680 2115 CAPUT
719 2057 866 2114 XIII.
901 2087 967 2097 —
1001 2060 1140 2109 Ecce
1186 2052 1446 2119 victoria,
1488 2068 1617 2107 ecce
1667 2050 2024 2121 triumphus,

379 2132 614 2204 qualem
639 2131 771 2204 fecit
790 2126 1087 2204 Manichzgi
1103 2127 1263 2204 deus.
1278 2125 1435 2204 ﬁam
1455 2128 1585 2204 post
1604 2124 1889 2204 amissam.
1903 2139 2028 2204 par-

375 2194 494 2258 tem
517 2218 685 2257 suam
712 2202 769 2255 in
792 2200 952 2255 luctu
977 2202 1084 2265 est,
1103 2197 1254 2251 sicut
1278 2195 1633 2250 Manichacus
1656 2194 1811 2248 idem
1837 2194 1976 2248 dicit
2011 2211 2024 2247 :

372 2275 565 2330 velum
588 2276 789 2327 contra
811 2289 871 2327 se
893 2270 1086 2334 habet,
1111 2268 1262 2339 quod
1283 2266 1543 2339 dolorem
1565 2267 1692 2339 ejus
1717 2267 2023 2339 temperet,

373 2362 446 2401 ne
466 2344 901 2415 corruptionem
936 2336 1488 2415 partis'suaivideat:
1534 2338 1714 2415 Hodie
1737 2337 1888 2415 enim
1938 2336 2025 2415 di:

372 2418 507 2472 vina
531 2407 707 2488 qua'm
745 2407 1164 2470 commemorat
1191 2410 1543 2477 substantia,
1579 2408 1844 2478 subjacet
1864 2407 2025 2533 ἥβηιί

372 2489 767 2533 tannhrnrnm-
813 2490 877 2533 nt
906 2484 1095 2533 lutum
1147 2481 1342 2533 figulo.
1378 2482 1493 2533 Hoc
1542 2479 1602 2533 in
1644 2481 1831 2533 primo
1905 2480 2025 2533 ibro

372 2479 768 2553 tenebrarum,
813 2490 877 2540 ut
906 2484 1095 2539 lutum
1147 2481 1342 2553 figulo.
1378 2482 1493 2537 Hoc
1542 2479 1602 2535 in
1643 2481 1831 2551 primo
1878 2479 2027 2534 libro

371 2559 656 2616 Thesauri
690 2573 895 2613 eorum
930 2555 1214 2626 scriptum
1245 2556 1350 2608 est.

449 2629 681 2686 CAPUT
698 2628 838 2684 XIV.
862 2658 928 2669 —
948 2620 1145 2690 Qualis
1174 2625 1394 2679 interea
1422 2621 1749 2693 turpitudo,
1767 2620 2029 2693 quamin

376 2702 579 2758 eodem
627 2701 925 2756 Thesauro
961 2699 1115 2753 inter
1147 2702 1351 2750 caetera
1374 2691 1568 2765 turpia
1592 2694 1649 2765 in
1681 2691 1929 2764 septimo
1956 2691 2024 2746 1i-

378 2774 484 2829 bro
516 2773 777 2845 scripsit,
800 2772 890 2845 sic
904 2770 1103 2845 dicens
1132 2785 1144 2822 :
1182 2770 1325 2845 Tunc
1356 2764 1539 2845 beat-us
1571 2764 1673 2845 ille
1711 2766 1900 2828 Pater,
1924 2765 2032 2845 qui

379 2845 590 2900 lucidas
608 2837 780 2899 n’aves
797 2843 964 2897 habet
978 2841 1289 2896 diversoria
1318 2846 1367 2893 et
1388 2837 1709 2892 habitacula
1729 2837 2031 2891 secundum

378 2915 785 2987 magnitudines
805 2917 855 2987 ‘,
875 2928 977 2987 pro
1022 2912 1192 2987 insita
1226 2910 1337 2987 sibi
1364 2910 1664 2987 clementia
1696 2910 1803 2987 fert
1849 2924 2030 2977 opem,

380 2980 491 3061 qud
510 2989 734 3042 exuitur
761 2990 810 3041 et
831 2980 1110 3061 liberatur
1135 2982 1424 3061 ab__impiis
1452 2980 1780 3061 retinaculis
1802 2988 1854 3035 et
1865 2995 2033 3061 angu-

379 3052 501 3115 stiis
521 3063 683 3130 atque
702 3056 994 3130 angoribus
1022 3069 1141 3111 sua?
1159 3054 1349 3130 vitalis
1376 3052 1716 3130 substantiae.
1736 3052 2029 3130 Itaquein-

381 3123 707 3187 visibili'suo
729 3123 870 3183 nutu
892 3128 1019 3182 illas
1039 3142 1170 3181 suas
1198 3126 1442 3189 virtutes,
1476 3137 1600 3194 quae
1633 3124 1687 3176 in
1721 3123 2033 3194 clarissima

384 3201 491 3258 hac
518 3203 649 3256 navi
668 3200 957 3264 habentur,
982 3198 1337 3268 transfigurat
1356 3193 1554 3268 easque
1572 3210 1766 3268 parere
1785 3193 2031 3268 facitod-

381 3275 558 3329 versis
584 3272 959 3343 potestatibus,
985 3284 1110 3341 quae
1136 3266 1196 3343 in
1226 3267 1461 3337 singulis
1488 3266 1745 3320 caelorum
1768 3266 2033 3319 tractibus

386 3341 653 3401 ordinatae
681 3350 825 3397 sunt.
860 3343 994 3410 Quae
1025 3341 1285 3412 quoniam
1305 3354 1373 3393 ea:
1402 3346 1625 3412 utroque
1651 3353 1785 3412 sepu
1814 3353 2032 3412 mascu-

392 3416 577 3471 lorum
607 3430 670 3469 ac
698 3409 1044 3485 feminarum
1059 3414 1379 3485 consistunt,
1424 3409 1541 3485 ideo
1568 3409 1873 3485 prazdictas
1897 3410 2029 3485 vir-

391 3491 526 3542 tutes
552 3480 765 3557 partim
801 3486 981 3556 specie
1007 3499 1298 3550 puerorum
1312 3482 1854 3557 investium’parere
1878 3480 2034 3557 jubet

386 3552 587 3627 generi
614 3552 840 3613 adverso
886 3558 1240 3623 feminarum,
1267 3552 2029 3627 partim_virginumlucida-

386 3622 513 3684 rum
540 3631 721 3700 forma
749 3622 943 3700 generi
969 3628 1243 3681 contrario
1267 3622 1663 3700 masculorum
1693 3626 1914 3700 :sciens
1938 3639 2030 3678 eas

383 3694 569 3757 omnes
593 3694 814 3755 hostiles
851 3702 1159 3769 potestates,
1179 3701 1400 3768 propter
1429 3697 1740 3769 ingenitam
1767 3694 1877 3749 sibi
1897 3697 2029 3769 letar-

384 3772 491 3827 lem
518 3776 570 3827 et
596 3768 1011 3841 spurcissimam
1056 3769 1553 3841 concupiscentiam
1579 3768 1847 3837 facillime
1882 3768 2027 3835 capi,

383 3854 545 3914 atque
576 3839 775 3897 iisdem
830 3842 1104 3910 speciebus
1154 3839 1541 3914 pulcherrimis
1594 3847 2030 3914 qut13__apparent

387 3910 741 3985 mancipari,
800 3913 1000 3985 hocque
1046 3910 1201 3985 modo
1256 3911 1518 3985 dissolvi.
1590 3910 1791 3985 Sciatis
1846 3917 2031 3963 autem

383 3984 530 4040 hunc
558 3980 804 4040 eumdem
834 3980 1086 4039 nostrum
1127 3984 1342 4037 beatum
1361 3984 1585 4035 Patrem
1608 3980 1703 4033 hoc
1720 3980 1863 4033 idem
1892 3996 2025 4045 esse,

386 4056 527 4127 quod
554 4058 723 4110 etiam
754 4073 865 4111 suae
899 4057 1140 4119 virtutes,
1173 4069 1315 4125 quas
1335 4053 1399 4127 ob
1425 4054 1787 4127 necessariam
1806 4066 2029 4106 causam

386 4124 751 4199 transformat
779 4124 1191 4199 inpuerorum’
1229 4133 1297 4199 et_
1322 4124 1605 4199 virginum
1645 4124 2030 4199 intemeratam

381 4195 819 4254 similitudinem.
852 4195 1037 4253 Utitur
1062 4204 1246 4250 autem
1278 4195 1363 4249 his
1390 4198 1653 4263 tanquam
1677 4195 1919 4265 propriis
1936 4211 2025 4249 ar-

380 4272 506 4335 mis,
539 4278 701 4340 atque
726 4286 825 4340 per
853 4284 945 4324 eas
974 4284 1131 4323 suam
1156 4267 1388 4337 complet
1416 4265 1773 4340 voluntatem.

450 4336 677 4397 CAPUT
704 4336 818 4396 XV.
852 4370 922 4381 --
950 4341 1160 4394 Harum
1198 4336 1322 4393 vero
1368 4340 1637 4392 virtutum
1681 4336 2017 4405 divinarum,

381 4428 500 4482 quae
521 4413 590 4466 ad
612 4415 787 4467 instar
805 4414 931 4480 conj
935 4412 1056 4479 ugii
1074 4412 1272 4465 contra
1292 4412 1740 4482 infernargenera
1757 4412 2008 4463 statuun-

380 4480 496 4553 tur,
534 4498 757 4555 quaeque
786 4484 1075 4555 alacritate
1095 4498 1159 4555 ac
1176 4482 1443 4551 facilitate
1474 4480 1547 4535 id
1579 4480 1726 4555 quod
1749 4482 2015 4555 cogitave-

376 4551 513 4621 rint,
542 4551 812 4609 momento
832 4554 1017 4608 eodem
1044 4554 1313 4623 efﬁciunt,
1341 4555 1524 4625 plenae
1550 4556 1679 4606 sunt
1710 4551 1901 4606 lucidze
1925 4569 2025 4625 nae

374 4641 483 4681 ves.
512 4630 703 4696 Itaque
728 4641 853 4678 cum
880 4628 1024 4679 ratio
1038 4624 1349 4696 poposcerit
1369 4630 1428 4679 ut
1444 4625 1704 4696 masmlis
1724 4624 2024 4693 appareant

369 4697 572 4754 eaedem
592 4694 795 4752 sanctae
821 4694 1065 4765 virtutes,
1087 4697 1237 4751 illico
1266 4698 1435 4751 etiam
1449 4712 1607 4750 suam
1628 4694 1874 4766 efﬁgiem
1906 4697 2019 4749 vir-

370 4771 560 4839 ginum
589 4768 1090 4838 pulcherrimarum
1138 4767 1328 4821 habitu
1374 4768 1772 4821 demonstrant.
1821 4768 2021 4821 Rursus

370 4856 496 4895 cum
518 4840 588 4895 ad
615 4843 853 4911 feminas
880 4848 1100 4895 ventum
1144 4840 1336 4909 fuerit,
1362 4842 1737 4910 postponentes
1789 4840 2018 4911 speciem

370 4909 677 4982 virginum,
728 4927 1025 4983 puerorum
1075 4909 1374 4966 investiurn
1419 4913 1649 4983 speciem
1707 4909 2015 4963 ostendunt.

372 4988 487 5039 Hoc
515 4988 697 5038 autem
728 4982 846 5039 visu
873 4983 1062 5038 decoro
1091 4982 1319 5037 illarum
1351 4982 1515 5037 ardor
1538 4987 1590 5036 et
1621 4983 2018 5050 concupiscen-

371 5056 451 5110 tia
503 5058 714 5121 crescit,
747 5059 909 5125 atque
957 5054 1055 5108 hoc
1102 5055 1263 5109 modo
1308 5054 1592 5109 vinculum
1642 5053 2019 5113 pessimarum

374 5127 770 5196 cogitationum
800 5142 991 5181 earum
1018 5125 1267 5192 solvitur,
1300 5126 1529 5195 vivaque
1558 5126 1753 5196 anima
1781 5140 1899 5191 quae
1927 5139 2020 5178 eo-

370 5198 616 5253 rumdem
648 5197 889 5253 menbris
918 5197 1204 5251 tenebatur
1232 5197 1333 5253 hac
1362 5198 1636 5251 occasione
1666 5195 1857 5249 laxata
1888 5212 2017 5250 eva-

368 5268 468 5333 dit,
517 5273 571 5323 et
624 5284 722 5323 suo
772 5270 1073 5339 purissimo
1160 5271 1279 5322 aeri
1304 5271 1629 5339 rmiscetur;
1661 5267 1755 5320 ubi
1798 5269 2017 5334 penitus

369 5340 576 5397 abluta?
604 5338 811 5396 animae
853 5338 1156 5395 ascendunt
1185 5339 1256 5393 ad
1291 5338 1511 5394 lucidas
1540 5355 1725 5407 naves,
1759 5353 1884 5408 qua:
1909 5340 2019 5393 sibi

365 5411 437 5467 ad
466 5412 848 5467 vectationem‘t
871 5416 1032 5483 atque
1054 5411 1126 5466 ad
1144 5428 1256 5466 sum
1272 5414 1476 5480 patriae
1506 5412 2019 5481 trans/retationem

365 5491 495 5538 sunt
518 5492 881 5555 preparatie.

430 5627 445 5659 ί
472 5624 839 5674 Laudunensis
858 5623 1103 5674 Ecclesiae
1122 5623 1300 5681 codex,
1321 5637 1485 5671 secum
1500 5622 2016 5686 magnitudinispor-

366 5688 615 5748 beiensis,
638 5702 756 5737 cum
776 5688 1006 5737 editione
1035 5688 1170 5745 Am.,
1192 5700 1357 5735 secum
1380 5684 1778 5749 magnitudines.
1801 5686 1860 5734 In
1879 5684 2016 5735 libro

368 5751 431 5801 de
455 5752 654 5799 Natura
685 5751 833 5803 Boni.
865 5764 981 5811 cap.
1012 5752 1088 5809 44,
1120 5749 1329 5811 legitur,
1355 5762 1441 5796 seu
1470 5748 1871 5811 magnitudines.

455 5764 654 5799 Nﬂllll‘ﬂ.
686 5764 833 5803 nom.
865 5764 981 5811 08p.
1012 5764 1088 5809 ΑΗ,
1120 5764 1167 5798 1e
1210 5764 1329 5808 lllll',
1355 5764 1441 5796 seu
1470 5764 1871 5811 magnitudines.

432 5814 453 5848 ²
472 5813 809 5862 Corbeiensis
824 5814 920 5863 Ms.
943 5828 973 5862 a
993 5764 1426 5869 secungamanu,
1447 5825 1723 5873 puerorum
1746 5811 1795 5859 in
1814 5809 2015 5859 vestitu.

435 5876 458 5911 ³
478 5876 535 5924 In
558 5880 785 5925 tractatu
808 5875 871 5925 de
886 5875 1083 5925 Natura
1100 5875 1248 5933 Boni,
1270 5888 1382 5936 cap.
1408 5877 1482 5929 44.
1509 5875 1561 5921 Β.
1581 5880 1631 5922 et
1652 5874 1796 5923 Lov..
1819 5874 2015 5933 ferunt,

376 5938 677 6003 evectionem
700 5938 1021 6003 (mendose);
1042 5939 1095 6003 et
1114 5937 1217 6003 hic,
1237 5937 1563 6003 evectionem.
1585 5936 1910 6003 Auctoritatis
1930 5936 2013 5985 Er.

375 5998 543 6066 Lugd.
563 5997 934 6067 Ven.‘ublque,
967 5997 1316 6064 vectationcm,
1339 5997 1664 6064 scripsimus.
1757 5998 1831 6052 Μ.

1447 276 1549 337 DE
1594 273 1775 337 FIDE
1818 273 2133 335 CONTRA
2176 271 2680 333 MANICHJEOS.

3637 271 3799 333 1144

2208 404 2445 478 CAPUT
2474 403 2617 459 XVI.
2649 434 2720 446 -~
2741 404 2801 460 Id
2822 422 2945 461 vero
2976 405 3117 478 quod
3136 405 3318 462 adhuc
3339 402 3557 461 adversi
3573 406 3798 475 generis

2134 477 2382 550 maculas
2416 480 2626 547 portat,
2657 493 2754 547 per
2781 482 2938 532 aestus
2969 490 3131 550 atque
3168 480 3377 533 calores
3408 478 3795 548 particulatim

2133 549 2604 621 descendit.atque
2629 550 2919 604 arboribus
2942 556 3257 621 ceterisque
3273 551 3715 620 plantationibus
3728 564 3795 602 ac

2130 623 2265 675 satis
2286 620 2536 675 omnibus
2568 622 2844 686 miscetur,
2878 631 2927 677 et
2950 620 3222 677 coloribus
3259 622 3489 675 diversis
3519 622 3788 689 inﬁcitur.

2130 694 2193 747 Et
2222 708 2324 763 quo
2344 696 2503 763 pacto
2535 693 2637 745 ista
2659 710 2857 763 magna
2884 698 2933 748 et
2954 695 3264 748 clarissima
3285 693 3415 748 navi
3442 694 3642 763 ﬁgurw
3656 706 3797 763 pue-

2134 780 2329 818 rorum
2350 773 2401 819 et
2418 766 2694 833 virginum
2715 767 3210 835 parentcontrariis
3224 766 3580 834 potestatibus
3594 779 3720 834 quae
3732 765 3790 817 in

2135 838 2287 891 caelis
2308 839 2527 905 degunt,
2560 851 2787 906 quaeque
2812 838 3031 906 igneam
3061 837 3266 890 habent
3294 843 3566 890 naturam
3577 852 3597 895 ;
3628 841 3792 905 atque

2133 922 2203 961 ex
2242 910 2341 961 isto
2370 915 2589 979 aspectu
2632 907 2841 974 decoro,
2888 910 3021 963 vita:
3060 924 3188 978 pars
3230 924 3348 979 qum
3380 910 3437 961 in
3457 907 3776 962 earumdem

2136 980 2390 1033 membris
2416 978 2667 1043 habetur,
2690 980 2883 1033 laxata
2905 979 3193 1033 deducitur
3220 978 3319 1050 per
3337 982 3551 1035 calores
3587 980 3646 1033 in
3678 984 3788 1034 ter-

2135 1066 2253 1104 ram
2273 1050 2493 1105 :eodem
2520 1050 2674 1104 modo
2704 1052 2871 1105 etiam
2900 1052 3003 1105 illa
3029 1053 3301 1105 altissima
3350 1052 3524 1104 virtus
3556 1066 3675 1120 qua:
3726 1051 3788 1102 in

2133 1124 2264 1176 navi
2292 1122 2543 1175 vitalium
2592 1139 2865 1193 aquarum
2901 1123 3132 1187 habitat,
3164 1124 3222 1175 in
3251 1122 3624 1177 similitudine
3651 1138 3794 1191 pue-

2134 1208 2323 1247 rorum
2351 1209 2415 1247 ac
2441 1194 2719 1260 virginum
2754 1203 3073 1248 sanctarum
3092 1211 3194 1265 per
3221 1210 3346 1248 suos
3375 1194 3598 1264 angelos
3618 1209 3791 1264 appa-

2136 1272 2215 1319 ret
2242 1266 2327 1319 his
2350 1266 2727 1334 potestatibus,
2777 1281 3013 1335 quarum
3049 1273 3250 1320 natura
3271 1265 3477 1334 [rigida
3496 1275 3579 1319 est
3627 1269 3792 1334 atque

2136 1336 2379 1400 humida,
2400 1351 2624 1407 quaeque
2643 1338 2704 1389 in
2722 1339 2868 1391 cretis
2888 1336 3171 1393 ordinatae
3195 1340 3339 1391 sunt.
3360 1339 3422 1391 Et
3442 1335 3661 1407 quidem
3702 1336 3792 1389 his

2134 1410 2499 1479 queefeminte
2518 1411 2664 1471 sunt,
2716 1409 2773 1462 in
2796 1410 2929 1479 ipsis
2964 1412 3141 1478 forma
3176 1424 3475 1480 puerorum
3514 1416 3785 1478 apparet;

2134 1480 2394 1533 masculis
2426 1494 2571 1544 vero,
2604 1481 2902 1543 virginum.
2922 1481 3037 1535 Hac
3064 1495 3190 1536 vero
3213 1482 3521 1534 mutatione
3532 1484 3583 1534 et
3602 1480 3787 1533 diver-

2133 1552 2301 1606 sitate
2312 1566 2669 1620 personarum
2689 1550 3005 1605 divinarum
3024 1567 3087 1606 ac
3113 1551 3639 1621 pulcherrimarum,
3683 1551 3791 1605 hu-

2134 1621 2300 1677 midse
2311 1621 2631 1692 frigidaeque
2649 1623 2837 1694 stirpis
2874 1624 3152 1694 principes
3175 1623 3410 1678 masculi
3432 1638 3528 1676 seu
3565 1624 3793 1692 feminae

2134 1694 2439 1766 solvuntur,
2466 1702 2624 1766 atque
2645 1693 2701 1747 id
2739 1694 2794 1748 id
2813 1693 2951 1766 quod
2998 1693 3217 1766 iriipszs
3263 1704 3339 1749 est
3385 1694 3573 1759 vitale,
3596 1696 3744 1764 fugit
3772 1714 3790 1747 :

2137 1764 2276 1835 quod
2292 1781 2420 1820 vero
2442 1764 2722 1827 resederit,
2752 1764 3000 1820 lavatum
3022 1764 3305 1820 deducitur
3343 1766 3416 1821 ad
3457 1774 3665 1819 terram
3693 1782 3793 1836 per

2133 1838 2368 1907 frigora.
2391 1840 2442 1889 et
2461 1838 2671 1891 cunctis
2689 1845 2851 1892 terra,o
2871 1838 3160 1905 generibus
3186 1837 3541 1891 admiscetur.

2205 1908 2432 1963 CAPUT
2463 1907 2629 1980 XVII.
2648 1910 2867 1971 —-Quis
2896 1925 3006 1980 non
3033 1909 3239 1973 rideat,
3260 1908 3346 1964 vel
3379 1908 3576 1980 potius
3598 1905 3797 1962 doleat

2136 1982 2192 2033 et
2208 1980 2526 2033 detestetur
2547 1979 2725 2033 istum
2749 1979 3068 2047 hominem,
3094 1984 3212 2034 tam
3240 1979 3527 2035 horrcnda
3546 1984 3604 2033 et
3627 1995 3794 2034 exse-

2136 2050 2377 2104 crabilia
2407 2051 2476 2104 de
2499 2051 2695 2105 divina
2718 2052 3048 2105 substantia
3094 2053 3383 2106 dicentem
3408 2056 3431 2094 ἲ
3475 2052 3618 2118 Ergo
3649 2052 3793 2105 sub-

2137 2121 2975 2195 stantitelucisaeternauparti
3001 2123 3117 2190 Dei,
3145 2123 3203 2176 in
3234 2123 3600 2195 captivitate,
3624 2122 3683 2177 in
3707 2139 3799 2177 ca-

2134 2192 2584 2265 lamitatibus,in
2611 2192 2870 2257 inrumis,
2895 2194 2953 2248 in
2986 2194 3297 2265 pressuris,
3319 2192 3387 2250 in
3413 2194 3690 2249 sordibus
3708 2198 3793 2248 at-

2136 2279 2248 2335 que
2280 2264 2677 2331 immunditia,
2729 2264 3055 2320 secundum
3086 2270 3345 2320 vestrum
3387 2282 3663 2331 errorem,
3696 2282 3791 2321 ve-

2136 2341 2319 2409 stram
2366 2336 2867 2409 constitutionem,
2903 2354 3015 2391 non
3048 2342 3278 2409 poterat
3307 2337 3475 2392 aliter
3529 2338 3791 2407 quotidie

2137 2407 2451 2481 subveniri,
2487 2407 2601 2481 nisi
2633 2410 2839 2464 beatus
2869 2407 3065 2479 Pater,
3091 2409 3191 2481 qui
3224 2426 3401 2465 naves
3432 2410 3661 2481 lucidas
3689 2409 3791 2481 ha-

2136 2479 2233 2534 bet
2262 2479 2811 2554 diversoria,_quem
2865 2479 3123 2535 tertium'
3152 2480 3408 2554 legatum
3457 2480 3790 2551 appellatis,

2137 2554 2194 2604 et
2221 2550 2407 2605 virtus
2439 2550 2722 2605 altissima
2755 2552 3001 2607 virtutes
3057 2550 3305 2607 suas'in
3348 2550 3562 2607 diversi
3616 2568 3794 2607 sexus

2136 2626 2406 2677 naturam
2439 2626 2759 2677 commutet
2790 2640 2803 2677 :
2831 2639 2976 2693 quas
3006 2624 3242 2693 quidem
3290 2624 3669 2679 intemeratas
3699 2623 3792 2677 di-

2137 2694 2287 2763 citis,
2322 2694 2420 2768 sed
2449 2699 2644 2768 tamen
2673 2698 2737 2749 ut
2764 2694 3135 2768 meretricum
3162 2711 3322 2750 more
3346 2694 3793 2768 pulchritudine

2138 2782 2247 2819 sua
2277 2765 2606 2836 principum
2662 2766 3034 2821 tenebrarum
3096 2765 3428 2822 letalem'et
3477 2768 3793 2837 spurcissi-

2140 2853 2294 2908 mam
2327 2838 2857 2908 concupiscentiam
2881 2838 3135 2894 confusae
3155 2838 3400 2894 invicem
3420 2839 3791 2893 accendant‘.

2135 2906 2259 2981 Non
2291 2907 2443 2981 enim
2478 2906 2780 2981 invenistis
2810 2925 3032 2980 verum,
3066 2927 3180 2980 quo
3214 2915 3435 2965 tantam
3471 2909 3795 2981 pulchritu-

2138 2980 2329 3052 dinem
2363 2979 2676 3052 aliquando
2700 2979 3022 3052 honestius
3066 2979 3354 3036 diceretis.
3379 2982 3447 3035 Et
3469 2979 3587 3052 qua
3616 2997 3796 3036 causa

2137 3049 2244 3105 hac
2278 3049 2539 3105 faciunt?
2570 3051 2641 3106 Ut
2670 3051 2753 3106 eis
2779 3051 2837 3106 in
2863 3052 3161 3107 libidinem
3191 3049 3516 3116 concitatis,
3538 3054 3794 3107 occasio-

2138 3138 2269 3194 nem
2300 3122 2664 3177 liberationis
2696 3124 2945 3194 reperiat
2993 3125 3321 3179 substantia
3368 3124 3587 3179 divina.
3640 3124 3792 3188 Quid

2138 3193 2291 3266 aliud
2326 3199 2511 3261 sonat,
2547 3194 2658 3249 nisi
2686 3193 2951 3249 utetiam
2988 3212 3088 3266 per
3137 3195 3409 3265 genitalia
3453 3197 3792 3251 daemonum

2136 3264 2257 3319 vias
2272 3266 2547 3320 evadendi
2570 3266 2826 3321 inveniat
2843 3264 3037 3322 divina
3052 3264 3361 3337 majestas?
3379 3267 3533 3321 Deus
3556 3284 3791 3338 magna,

2138 3337 2615 3409 subvenianimis
2640 3338 2960 3409 istaturpia
2982 3338 3376 3403 credentibus,
3399 3340 3513 3393 ista
3536 3341 3795 3394 nefanda

2137 3408 2531 3480 sectandibus.
2586 3410 2725 3472 Quis
2766 3408 2885 3464 haec
2928 3427 3042 3465 non
3088 3410 3409 3478 exhorreat,
3447 3426 3587 3480 rogo
3637 3427 3738 3467 vos
3766 3412 3795 3465 ‘?

2138 3479 2279 3542 Quis
2300 3485 2422 3554 tam
2456 3497 2638 3554 africus
2670 3484 2757 3535 est
2785 3486 2851 3554 ut
2880 3481 2992 3537 ista
3018 3482 3241 3537 credat?
3272 3499 3409 3554 rogo
3440 3479 3584 3537 vos?

2207 3551 2427 3624 CAPUT
2458 3552 2654 3606 XVI“.
2686 3582 2746 3624 έ-
2769 3553 2880 3607 Sed
2912 3560 3065 3608 certe
3086 3551 3509 3624 respondeatur
3539 3553 3685 3608 mihi
3719 3555 3791 3609 ab

2137 3621 2208 3677 iis
2231 3622 2545 3703 quiipsum
2570 3623 2953 3703 Manichaium
2974 3621 3301 3703 sequuntur
3318 3626 3408 3703 :_S_i
3429 3631 3581 3703 Deus
3598 3626 3789 3703 incpr-

2137 3694 2431 3763 ruptibilis
2448 3700 2554 3763 est,
2580 3694 2665 3748 vel
2698 3696 2891 3751 omnis
2906 3694 3113 3750 natura
3135 3696 3352 3751 summi
3378 3698 3512 3751 boni
3538 3696 3791 3751 inviola—

2135 3764 2290 3839 bilis,
2353 3765 2825 3839 immaculabilis,
2865 3768 3182 3829 inadibilis,
3243 3769 3791 3839 incoinquinabilis,

2135 3836 2759 3910 incomprehensibilis,
2796 3839 2936 3908 quid
2968 3844 3192 3910 poterat
3224 3840 3409 3895 facere
3442 3836 3581 3895 mali
3614 3846 3793 3895 natu-

2132 3913 2264 3963 tura
2290 3908 2431 3983 huic
2463 3913 2633 3963 tantae
2666 3914 2908 3983 natura},
2942 3908 2992 3965 si
3026 3911 3203 3965 nollet
3223 3928 3355 3965 cum
3379 3911 3480 3966 illa
3505 3928 3790 3983 pugnare,

2134 3996 2204 4035 ne
2236 3981 2305 4034 ad
2338 3984 2565 4033 tantum
2595 3982 2844 4036 dedecus
2877 3983 3291 4037 deduceretur?
3322 3984 3439 4038 Hoc
3469 3981 3611 4051 dixi,
3639 3985 3791 4049 Quid

2133 4051 2357 4124 factura
2388 4056 2513 4105 erat
2537 4057 2655 4124 Deo
2701 4068 2843 4124 gens
2895 4056 3289 4121 tenebrarum,
3324 4056 3373 4109 si
3418 4055 3603 4110 nollet
3653 4072 3789 4111 cum

2132 4122 2233 4197 illa
2264 4122 2553 4197 pugnare?
2582 4124 2637 4197 Si
2663 4122 2806 4177 mihi
2841 4125 3074 4191 dicitur,
3122 4126 3276 4180 Nihil
3308 4143 3504 4197 quaero
3537 4144 3644 4181 cur
3684 4127 3791 4182 ho-

2132 4194 2225 4249 die
2247 4195 2374 4264 ejus
2419 4211 2571 4265 pars,
2624 4195 2731 4249 hoc
2774 4202 2882 4262 est,
2940 4197 3055 4263 Dei,
3108 4198 3165 4251 in
3215 4194 3677 4265 calamitatibus,
3731 4200 3792 4253 in

2132 4265 2442 4336 pressaris,
2468 4266 2524 4319 in
2558 4267 2906 4336 captivitate,
2950 4268 3006 4322 in
3051 4270 3409 4337 subjectione
3442 4269 3517 4325 sit
3563 4273 3794 4325 consti-

2130 4342 2348 4403 tuta,ut
2379 4342 2498 4391 tam
2532 4338 2782 4408 turpiter
2824 4338 2991 4394 etiam
3031 4339 3325 4407 liberetur,
3368 4346 3424 4395 et
3455 4357 3560 4396 nec
3583 4341 3671 4397 sic
3719 4340 3790 4395 li-

2131 4408 2285 4463 brari
2313 4413 2433 4463 tota
2463 4410 2677 4479 possit;
2711 4408 2795 4463 vel
2843 4410 2968 4481 ipse
2998 4415 3184 4476 Pater,
3219 4420 3282 4467 ut
3312 4413 3535 4467 luctum
3571 4413 3796 4468 habeat

2128 4484 2463 4554 memorata)
2492 4480 2840 4554 partissuae
2870 4480 3058 4538 causa
3107 4500 3276 4554 quem
3337 4485 3562 4539 luctum
3599 4486 3790 4540 Mani-

2127 4552 2320 4608 chaius
2343 4551 2401 4605 in
2428 4552 2551 4605 suis
2578 4551 2739 4607 libris
2765 4551 3138 4623 apertissime
3163 4556 3472 4623 praedicat?

2196 4623 2422 4697 CAPUT
2454 4623 2597 4697 XIX.
2630 4624 2807 4679 -——Ait
2836 4625 3097 4695 quidam,
3122 4627 3279 4681 Nihil
3312 4630 3365 4682 ei
3400 4629 3527 4697 ﬁeri
3542 4635 3789 4696 poterat,

2124 4695 2213 4749 sed
2235 4699 2293 4749 ut
2309 4694 2620 4769 ostenderet
2644 4694 3053 4765 praescientiam
3076 4715 3133 4752 se
3156 4698 3355 4753 habere
3384 4694 3797 4769 cogitationum

2123 4769 2439 4837 principum
2475 4766 2853 4831 tenebrarum,
2888 4772 2937 4823 et
2986 4780 3045 4823 ut
3078 4780 3416 4825 monstraret
3446 4766 3590 4824 nihil
3621 4787 3680 4823 se
3716 4774 3792 4825 ti-

2122 4854 2271 4892 mere
2324 4840 2935 4912 pmpterea‘pugnavit.
2985 4841 3082 4895 Cui
3134 4858 3238 4911 ego
3280 4843 3421 4905 dixi,
3454 4842 3558 4904 Qui
3593 4844 3793 4912 potuit

2124 4910 2507 4981 cogitationes
2552 4909 2881 4981 principum
2925 4909 3301 4968 tenebrarum
3334 4914 3549 4978 videre,
3583 4909 3651 4967 ac
3690 4931 3792 4969 ne-

2124 4982 2341 5035 minem
2386 4982 2615 5045 timere,
2650 4997 2829 5051 quare
2861 4999 2971 5037 non
3001 4984 3145 5038 vidit
3170 4983 3391 5040 luctum
3432 4985 3542 5039 sibi
3591 4984 3795 5041 immi-

2122 5057 2354 5127 nentem
2388 5054 2458 5107 de
2489 5052 2673 5122 partis
2695 5070 2813 5107 sua:
2849 5053 3207 5119 infelicitate,
3236 5072 3412 5127 quam
3438 5056 3609 5111 hodie
3631 5058 3789 5126 pati-

2121 5125 2246 5199 tur?
2261 5127 2443 5189 Quam
2467 5128 2689 5199 partem
2712 5141 2877 5199 suam
2896 5141 3191 5199 nunquam
3211 5125 3787 5199 recipietintegram,

2122 5196 2258 5266 quia
2289 5199 2552 5270 remanet
2595 5195 2728 5270 inde
2767 5195 3009 5270 aliquid,
3041 5195 3215 5252 'sicut
3265 5195 3389 5270 ipse
3438 5195 3789 5270 dicit'quod

2120 5267 2353 5338 purgari
2379 5284 2489 5320 non
2526 5268 2753 5338 poterit,
2779 5273 2833 5321 et
2859 5269 2913 5321 in
2938 5269 3106 5338 globo
3130 5267 3502 5325 tenebrarum
3530 5272 3585 5324 in
3612 5267 3790 5326 teter-

2122 5337 2262 5413 num
2287 5337 2682 5413 damnabitur.
2716 5339 3311 5413 Magnaprtecientia,
3335 5342 3419 5395 vel
3454 5343 3648 5413 potius
3692 5344 3790 5397 in-

2119 5410 2379 5485 scientia,
2415 5410 2707 5485 etmisera
2736 5410 3071 5485 infirmitas,
3120 5414 3229 5468 hoc
3256 5421 3345 5469 est
3380 5410 3563 5467 totum
3622 5416 3790 5485 quod

2118 5482 2410 5537 neminem
2441 5481 2700 5535 timebat.
2759 5483 2930 5556 Certe»
2964 5485 3011 5538 si
3066 5500 3128 5539 se
3177 5486 3323 5539 tueri
3374 5486 3569 5556 aliquo
3604 5481 3791 5543 modo

2119 5571 2233 5608 non
2267 5558 2509 5623 poterat,
2544 5557 2772 5625 rogaret
2794 5558 2857 5607 ut
2887 5554 2998 5625 sibi
3031 5563 3371 5625 parceretur
3402 5554 3485 5611 ne
3523 5558 3595 5612 ad
3648 5564 3789 5613 tan-

2118 5630 2245 5679 tum
2283 5624 2857 5694 dedecusintegritas
2877 5624 2975 5681 illa
3005 5624 3060 5682 et
3090 5628 3268 5685 decus
3297 5630 3561 5685 omnium
3612 5646 3793 5686 orna-

2120 5700 2449 5751 mentorum
2482 5696 2917 5768 perduceretur.

2184 5874 2198 5907 ί
2232 5872 2635 5943 βὴξγεῃίρᾳηυε.
2664 5873 2761 5921 Ms.
2798 5873 3162 5943 C_isterc_iensis
3182 5891 3309 5943 vero
3331 5880 3384 5929 et
3412 5876 3784 5943 Corbeiensis,

2119 5934 2375 6007 confudit,
2406 5935 2623 6007 invicem
2654 5936 2951 5989 accendant.
2982 5939 3067 5992 Er.
3100 5943 3151 5991 et
3179 5940 3328 6006 Lov.,
3358 5943 3587 6007 confuse
3615 5948 3667 5995 et
3693 5934 3787 5996 in;

2117 5996 2234 6051 vita
2261 5996 2563 6063 accendant.
3315 5996 3326 6006 '
3452 5996 3463 6007 '
3858 6022 3859 6025 η
