4048 6492
172 298 333 359 1153

170 428 441 485 luctuoso
458 430 675 483 tectum
697 445 709 494 ;
734 427 1127 497 subjacentem
1152 424 1454 481 daemoniis
1481 428 1543 479 ut
1558 424 1743 479 lutum
1760 424 1821 478 ﬁ-

172 501 407 628 gulo,et
431 518 615 572 usque
631 501 701 555 ad
728 505 955 571 turpem
981 514 1289 569 personam
1324 499 1664 552 necessitate
1696 514 1821 567 per-

221 578 443 628 uctum.
466 578 532 626 ut
562 572 619 626 in
649 588 855 628 pueros
880 577 935 625 et
955 571 1207 628 Virgines
1230 572 1679 628 transﬁguratus
1706 570 1821 623 daa-

221 578 443 639 uctum,
466 570 619 626 utin
649 570 855 643 pueros
880 577 935 625 et
955 571 1207 643 virgines
1230 572 1679 639 transﬁguratus
1706 570 1821 643 dae-

179 662 423 699 monum
446 640 745 698 libidinem
769 642 1124 707 accenderet,
1145 658 1316 711 quem
1346 642 1615 711 praedicat
1646 640 1822 693 Mani-

175 716 395 773 cbzeus.
422 720 537 770 Aut
556 720 727 783 certe,
751 715 797 769 si
822 719 1030 785 potest,
1051 722 1217 783 neget
1238 714 1594 768 conscientia
1612 717 1821 778 vestra,

175 793 325 844 teste
356 787 519 842 vobis
549 804 681 842 vero
716 792 824 840 Deo
846 792 1078 851 aeterno,
1098 786 1192 854 qui
1227 800 1430 839 omnes
1452 785 1824 855 judicaturus

176 865 292 928 est,
318 876 500 915 unum
536 858 781 914 istorum
813 858 977 912 vobis
1009 858 1151 928 ipsis
1184 861 1407 927 negate.

253 924 487 986 CAPUT
510 931 760 985 XLVIII.
792 960 860 968 —
893 930 949 983 Si
984 924 1175 982 autem
1207 924 1340 981 vera
1374 931 1510 982 sunt
1531 944 1656 997 qua:
1682 924 1827 997 dici-

182 1019 339 1068 mus,
375 1004 609 1057 tandem
642 1000 934 1072 respicite,
965 1002 1198 1055 tandem
1221 1000 1429 1072 videte.
1458 1000 1520 1072 in
1546 996 1659 1072 qua
1688 996 1828 1072 estis

180 1067 372 1129 morte
403 1067 1018 1129 constitutifliumiles
1048 1076 1252 1135 estote,
1278 1071 1324 1125 si
1346 1067 1826 1140 optatisliberari,

179 1151 241 1201 et
265 1145 440 1200 nolite
454 1146 699 1215 superbe
716 1144 860 1198 etim
872 1143 959 1214 pie
980 1143 1189 1211 dicere,
1207 1159 1307 1196 vos
1329 1144 1486 1213 ipsos
1504 1157 1630 1195 esse
1657 1146 1831 1193 Deum

179 1214 663 1289 omnipotentem.
690 1216 805 1270 Hoc
826 1216 980 1269 enim
997 1214 1348 1289 dieitis,cum
1367 1215 1833 1289 animasgvestras

180 1286 380 1361 partes
401 1290 528 1359 ejus
559 1304 686 1343 esse
707 1286 1051 1361 asseveratis
1067 1303 1085 1361 _:
1115 1302 1227 1361 non
1246 1286 1575 1361 enimDeus
1594 1286 1651 1361 in
1675 1287 1835 1361 parte

182 1357 459 1432 inajor,in
476 1366 637 1431 parte
654 1358 842 1414 minor
856 1363 961 1413 est.
977 1358 1085 1412 Sed
1100 1358 1480 1432 potiusdicite
1495 1357 1836 1432 vobis,Deus

182 1427 689 1487 incommutabilis
703 1435 809 1499 est,
826 1446 933 1485 nos
954 1427 1400 1484 commutabiles
1418 1444 1654 1483 sumus:
1682 1427 1835 1480 Deus

179 1503 646 1575 incorruptibilis
668 1509 775 1575 est,
798 1518 901 1575 nos
914 1501 1105 1575 cupidi
1118 1500 1330 1554 tatibus
1346 1501 1568 1575 nostris
1582 1514 1839 1575 corrum-

182 1576 405 1647 pimur:
425 1569 572 1630 Deus
587 1569 1103 1647 ineoinquinabilis
1119 1571 1606 1647 est,nospeccatis
1623 1569 1838 1647 nostris

183 1640 672 1718 coinquinamur:
698 1640 851 1700 Deus
875 1646 1001 1715 ipsa
1022 1644 1305 1718 sapientia
1324 1640 1544 1718 est,nos
1567 1642 1730 1697 stulti
1764 1640 1835 1718 ad

184 1715 539 1789 sapientiam
566 1718 863 1789 pervenire
885 1733 1194 1789 conamur;
1219 1716 1375 1789 Deus
1403 1715 1529 1789 ipsa
1552 1718 1763 1767 aeterna
1785 1715 1841 1789 et

185 1786 360 1845 beata
388 1791 501 1844 vita
532 1786 635 1854 est,
661 1806 767 1843 nos
791 1788 1041 1859 peccatis
1063 1787 1277 1842 nostris
1302 1786 1497 1840 miseri
1530 1802 1755 1859 sumus,
1778 1788 1842 1859 et

181 1867 460 1933 optamus
478 1862 598 1917 ﬁeri
615 1862 761 1915 beati
823 1876 935 1915 non
959 1876 1094 1929 ergo
1116 1876 1323 1933 sumus
1349 1875 1480 1929 pars
1502 1856 1839 1933 substantiae

184 1928 339 2004 ejus.
365 1933 421 1987 Si
443 1933 597 1988 enim
615 1938 807 2003 partes
830 1948 956 1998 ejus
977 1928 1134 2004 estis,
1150 1936 1204 1984 et
1233 1930 1350 1983 haec
1374 1934 1535 2004 tanta
1554 1928 1839 2004 patimini,

185 2002 373 2061 restat
394 2010 457 2059 ut
478 2010 535 2059 et
557 2002 679 2076 ipse
696 2005 831 2076 jam,
853 2020 919 2058 ex
942 2008 1102 2076 parte
1120 2003 1243 2076 haec
1270 2002 1843 2076 om_nia_patiat_ur,_et

188 2076 449 2149 amplius
473 2071 596 2148 pati
614 2071 885 2149 potuerit,
910 2071 1058 2149 quod
1081 2074 1207 2149 ejus
1232 2072 1705 2149 contingitparti,
1731 2071 1841 2124 nisi

189 2145 313 2220 per'
346 2145 595 2203 vestram
616 2145 629 2147 “
658 2147 950 2220 miseriam
994 2145 1103 2220 sibi
1139 2146 1479 2220 provideret.
1516 2145 1714 2220 Videte
1746 2159 1843 2220 vos

190 2214 495 2291 'ergoquid
517 2220 687 2275 estis:
714 2219 760 2291 si
788 2224 977 2289 partes
1003 2214 1151 2291 ejus,
1184 2217 1336 2291 Deus
1365 2216 1539 2291 estis;
1574 2214 1619 2269 si
1653 2214 1842 2283 geneti

190 2288 853 2355 abwilloestis,similiter
878 2292 1025 2344 Deus
1041 2289 1210 2343 estis:
1239 2288 1380 2358 quid
1405 2292 1566 2342 tanta
1591 2292 1845 2358 peccato-

191 2380 330 2442 rum
364 2362 733 2442 corruptione
764 2360 1121 2442 turpamini?
1248 2356 1443 2442 autem
1476 2357 1607 2442 fa‘c'ti
1642 2358 1724 2442 ab.
1747 2356 1843 2439 illo

191 2435 360 2497 estis,
394 2434 499 2489 hoc
529 2427 906 2501 confitemini,
942 2438 999 2487 et
1028 2448 1141 2486 non
1168 2431 1284 2501 jam
1317 2430 1481 2485 eritis
1522 2427 1840 2501 Manichaei.

265 2506 496 2561 CAPUT
515 2505 703 2561 XLIX.
722 2536 790 2545 -—
824 2500 1177 2559 Manichacus
1206 2502 1359 2557 enim
1383 2502 1529 2555 duas
1561 2500 1845 2555 dicitesse

188 2583 457 2640 naturas,
475 2594 651 2632 unam
667 2577 879 2631 bonam
894 2580 951 2631 et
963 2575 1205 2630 alteram
1232 2574 1443 2628 malam
1462 2589 1475 2629 :
1492 2573 1701 2626 bonam
1718 2588 1842 2641 quae

187 2650 326 2704 fecit
358 2651 666 2714 mundum,
694 2648 906 2703 malam
930 2648 999 2702 de
1023 2664 1136 2718 qua
1161 2647 1345 2700 factus
1367 2649 1455 2718 est
1487 2644 1763 2718 mundus.
1787 2643 1843 2718 Si

186 2727 388 2776 autem
416 2739 513 2776 vos
538 2726 688 2775 Deus
713 2720 869 2785 fecit,
895 2736 1009 2773 non
1040 2715 1263 2774 invenit
1295 2716 1648 2771 Manichacus
1690 2715 1844 2769 unde

183 2810 289 2848 vos
322 2793 473 2848 Deus
507 2791 722 2846 fecerit.
756 2790 810 2844 Si
843 2792 998 2845 enim
1040 2791 1107 2843 de
1150 2807 1211 2843 se
1242 2789 1369 2859 ipso
1404 2804 1503 2842 vos
1536 2787 1685 2851 fecit,
1738 2786 1843 2840 hoc

184 2866 333 2920 estis
361 2865 513 2935 quod
534 2863 677 2935 ipse.
694 2863 819 2917 Non
835 2879 970 2931 ergo
986 2860 1267 2935 debuistis
1292 2865 1453 2913 tanta
1475 2864 1775 2935 peec‘atoru
1788 2874 1843 2912 m

184 2932 828 3007 corruptione'turpari,
853 2936 1140 3007 sicutjam
1162 2932 1383 3007 dictum
1416 2938 1523 3007 est.
1560 2932 1617 2985 Si
1648 2936 1843 3007 autem

184 3010 259 3063 de
290 3001 477 3063 alieno
502 3024 599 3061 vos
618 3001 771 3075 fecit,
805 3001 916 3060 non
943 3005 1013 3059 ad
1038 3004 1202 3075 illum
1228 3004 1564 3075 pertinetisi;
1592 3002 1729 3075 quia
1759 3001 1845 3055 sic

182 3097 290 3135 vos
316 3079 447 3134 fecit
464 3073 1079 3150 quomodo'mundum.
1106 3074 1159 3129 Si
1184 3081 1378 3128 autem
1400 3090 1500 3150 nec
1519 3074 1589 3127 de
1611 3091 1671 3150 se
1694 3073 1841 3144 ipso,

185 3168 295 3206 nec
318 3152 387 3206 de
408 3145 594 3205 alieno
618 3168 717 3205 vos
741 3150 888 3209 fecit.
918 3149 1015 3203 sed
1040 3152 1264 3201 tantum
1291 3145 1711 3216 omnipotentis
1738 3161 1845 3198 sua

184 3222 399 3287 voluit,
432 3229 487 3276 et
511 3222 641 3276 facti
674 3221 846 3285 estis;
883 3220 988 3274 hoc
1010 3219 1182 3273 dicite
1200 3218 1532 3277 Manichaee.
1559 3223 1613 3271 et
1637 3233 1846 3270 renun-

188 3295 230 3349 ti
241 3300 333 3349 ate
348 3296 476 3363 ejus
490 3293 689 3348 errori.
708 3294 797 3347 Sic
815 3292 1087 3363 deceteni
1100 3308 1152 3363 m
1170 3290 1638 3363 Omnipotentem
1661 3290 1845 3342 facere

185 3383 319 3437 quae
343 3361 604 3430 voluerit,
632 3366 781 3418 sicut
802 3362 1417 3437 Catholicadixit,_ipse
1438 3361 1601 3423 dixit,
1630 3364 1843 3437 cat/uete

181 3430 319 3493 sunt
337 3455 358 3499 ;
382 3440 496 3507 ipse
518 3438 801 3492 mandavit
833 3440 882 3490 et
903 3439 1085 3489 creata
1101 3442 1228 3488 sunt
1255 3430 1424 3507 (Ρέςαζ.
1450 3449 1625 3500 xxxu,
1644 3433 1719 3499 9).
1758 3430 1847 3484 Di-

183 3511 300 3565 cite
332 3505 514 3564 vobis.
546 3509 665 3563 Non
693 3524 901 3562 sumus
926 3512 1118 3577 partes
1136 3507 1283 3573 ejus,
1309 3505 1407 3558 sed
1432 3520 1639 3558 sumus
1670 3519 1845 3572 opera

184 3583 339 3651 ejus.
380 3580 559 3636 Dicite
580 3582 762 3635 vobis.
797 3580 854 3633 Si
884 3576 1038 3633 Deus
1066 3576 1405 3632 necessitate
1427 3591 1635 3646 passus
1659 3580 1765 3639 est,
1790 3577 1847 3628 et

1677 296 2095 356 APPENDIX.

3426 303 3577 362 1154

1933 428 2167 506 evadere
2198 426 2365 506 aliter
2398 445 2511 506 non
2541 429 2746 506 potuit,
2772 430 2882 506 nisi
2907 430 3106 506 partis
3127 449 3242 485 sua:
3286 436 3582 502 pateretur

1933 498 2371 579 detrimentum;
2389 498 3373 579 quisaliquandopoteritdetalibus
3389 520 3584 560 neces-

1935 571 2205 645 sitatibus
2231 571 2459 645 liberari
2482 574 2501 625 ‘2
2521 571 2784 643 Aut—quis
2805 571 2905 628 erit
2934 573 3033 645 qui
3062 581 3393 645 protegatur
3413 594 3445 630 a
3472 582 3581 631 Deo

1936 592 2205 623 suauous
2231 592 2459 626 noerari
2482 592 2499 625 ί
2521 592 2633 626 aut
2656 592 2784 643 qms
2805 592 2905 628 erit
2978 592 3033 627 ui
3062 592 3393 645 proregatur
3413 594 3445 630 a
3472 592 3581 631 ueo

1936 658 2050 715 non
2084 640 2305 697 valente
2336 660 2397 697 se
2426 644 2616 715 ipsum
2646 592 2971 715 protegerec‘l
2995 652 3107 698 Aut
3130 648 3364 715 quando
3398 665 3487 702 me
3511 650 3581 701 de

1936 712 2042 793 liae
2075 716 2416 793 necessitate
2448 712 3035 793 captivitatispoterit
3062 712 3323 793 liberare,
3354 720 3451 787 qui
3493 736 3583 793 me

1936 786 1993 838 in
2028 786 2271 855 integris
2301 788 2495 857 regnis
2535 786 2969 843 custodire’non
3003 789 3237 859 potuit?
3270 786 3388 843 Non
3424 792 3580 845 enim

1938 863 2271 937 peccantem
2290 874 2378 910 me
2406 859 2537 937 inde
2561 861 2802 937 dimisit,
2827 861 2925 937 sed
2950 863 3023 937 ad
3061 861 3463 937 peccataipsal
3494 878 3585 916 me

1938 930 2118 1008 misit.
2151 930 2265 981 Aut
2285 932 2519 1008 quando
2553 932 2768 1008 mibiin
2790 931 2999 1008 alienis
3021 930 3437 1008 miserabiliter
3456 950 3586 987 con-

1939 1002 2143 1053 stituto
2160 1002 2433 1074 prodesse
2456 1004 2682 1071 poterit,
2702 1004 2798 1074 qui
2827 1010 2887 1055 ut
2922 1003 3031 1057 sibi
3055 1005 3374 1073 prodesset,
3408 1005 3585 1059 mead

1939 1074 2176 1151 tantum
2198 1073 2510 1151 perniciem
2534 1073 3135 1151 ded_it,n_e‘_pugnaret.
3160 1075 3467 1151 Siincorru
3480 1076 3588 1147 pti-

1942 1143 2076 1223 bilis
2099 1148 2187 1223 est
2212 1145 2335 1223 ipse
2354 1148 2697 1223 Deus,.q_uid
2731 1146 2779 1200 ei
2812 1143 3032 1200 factura
3055 1152 3179 1200 erat
3200 1146 3296 1200 illa
3320 1148 3453 1223 mali
3480 1143 3589 1202 'na-

1945 1219 2093 1295 tura,
2119 1215 2167 1295 si
2191 1215 2369 1295 nollet
2389 1234 2519 1295 cum
2546 1218 2941 1295 illapugqare,
2959 1234 3027 1271 ne
3053 1235 3205 1272 nunc
3226 1234 3330 1289 ego
3355 1219 3437 1273 sic
3459 1236 3589 1272 eru-

1945 1288 2960 1359 ciarer_?Autquaaistainjustitiamt
2982 1291 3049 1342 ad
3076 1290 3312 1359 globum
3346 1290 3592 1344 damner

1946 1374 2078 1414 cum
2112 1357 2208 1412 ille
2240 1365 2301 1433 ut
2330 1357 2501 1414 modo
2518 1357 2948 1433 aliquantulum
2973 1357 3213 1415 securus
3236 1362 3330 1425 sit,
3356 1378 3459 1433 ego
3484 1362 3602 1416 haec

1946 1434 2108 1484 tanta
2139 1432 2461 1486 sustineam
2490 1432 2692 1487 PCerte
2723 1433 2999 1501 quoniam
3042 1438 3097 1485 et
3134 1448 3239 1502 ego
3271 1432 3407 1486 sum
3443 1434 3597 1502 quod

1946 1502 2071 1582 ipse
2090 1503 2370 1582 quoniam
2404 1520 2537 1573 pars
2567 1504 2693 1573 ejus
2723 1504 3042 1582 sum,nullo
3066 1505 3118 1555 in
3142 1504 3335 1582 regnis
3365 1505 3493 1574 ejus
3518 1505 3602 1558 in-

1949 1575 2218 1656 signibus
2252 1575 2683 1655 indigenteaut
2723 1576 2953 1629 inﬁrmo
3002 1575 3341 1656 constituto,
3372 1576 3600 1656 vicibus

1949 1645 2121 1699 istam
2139 1646 2435 1700 miseriam
2457 1647 2837 1715 patiamur,ut
2858 1652 2911 1699 et
2933 1662 3036 1714 ego
3060 1645 3494 1715 aliquantulum
3517 1662 3599 1700 re-

1950 1718 2327 1788 quiescam,et
2348 1718 2640 1787 regnailla
2666 1718 2789 1772 sine
2810 1717 3060 1787 periculo
3086 1718 3449 1787 possintesse
3500 1734 3602 1787 pa-

1952 1795 2097 1842 rata.
2116 1792 2457 1859 Quanquam
2480 1790 2801 1843 timendum
2822 1790 2889 1842 sit
2915 1806 2982 1841 ne
3001 1790 3110 1841 ista
3126 1796 3328 1841 natura
3343 1788 3476 1842 mali
3501 1805 3604 1843 nec

1951 1860 2010 1915 in
2037 1860 2883 1932 globoipsoinelusacustodiri
2911 1861 3109 1929 possit.
3143 1861 3197 1932 Si
3231 1860 3383 1914 enim
3412 1861 3601 1914 incor-

1954 1941 2123 2003 rupta
2156 1950 2331 2003 regna
2362 1934 2637 2003 eorrupit.
2664 1938 2717 1986 et
2749 1932 3078 1985 inviolatam
3102 1931 3600 1985 Deisubstantiam

1953 2005 2210 2059 violavit:
2228 2002 2519 2074 quomodo
2538 2002 2668 2071 pars
2694 2004 2971 2067 illalueis,
2990 2002 3096 2056 hoc
3119 2010 3227 2071 est,
3244 2004 3449 2056 animae
3467 2019 3603 2073 pee-

1954 2078 2217 2139 eatrices,
2247 2093 2371 2145 quae
2406 2076 2617 2129 vitiatae
2650 2075 2819 2145 globo
2856 2075 3237 2129 custodiendo
3280 2074 3604 2144 intiguntur

1954 2150 2196 2203 inﬁrma:
2216 2164 2279 2203 ac
2310 2148 2549 2211 debiles,
2572 2148 2859 2216 quomodo
2885 2164 2993 2199 non
3015 2146 3401 2200 absorbentur
3422 2147 3493 2199 ab
3517 2163 3603 2211 ea,

1954 2226 2018 2276 ut
2037 2222 2246 2275 iterum
2265 2236 2441 2289 regna
2457 2218 3062 2286 illadivinanullojam
3079 2217 3301 2271 valente
3321 2218 3604 2271 obsistere

1955 2297 2077 2347 tota
2106 2291 2446 2346 conturbet?
2476 2290 2614 2355 Quis
2644 2290 2797 2342 enim
2824 2290 2946 2359 jam
2977 2290 3179 2343 audeat
3200 2290 3506 2358 procedere
3528 2289 3599 2342 ad

1955 2365 2194 2431 bellum,
2219 2364 2450 2433 quando
2474 2378 2603 2415 cum
2630 2361 2727 2414 illa
2761 2366 2919 2430 parte
2949 2364 3462 2433 qureprocesserat
3486 2365 3602 2433 tam

1954 2436 2151 2506 inique
2185 2429 2377 2488 actum
2409 2439 2515 2494 est,
2547 2438 2621 2506 ut
2649 2429 2907 2506 pro’ejus
2942 2431 3137 2506 requie
3169 2429 3259 2484 sui
3308 2432 3459 2506 cives
3482 2432 3501 2463 ⁶²
3532 2430 3603 2506 ad

1954 2502 2370 2579 sempiternam
2403 2505 2557 2576 globi
2581 2504 2904 2579 custodiam
2936 2502 3398 2579 damnarentur?
3421 2506 3533 2579 Aut
3558 2502 3606 2579 si

1954 2598 2067 2635 non
2089 2572 2283 2650 potest
2303 2572 2674 2650 perrumpere
2696 2575 2955 2650 globum,
2983 2580 3046 2629 ut
3077 2575 3147 2629 ad
3178 2574 3436 2650 lucidum
3458 2572 3604 2650 illud

1954 2644 2258 2707 tectorium
2290 2644 3055 2703 damnatziruniﬁanimarum
3102 2644 3413 2717 perveniat,
3465 2644 3606 2713 quid

1953 2742 2099 2795 opus
2114 2741 2239 2777 eam
2255 2727 2340 2776 est
2354 2721 2578 2791 contegi
2595 2719 2704 2773 divi
2717 2736 2919 2773 norum
2938 2716 3307 2795 damnatione
3324 2716 3609 2795 membro:

1955 2786 2202 2851 ι’ὺωῖἓὶ
2234 2800 2427 2848 autem
2461 2786 2648 2862 potest
2672 2806 3063 2862 perrumpere,
3085 2789 3341 2862 globum,
3390 2788 3521 2862 quis
3554 2786 3606 2841 ei

1955 2869 2183 2923 resistet
2206 2859 2477 2929 saucius;
2499 2864 2596 2935 qui
2622 2859 2876 2935 integros
2908 2859 3192 2935 sauciavit
3217 2859 3440 2935 l_A_bsit_
3484 2866 3604 2912 tam

1954 2940 2143 3022 gravis
2175 2944 2229 3022 et
2252 2946 2369 2991 tam
2396 2930 3185 3022 abominandablasphemia.
3219 2930 3603 3022 Noliteistam

1957 3000 2321 3081 iniquitatem
2357 3009 2424 3062 ad
2450 3012 2872 3081 auresgvestras
2906 3000 3244 3081 admittere;
3298 3002 3475 3081 nolite
3502 3000 3604 3055 tali

1955 3073 2182 3147 negotio
2204 3081 2495 3135 mortifero
2519 3077 2947 3147 vosimplicare.
2976 3076 3177 3146 Fugite
3194 3073 3603 3147 Manichmum,

1955 3162 2010 3209 et
2034 3146 2111 3209 ad
2142 3152 2397 3208 veritatis
2427 3146 2731 3205 catholicae
2756 3150 2935 3203 ubera
2975 3152 3092 3201 toto
3135 3146 3421 3201 desiderio
3467 3162 3604 3199 con-

1956 3227 2166 3283 volate.

2021 3382 2034 3414 ι
2070 3374 2429 3425 Cisterciensis
2462 3374 2577 3428 Ms.,
2608 3372 2733 3435 ipse.

2017 3442 2037 3476 ²
2066 3441 2208 3490 Idem
2243 3440 2427 3493 codex,
2459 3440 2512 3483 ut
2544 3430 2653 3497 eju’s
2681 3433 2854 3496 requie
2880 3430 3099 3497 succines
3129 3430 3200 3497 ad
3223 3431 3603 3495 sempiternam,

1955 3508 2053 3554 etc.
2092 3503 2191 3552 Alii
2222 3503 2361 3559 l\Iss.,
2399 3501 2453 3548 ut
2483 3494 2592 3561 cju's
2620 3494 2794 3560 requie
2822 3494 2953 3544 nulli
2980 3496 3059 3542 sui
3092 3494 3237 3541 cives.

190 3716 3592 3755 Μ

1057 3828 1456 3885 ΑΟΜΟΝΙΤΙΟ
1500 3829 1568 3884 IN
1608 3820 2219 3885 COMMONITORIUM
2259 3812 2730 3879 SUBSEQUENS.

1753 3956 2055 3972 —-——

266 4048 388 4106 Sub
418 4045 727 4120 Augustini
761 4043 995 4100 nomine
1023 4042 1325 4115 vulgatum
1367 4047 1455 4098 est
1480 4043 1537 4097 in
1570 4041 1901 4113 Appendice
1934 4040 2001 4095 ad
2038 4035 2323 4091 decimum
2367 4035 2591 4120 tomum
2633 4040 2872 4120 operum
2905 4019 3307 4120 S._August‘ini
3338 4016 3612 4120 editionis

189 4140 460 4214 perfectae
492 4153 644 4191 anno
678 4136 829 4191 1586.
862 4135 1024 4190 Circa
1053 4134 1208 4188 idem
1240 4136 1472 4203 tempus
1508 4132 1617 4186 fuit
1650 4130 1827 4185 etiam
1868 4130 2214 4200 procurante
2266 4118 2503 4174 Baronio
2538 4117 2590 4169 in
2636 4114 2773 4169 tomi
2826 4111 3011 4214 quip'ti
3057 4109 3368 4214 Annalium
3420 4106 3609 4214 Eccle-

190 4194 573 4287 siasticorum
606 4225 937 4297 Appendice
971 4223 1331 4295 publicatum
1359 4238 1425 4276 ex
1456 4225 1643 4275 vetere
1674 4219 1869 4273 codice
1894 4212 2226 4272 Gcrvasiani
2262 4207 2487 4275 collegii
2516 4201 2893 4275 ,Parisiensis.
2929 4200 3093 4254 Nune
3133 4199 3367 4251 domum
3420 4194 3614 4292 prodit

191 4316 561 4390 recognitum
593 4314 934 4385 diligentius
967 4313 1032 4367 ad
1067 4310 1363 4383 exemplar
1385 4310 1539 4380 quod
1573 4309 1628 4363 in
1660 4306 2007 4362 bibliotheca
2038 4303 2247 4373 reginae
2272 4296 2575 4353 Christinze
2619 4296 2934 4353 aservatur,
2968 4304 3189 4385 necnon
3228 4288 3301 4390 ad
3343 4282 3613 4390 I’rosperi

190 4408 508 4479 cujusdam
540 4421 609 4461 ex
640 4402 975 4459 Manichaeis
1006 4400 1265 4457 conversi
1302 4398 1860 4465 Anathematismos,
1895 4412 2040 4468 quos
2071 4390 2250 4448 edidit
2302 4384 2649 4443 Sirmondus
2694 4381 2750 4434 in
2786 4385 2938 4435 tomo
2989 4376 3177 4449 primo
3226 4373 3613 4430 Conciliorum

191 4496 417 4554 Galliae.

194 4592 3604 4646 ____________________________

1033 4728 2800 4901 GOMMONITORIUM

1783 4989 2044 5051 VULGO

370 5141 767 5231 SANCTI
828 5139 1457 5227 AUGUSTlNI
1536 5132 2030 5220 EPISCOPI
2111 5118 2677 5212 ECCLESUE
2746 5108 3448 5198 CATHOLIC/E,

904 5326 1183 5381 QUOMODO
1228 5325 1322 5369 SIT
1365 5323 1656 5368 AGENDUM
1702 5320 1827 5365 CUM
1870 5314 2220 5362 MANICIIJEIS
2265 5314 2363 5365 QUI
2407 5306 2907 5354 CONVERTUNTUR.

275 5576 426 5633 Cum
448 5570 769 5639 Manichmi,
793 5569 892 5641 qui
915 5570 1351 5641 convertuntur,
1377 5568 1432 5618 et
1454 5580 1600 5641 quos
1624 5561 1865 5641 poenitet

205 5651 391 5720 hujus
409 5634 1065 5720 nefandissimierroris,
1080 5634 1863 5720 anathemav‘erint‘e'am‘dem

201 5706 477 5779 haeresim
493 5716 816 5773 secundum
835 5706 1083 5768 formam
1098 5710 1248 5765 infra
1261 5710 1558 5780 scriptam,
1576 5706 1864 5761 libellum-

206 5811 327 5867 que
354 5790 578 5867 dederit
597 5787 1000 5867 unusquisque
1030 5799 1229 5867 eorum
1258 5780 1639 5867 confessionis
1670 5782 1725 5861 et
1756 5795 1867 5867 ppe-

208 5848 478 5925 nitentiw
499 5878 616 5918 sum
635 5848 811 5934 atque
831 5848 1219 5915 anathematis
1230 5870 1449 5925 eorum,
1476 5850 1748 5927 petensin
1769 5848 1867 5903 Ec-

1974 5558 2151 5613 clesia
2181 5556 2265 5611 vel
2299 5544 2827 5627 catechumeni,vel
2862 5540 3191 5627 pmnitentis
3222 5538 3411 5594 locum
3435 5532 3621 5627 isilli:

1973 5607 2161 5685 bellus
2180 5607 2599 5697 ejus'episcopo
2620 5607 2921 5691 placuerit,
2940 5608 3511 5697 eumquesucep‘erit,
3529 5607 3624 5661 det

1974 5683 2644 5772 eicpistolam'cuin'die
2676 5698 2730 5747 et
2761 5687 3019 5772 consule,
3056 5683 3117 5772 ut
3144 5683 3425 5772 neglied‘e
3458 5696 3625 5772 ερρυ-

1975 5752 2123 5829 rior‘e
2136 5752 2393 5842 tempore
2408 5768 2661 5842 aliquam
2681 5752 3121 5842 melestiamﬁel
3136 5752 3625 5842 p'u‘blieisllegibus

1974 5846 2059 5901 vel
2094 5830 2404 5917 disciplina
2436 5830 2828 5897 ecclesiastica
2856 5831 3129 5907 patiatur.
3162 5830 3230 5885 Et
3269 5830 3399 5901 post
3428 5830 3624 5897 ipsum
