4048 6446
291 344 452 404 1173

290 480 410 531 tres
428 473 788 531 substantias.
814 474 1060 530 Proinde
1084 474 1277 532 unitas
1298 476 1639 533 substantiae
1661 481 1779 533 tres
1801 479 1940 534 deos

291 546 562 621 prohibet
594 547 784 621 dicere
814 547 900 603 vel
934 548 1188 602 credere.

362 620 451 674 VI.
488 621 603 675 INT.
669 619 854 673 Deum
886 624 1002 673 tres
1027 636 1304 689 personas
1326 618 1603 687 dicimus,
1626 624 1853 674 Patrem
1881 626 1937 675 et

294 691 507 746 Filium
543 696 599 746 et
645 691 926 761 Spiritum
955 697 1249 757 sanctum,
1280 706 1460 761 quare
1491 708 1605 745 non
1637 697 1754 745 tres
1776 693 1936 758 deos,

291 779 397 817 nec
422 768 541 817 tres
563 763 1011 833 omnipotentes,
1041 779 1139 816 nec
1164 769 1282 816 tres
1306 763 1509 831 bonos,
1533 780 1637 817 nec
1666 768 1783 817 tres
1815 780 1937 818 ma-

291 849 439 905 gnos
471 834 661 889 dicere
692 836 780 889 fas
810 834 945 888 est?
976 835 1143 889 ﬁsse.
1194 834 1339 896 Quia
1378 834 1550 899 Deus,
1585 840 1637 889 et
1670 834 1937 905 omnipo-

290 912 445 969 tens,
469 909 524 959 et
546 921 816 975 magnus,
836 910 893 959 et
923 906 1195 973 bonus,et
1224 910 1496 973 aeternus,
1525 906 1938 961 substantialia

291 976 531 1032 nomina
562 984 721 1045 sunt,
756 982 811 1031 et
843 978 913 1031 ad
947 994 1008 1031 se
1040 976 1350 1043 dicuntur;
1397 977 1524 1031 ideo
1560 995 1670 1032 non
1704 977 1840 1032 licet
1870 994 1937 1033 ea

290 1048 498 1120 plurali
524 1064 765 1103 numero
788 1049 997 1116 dicere,
1015 1049 1113 1120 sed
1131 1046 1414 1119 singulari
1434 1066 1444 1101 :
1464 1054 1705 1102 etomne
1727 1066 1935 1103 nomen

290 1119 457 1191 quod
476 1121 869 1174 substantiam
895 1120 991 1173 Dei
1010 1119 1096 1171 vel
1118 1121 1431 1173 essentiam
1454 1120 1764 1190 significat,
1786 1137 1936 1174 sem-

290 1190 396 1263 per
414 1190 696 1263 singulari
718 1208 958 1245 numero
978 1192 1385 1261 proferendum
1404 1196 1509 1246 est.
1532 1197 1699 1245 Pater
1716 1198 1933 1259 autem,

290 1262 351 1317 et
374 1262 575 1333 Filius,
600 1269 654 1317 et
674 1263 925 1333 Spiritus
949 1266 1208 1327 sanctus,
1233 1263 1470 1317 relativa
1492 1267 1631 1317 sunt
1655 1264 1931 1331 nomina;

288 1339 348 1391 et
378 1334 505 1389 ideo
536 1338 655 1389 tres
689 1350 945 1404 personae
977 1340 1129 1387 recte
1158 1334 1453 1387 dicuntur.

361 1405 483 1460 VII.
510 1407 623 1460 INT.
647 1406 946 1470 Quomodo
970 1404 1208 1459 relativa
1223 1405 1249 1458 ‘2
1268 1406 1437 1459 Rasr.
1458 1405 1793 1459 Secundum
1811 1404 1935 1459 dia-

285 1476 577 1543 lecticam,
603 1477 840 1531 relativa
866 1478 1105 1531 nomina
1121 1481 1277 1544 sunt,
1299 1493 1424 1547 qua:
1443 1478 1513 1531 ad
1534 1476 1692 1531 aliud
1711 1475 1934 1545 aliquid

285 1549 661 1615 referuntur;
694 1548 849 1603 sicut
878 1548 1152 1602 dominus
1180 1549 1250 1603 ad
1283 1564 1536 1617 servum,
1561 1552 1618 1601 et
1640 1564 1840 1601 servus
1862 1547 1934 1601 ad

287 1620 594 1675 dominum
617 1637 630 1687 ;
651 1624 813 1691 pater
830 1619 899 1673 ad
922 1620 1128 1686 ﬁlium,
1149 1619 1305 1674 ﬁlius
1324 1620 1394 1673 ad
1420 1625 1664 1691 patrem.
1689 1619 1935 1673 Prorsus

286 1707 422 1746 cum
446 1691 574 1747 dico
600 1696 848 1761 patrem,
886 1691 1071 1745 ﬁlium
1114 1691 1399 1762 signiﬁco,
1424 1691 1564 1762 quia
1586 1706 1701 1745 non
1725 1696 1814 1762 est
1834 1706 1933 1759 pa-

284 1766 395 1828 ter,
429 1763 541 1817 nisi
576 1762 730 1818 filius
761 1762 838 1817 sit
867 1764 959 1816 cui
992 1762 1068 1816 sit
1098 1761 1296 1832 pater:
1330 1761 1467 1817 item
1501 1779 1613 1817 non
1642 1766 1731 1817 est
1756 1761 1932 1826 ﬁlius,

285 1834 405 1889 nisi
437 1839 599 1905 pater
629 1835 704 1889 sit
734 1834 826 1887 cui
858 1834 934 1888 sit
964 1833 1139 1905 ﬁlius.

360 1900 510 1963 VIII.
563 1906 680 1961 IN'r.
728 1905 931 1960 Utrum
981 1904 1232 1963 Spiritus
1278 1907 1517 1958 sanctus
1567 1900 1802 1957 relative
1846 1901 1932 1957 vel

284 1977 755 2032 substantialiter
783 1973 1055 2030 dicatur?
1087 1976 1255 2030 Rsse.
1282 1974 1491 2045 Utique
1514 1973 1769 2037 relative,
1796 1974 1933 2045 quia

284 2048 533 2121 spiritus
562 2048 824 2121 alicujus
844 2048 1086 2121 spiritus
1115 2052 1203 2121 est
1230 2064 1243 2100 :
1279 2047 1378 2100 sed
1412 2063 1526 2121 non
1558 2046 1709 2100 sicut
1740 2046 1796 2099 in
1822 2051 1931 2100 Pa-

283 2116 375 2175 tre
406 2126 462 2191 et
492 2120 634 2191 Filio
666 2116 961 2174 relationis
994 2119 1195 2191 regula
1224 2122 1456 2191 tenetur
1484 2116 1542 2191 in
1576 2134 1663 2191 eo.

360 2190 451 2245 IX.
475 2192 589 2246 INT.
610 2190 796 2253 Quare
818 2187 1100 2261 aequalem
1120 2208 1233 2244 non
1256 2190 1429 2243 habet
1444 2187 1747 2261 relationis
1768 2203 1932 2261 regu-

282 2262 402 2317 lam
415 2263 665 2333 Spiritus
680 2259 939 2330 sanctus,
957 2262 1107 2316 sicut
1123 2266 1357 2333 Pateret
1373 2259 1590 2314 Filius?
1605 2260 1771 2333 ﬁsse.
1786 2259 1932 2321 Quia

281 2330 645 2389 circumferri
674 2339 861 2404 potest
886 2335 1073 2387 Patris
1099 2338 1155 2386 et
1178 2332 1300 2386 Filii
1326 2348 1533 2404 nomen
1560 2330 1927 2404 adhinvicem,

282 2410 352 2460 ut
383 2406 429 2461 si
466 2402 732 2460 dicamus
769 2407 932 2460 Pater
956 2406 1080 2459 Filii
1115 2404 1300 2469 Pater,
1332 2409 1388 2459 et
1418 2402 1598 2457 Filius
1630 2402 1813 2456 Patris
1845 2403 1932 2456 Fi-

281 2476 443 2534 lius:
476 2493 588 2531 non
623 2477 704 2531 ita
746 2477 1039 2547 duplicem
1078 2475 1379 2531 relationis
1429 2474 1839 2529 circumversio
1871 2473 1929 2528 in

280 2549 521 2603 nomine
554 2548 738 2602 sancti
770 2548 1021 2618 Spiritus
1052 2547 1295 2601 inveniri
1337 2550 1545 2618 potest.

356 2619 422 2674 X.
452 2621 565 2675 [ΝΤ.
591 2622 713 2685 Qua
736 2616 1077 2674 necessitate
1100 2616 1419 2683 accidit,'ut
1444 2618 1526 2670 ita
1547 2632 1661 2670 non
1681 2616 1930 2670 circum-

280 2691 423 2746 ferri
450 2692 633 2763 possit
652 2691 902 2762 Spiritus
927 2691 1111 2745 sanoti
1136 2690 1338 2745 relatio
1359 2690 1386 2743 ?
1409 2690 1578 2763 Resp.
1612 2689 1757 2763 Quia
1779 2692 1931 2763 recte

282 2759 480 2818 dicere
520 2759 835 2834 possumus
877 2763 1158 2833 Spiritum
1200 2767 1470 2817 sanctum
1510 2760 1695 2814 Patris
1726 2765 1782 2812 et
1806 2759 1928 2834 Filii

281 2830 607 2905 Spiritum:
646 2836 744 2889 sed
779 2830 1055 2889 converso
1094 2834 1297 2888 ordine
1340 2847 1811 2905 nonpossumus
1843 2830 1929 2884 di-

280 2903 435 2973 cere,
469 2906 697 2960 Patrem
730 2906 983 2975 Spiritus
1014 2905 1219 2971 sancti,
1254 2903 1679 2958 sicutdicimus
1702 2903 1928 2957 Patrem

280 2977 432 3041 Filii,
470 2994 541 3032 ne
571 2978 685 3032 duo
719 2976 820 3030 ﬁlii
872 2977 929 3031 in
982 2984 1184 3031 sancta
1230 2976 1515 3030 Trinitate
1544 2975 1926 3028 aestimentur.

283 3050 433 3107 Item
464 3066 577 3103 non
612 3065 925 3119 possumus
956 3049 1165 3112 dicere,
1203 3047 1411 3101 Filium
1446 3046 1699 3119 Spiritus
1720 3046 1929 3111 sancti,

284 3120 441 3175 sicut
463 3118 716 3175 dicimus
741 3120 945 3174 Filium
976 3120 1183 3188 Patris,
1208 3135 1277 3173 ne
1299 3119 1414 3173 duo
1437 3123 1631 3189 patres
1654 3118 1707 3170 in
1733 3122 1932 3189 sancta

282 3191 575 3248 Trinitate
624 3191 1045 3263 intelligantur.
1102 3191 1357 3263 Dicimus
1407 3188 1600 3263 itaque
1649 3188 1931 3258 Spiritum

283 3270 560 3321 sanctum
594 3264 783 3319 Patris
814 3261 871 3318 et
901 3262 1051 3325 Filii,
1074 3263 1199 3318 sine
1223 3261 1673 3333 reciprocatione
1694 3276 1930 3315 conver-

284 3335 476 3391 sionis
508 3336 811 3390 nominum
845 3334 1242 3389 relativorum.

360 3407 457 3460 XI.
478 3407 592 3461 INT.
614 3406 821 3461 Utrum
839 3404 1245 3477 inseparabilia
1261 3404 1377 3458 sint
1390 3406 1788 3477 operasanctae
1803 3402 1930 3457 Tri-

283 3477 706 3533 nitatis?R1-:sp.
726 3478 935 3548 Utique
948 3474 1230 3548 quidquid
1247 3474 1784 3548 operaturTrinitas
1797 3491 1929 3528 san-

281 3546 893 3631 cta,inseparabiliter
915 3546 1034 3631 haac
1065 3546 1267 3631 eadem
1299 3552 1570 3631 operatur
1599 3546 1783 3631 squ-ia
1816 3562 1933 3601 una

279 3626 377 3678 est
406 3618 707 3675 Trinitatis
739 3622 1016 3691 operatio,
1050 3621 1205 3675 sicut
1226 3635 1342 3673 una
1363 3623 1450 3673 est
1471 3618 1820 3688 substantia,
1847 3634 1932 3672 es-

284 3692 479 3749 sentia
508 3696 564 3746 et
590 3692 881 3747 voluntas.

361 3764 480 3819 XII.
506 3768 621 3818 INT.
657 3764 861 3819 Utrum
892 3766 1094 3817 sancta
1114 3760 1371 3816 Trinitas
1392 3759 1449 3813 in
1474 3760 1739 3829 personis
1762 3776 1930 3829 sepa-

282 3834 491 3891 rabilis
522 3837 642 3890 sive
673 3834 1081 3906 inseparabilis
1112 3832 1358 3887 dicenda
1379 3835 1484 3899 est,
1509 3832 1648 3906 dum
1673 3830 1830 3906 aliu_s_
1845 3835 1933 3886 est

276 3908 472 3977 Pater,
491 3906 639 3961 alius
652 3902 852 3973 Filius,
871 3906 1020 3960 alius
1033 3906 1281 3975 Spiritus
1299 3904 1574 3957 sanctus?
1591 3908 1759 3977 lisse.
1786 3902 1930 3977 Vere

272 3978 432 4034 alius
455 3974 542 4033 est
569 3979 730 4033 Pater
760 3994 939 4048 quam
971 3974 1151 4031 Filius
1179 3977 1237 4030 in
1268 3992 1551 4048 persona,
1572 3974 1723 4029 sicut
1757 3974 1930 4029 Filius

272 4049 433 4106 alius
454 4055 542 4104 est
562 4049 620 4104 in
646 4046 893 4121 persona
914 4065 1089 4119 quam
1120 4048 1305 4121 Pater,
1330 4051 1387 4100 et
1405 4046 1659 4121 Spiritus
1691 4051 1929 4101 sanctus

274 4121 435 4177 alius
456 4126 545 4175 est
571 4120 630 4175 in
646 4118 904 4190 persona
934 4118 1120 4190 quam
1164 4120 1333 4173 Pater
1368 4123 1429 4190 et
1450 4118 1631 4190 Filius
1657 4134 1669 4170 :
1696 4135 1812 4171 non
1844 4125 1927 4172 ta-

275 4210 417 4249 men
439 4192 597 4247 aliud
622 4188 717 4247 ille
742 4193 828 4247 vel
852 4191 947 4246 ille
964 4188 1026 4245 in
1076 4195 1305 4255 natura,
1350 4188 1436 4243 vel
1482 4189 1539 4242 in
1565 4189 1795 4256 deitate,
1824 4189 1931 4244 'aut

274 4266 343 4320 in
368 4266 641 4320 essentia.
676 4264 790 4319 Nec
820 4264 975 4319 enim
1008 4263 1238 4317 Patrem
1265 4265 1426 4331 potes
1459 4260 1668 4324 dicere,
1700 4260 1813 4314 nisi
1843 4262 1927 4315 Fi-

277 4336 429 4391 lium
446 4334 737 4407 intelligas
755 4354 766 4403 ;
782 4351 888 4390 nec
902 4334 1179 4407 Spiritum
1194 4336 1484 4407 sanctum,
1502 4332 1615 4407 nisi
1629 4331 1929 4407 intelligas

279 4409 457 4476 cujus
488 4403 741 4479 Spiritus
773 4407 867 4461 sit.
908 4403 1187 4479 Quocirca
1236 4403 1393 4479 omni
1428 4404 1595 4479 modo
1624 4404 1929 4479 insepara-

278 4474 422 4535 bilis
443 4474 754 4534 est‘sancta
775 4480 1048 4544 Trinitas,
1073 4478 1224 4531 sicut
1244 4476 1302 4530 in
1327 4474 1619 4547 operibus,
1646 4475 1729 4529 sic
1753 4476 1927 4529 etiam

280 4552 345 4607 in
380 4551 643 4607 personis
674 4551 938 4605 dicenda.

412 4622 504 4676 III.
540 4624 654 4677 Iu'r.
688 4622 741 4677 Si
776 4622 847 4677 ad
879 4619 1062 4677 solam
1095 4616 1283 4672 Patris
1312 4632 1620 4687 personam
1646 4616 1931 4685 pertineat

276 4694 438 4766 quod
469 4694 705 4761 dicitur,
737 4694 842 4762 Qui
868 4694 1003 4766 facit
1034 4690 1319 4766 mira-bitrio
1348 4705 1551 4766 magna
1580 4690 1724 4766 solus
1756 4690 1926 4766 (Psql.

280 4760 436 4834 ixxr,
466 4766 553 4834 18)
578 4768 598 4819 P
625 4760 1040 4835 et’Apostolus,
1076 4762 1181 4831 Qui
1209 4762 1380 4835 solus
1401 4760 1561 4813 habet
1600 4761 1928 4835 immortali-

281 4830 803 4909 tatem(I'Tz'm.v'1,
853 4835 978 4909 16)?
1029 4830 1201 4909 Resp.
1253 4830 1599 4909 N_ullatenu_s
1640 4833 1710 4886 ad
1744 4832 1927 4909 solam

285 4908 475 4967 Patris
490 4902 797 4979 personam
817 4902 1242 4979 pertinendum
1263 4902 1478 4957 dicitur
1495 4902 1655 4957 solus
1676 4910 1845 4979 Deus,
1862 4904 1929 4958 si-

279 4996 353 5035 ve
375 4981 433 5033 in
454 4976 631 5047 Novo,
657 4980 777 5035 sive
799 4976 856 5032 in
884 4978 1073 5033 Veteri
1095 4976 1497 5047 Testamento,
1512 4979 1569 5029 et
1591 4977 1740 5045 quod
1778 4976 1929 5031 Deus

282 5050 452 5109 solus
474 5052 592 5106 sive
615 5045 723 5106 hoc
744 5051 862 5106 sive
908 5049 1051 5103 illud
1102 5048 1311 5102 habeat
1348 5046 1435 5101 vel
1478 5045 1686 5100 faciat:
1723 5048 1822 5101 sed
1859 5048 1929 5102 ad

284 5128 470 5179 totam
496 5122 839 5178 Trinitatem
865 5127 1150 5185 sanctam,
1176 5134 1303 5188 qua:
1327 5123 1415 5173 est
1442 5135 1595 5172 unus
1624 5117 1775 5172 Deus
1806 5135 1930 5173 om-

286 5195 581 5266 nipotens,
610 5197 807 5249 omnia
838 5193 1053 5266 faciens
1084 5206 1209 5261 quae
1253 5190 1319 5266 in_
1343 5188 1485 5243 coelo
1512 5197 1564 5243 et
1596 5189 1654 5243 in
1686 5195 1858 5266 terra.

362 5261 507 5320 XIV.
542 5261 655 5321 Iiv'r.
689 5266 987 5330 Quomodo
1038 5265 1243 5317 beatus
1290 5261 1544 5315 Joannes
1577 5262 1931 5332 evangelista

287 5337 452 5407 dicit,
490 5342 665 5392 Deum
694 5354 853 5391 nemo
884 5338 1020 5391 vidit
1042 5350 1285 5405 unquam
1306 5334 1487 5407 (Joan.
1514 5334 1713 5407 1,18)?
1734 5339 1789 5387 et
1811 5334 1933 5401 ipse

290 5405 578 5465 Dominus
611 5410 665 5463 in
701 5410 813 5463 alio
844 5408 989 5471 loco,
1025 5408 1185 5460 Beati
1214 5405 1418 5457 mundo
1450 5405 1633 5467 corde,
1670 5408 1935 5475 quoniam

287 5481 400 5563 ipsi
433 5485 605 5536 Deum
636 5481 894 5563 videbunt
925 5479 1131 5605 ῗναζιὴ.
1162 5494 1214 5542 ν,
1237 5477 1293 5543 8)
1316 5476 1343 5530 Ῠ
1367 5480 1422 5529 et
1452 5476 1760 5557 Apostolus
1784 5477 1933 5560 invi-

290 5551 516 5605 sibilem
544 5552 727 5605 Deum
750 5553 921 5605 diClU
988 5552 1122 5605 sz.
1150 5565 1187 5605 1.
1218 5548 1281 5600 17
1304 5547 1331 5601 ‘I
1356 5547 1523 5602 Rssr.
1562 5547 1748 5601 Videri
1778 5565 1933 5604 enim

290 5547 516 5607 sibilem
544 5552 727 5606 Deum
750 5552 887 5605 dicit
908 5547 953 5618 (Ι
988 5552 1122 5605 Tim.
1150 5565 1187 5614 1,
1218 5548 1281 5600 17
1304 5547 1331 5601 ‘I
1356 5547 1523 5602 Rssr.
1562 5547 1748 5601 Videri
1778 5548 1933 5604 enim

290 5628 479 5695 potest
502 5623 678 5686 Deus,
703 5623 755 5676 id
783 5627 893 5687 est,
917 5619 1164 5695 intelligi
1197 5619 1521 5695 secundum
1564 5636 1681 5673 suae
1714 5620 1932 5675 donum

288 5691 513 5767 gratiae,
539 5696 657 5750 sive
670 5696 742 5748 ab
757 5692 1009 5767 Angelis,
1027 5692 1145 5745 sive
1160 5692 1232 5745 ab
1247 5691 1556 5744 animabus
1574 5696 1930 5767 sanctorum:

330 5766 521 5821 lenam
546 5784 677 5821 vero
701 5764 1023 5820 divinitatis
1050 5768 1318 5816 naturam
1344 5779 1448 5817 nec
1485 5763 1727 5833 angelus
1760 5764 1934 5834 quili-

331 5785 521 5821 tenam
546 5785 677 5821 vero
701 5785 1023 5820 οινιηιιᾶιιδ
1051 5785 1318 5816 naturam
1345 5785 1448 5817 ΠΕΟ
1485 5785 1727 5833 angelus
1760 5785 1932 5834 qum-

288 5785 405 5903 Bet,
441 5855 546 5894 nec
575 5834 1445 5909 sanctorum;aliquisperfecte
1479 5834 1799 5909 intelligere
1833 5854 1932 5909 po-

287 5910 426 5971 terit
453 5910 582 5970 ideo
611 5904 1220 5985 incomprehensibilis
1251 5905 1465 5963 dicitur
1492 5906 1665 5965 Deus.

1108 342 1623 415 QUAZSTIONES
1670 346 1772 405 DE
1815 346 2242 408 THINITATE
2287 348 2387 409 ET
2433 347 2534 407 DE
2580 345 2884 408 GENESI.

3545 348 3697 407 1174

2121 477 2235 533 XV.
2262 480 2376 534 INT.
2402 479 2563 545 Quod
2588 478 2809 534 sanctis
2831 477 3518 550 summumpromittitur
3549 496 3692 550 pree-

2049 550 2236 604 mium
2270 555 2485 605 aeterna
2518 551 2615 605 Dei
2654 551 2823 616 visio,
2855 567 2929 605 an
2963 549 3260 621 mqualiter
3300 549 3576 605 videbunt
3606 551 3691 607 vel

2047 620 2423 693 intelligent?
2457 624 2627 677 Rese.
2664 622 3007 676 Nullatenus
3032 620 3342 692 aequaliter
3371 639 3573 677 omnes
3606 624 3692 677 vel

2050 694 2249 765 Angeli
2276 694 2359 747 vel
2382 694 2590 747 animae
2616 699 2946 747 sanctorum
2974 694 3155 747 Deum
3180 693 3264 747 vel
3289 711 3441 747 nunc
3470 695 3688 765 vident,

2048 764 2133 819 vel
2168 770 2299 833 post
2343 766 2826 820 resurrectionem
2861 766 3141 819 videbunt
3170 780 3180 818 :
3235 766 3333 819 sed
3368 764 3691 821 secundum

2047 836 2341 891 donatoris
2368 836 2863 907 dispensationem
2888 842 2943 891 et
2965 838 3303 890 meritorum
3325 837 3687 906 qualitatem.

2048 907 2463 978 Unusquisque
2486 915 2681 962 tamen
2701 908 3087 963 sufﬁcientem
3108 908 3164 961 in
3184 910 3311 976 ejus
3328 908 3547 963 visione
3567 910 3691 963 suis

2046 980 2268 1034 meritis
2292 979 2529 1033 habebit
2546 979 2989 1048 beatitudinem,
3013 996 3115 1033 nec
3137 979 3266 1049 plus
3282 986 3690 1050 qureretquam

2050 1052 2302 1113 habebit,
2340 1068 2443 1105 nec
2476 1068 2536 1105 se
2570 1052 2763 1104 minus
2796 1050 3008 1105 habere
3038 1068 3213 1121 quam
3264 1051 3415 1105 volet
3444 1052 3684 1107 dolebit.

2122 1123 2265 1176 XVI.
2298 1124 2414 1177 INT.
2439 1125 2521 1176 An
2547 1122 2765 1191 aliquid
2800 1122 2976 1176 distet
3014 1122 3069 1175 in
3113 1128 3245 1189 Deo,
3287 1139 3434 1187 esse,
3477 1123 3685 1191 vivere,

2045 1193 2388 1264 intelligere,
2417 1211 2586 1265 posse
2604 1195 2629 1248 ’ἶ
2648 1192 2823 1248 Rsse.
2840 1193 3191 1265 Nullatenus
3215 1192 3369 1247 aliud
3390 1199 3478 1248 est
3498 1194 3687 1265 inDeo

2043 1280 2192 1331 esse,
2227 1265 2384 1320 aliud
2418 1264 2622 1334 Vivere,
2668 1265 2755 1319 vel
2799 1264 2954 1319 aliud
3010 1265 3353 1335 intelligere,
3406 1265 3491 1319 vel
3527 1264 3686 1320 aliud

2045 1353 2215 1417 posse
2232 1353 2253 1417 ’τ
2281 1337 2418 1417 quia
2444 1338 2677 1417 Deuseo
2704 1337 2829 1407 ipso
2853 1352 2967 1417 quo
3001 1343 3116 1417 est,
3158 1336 3295 1389 vivit
3321 1356 3334 1401 ;
3382 1343 3439 1391 et
3479 1353 3544 1391 eo
3572 1354 3686 1407 quo

2042 1408 2199 1474 vivit,
2228 1408 2539 1479 intelligit;
2565 1413 2622 1462 et
2650 1424 2714 1462 eo
2737 1425 2851 1479 quo
2876 1407 3169 1478 intelligit,
3196 1414 3383 1478 potest
3406 1412 3461 1461 et
3483 1425 3546 1462 eo
3570 1426 3686 1479 quo

2045 1484 2252 1550 potest,
2273 1486 2392 1534 est:
2414 1478 2551 1550 quia
2570 1478 2819 1549 simplex
2835 1479 3064 1533 deitatis
3085 1486 3292 1550 natura
3310 1496 3492 1532 unum
3513 1478 3688 1535 habet

2043 1566 2189 1613 esse,
2223 1549 2443 1615 vivere,
2469 1550 2811 1621 intelligere,
2843 1554 2899 1605 et
2939 1549 3135 1604 omnia
3184 1556 3390 1620 potest.
3425 1551 3533 1604 Sed
3568 1568 3683 1606 non

2044 1628 2132 1676 est
2161 1623 2241 1676 ita
2272 1622 2328 1676 in
2362 1622 2552 1677 nobis.
2587 1620 2726 1675 dum
2759 1620 2915 1675 aliud
2951 1628 3038 1675 est
3067 1622 3124 1675 in
3150 1627 3359 1675 natura
3381 1626 3580 1676 nostra
3600 1624 3683 1675 vi-

2041 1710 2199 1773 vere,
2224 1692 2381 1748 aliud
2414 1668 2755 1773 intelligere,
2784 1692 2941 1747 aliud
2969 1708 3155 1763 posse.
3186 1692 3245 1747 In
3268 1693 3384 1747 Deo
3409 1710 3538 1748 vero
3562 1692 3682 1749 haec

2043 1765 2241 1820 omnia
2271 1782 2453 1819 unum
2486 1770 2659 1835 atque
2690 1765 2843 1818 idem
2886 1769 3040 1819 sunt.

2114 1836 2280 1891 XVII.
2306 1836 2421 1891 INT.
2448 1833 2649 1893 Utrum
2681 1836 2751 1890 de
2784 1834 2926 1889 Filio
2958 1836 3108 1889 sicut
3137 1833 3355 1888 dicitur
3380 1833 3578 1889 lumen
3612 1835 3682 1889 de

2040 1906 2281 1976 lumine,
2312 1908 2463 1963 Deus
2522 1908 2590 1962 de
2644 1908 2781 1972 Deo,
2835 1912 3025 1977 potest
3074 1905 3187 1959 dici
3217 1906 3588 1976 omnipotens
3614 1908 3684 1960 de

2040 1980 2461 2050 omnipotente,
2492 1980 2681 2050 bonus
2705 1981 2774 2031 de
2801 1979 2971 2050 bono,
3000 1993 3249 2050 magnus
3271 1978 3341 2031 de
3368 1994 3600 2050 magno,
3629 1982 3685 2032 et

2040 2048 2245 2104 cratera
2268 2050 2403 2103 talia
2423 2052 2450 2104 ‘I
2472 2055 2632 2104 Ense.
2670 2049 3033 2120 Regulariter
3064 2048 3262 2118 utique
3290 2052 3483 2103 tenere
3511 2049 3681 2103 debe-

2041 2138 2196 2185 mus,
2219 2123 2372 2191 quod
2397 2122 2593 2175 omnia
2614 2126 2833 2175 natura:
2858 2121 3095 2175 nomina
3117 2120 3417 2190 aequaliter
3436 2121 3505 2174 de
3540 2120 3682 2175 Filio

2039 2192 2148 2246 dici
2176 2198 2424 2262 possunt
2444 2194 2593 2247 sicut
2616 2193 2685 2246 de
2705 2192 2869 2247 Patre
2892 2209 2904 2245 :
2926 2193 2978 2245 id
3001 2197 3110 2254 est,
3131 2192 3281 2245 sicut
3300 2191 3513 2245 dicitur
3531 2192 3683 2247 Deus

2039 2264 2109 2318 de
2142 2264 2275 2329 Deo,
2309 2265 2505 2319 lumen
2540 2265 2608 2317 de
2641 2263 2898 2327 lumine;
2937 2264 3017 2316 ita
3048 2264 3356 2316 dicendum
3385 2269 3473 2317 est
3494 2264 3684 2318 omni-

2039 2340 2245 2406 potens
2277 2337 2346 2389 de
2388 2336 2821 2405 omnipotente;
2874 2335 3065 2406 bonus
3111 2335 3181 2387 de
3231 2336 3401 2398 bono,
3436 2351 3683 2405 magnus

2038 2404 2108 2462 de
2143 2422 2391 2477 magno;
2428 2408 2525 2462 sed
2560 2404 2675 2460 non
2707 2406 2789 2460 ita
2818 2407 2875 2459 in
2910 2404 3182 2477 relativis.

2109 2473 2301 2533 XVIII.
2338 2480 2451 2533 lyr.
2488 2479 2599 2533 Sed
2638 2478 2929 2547 quomodo
2960 2478 3016 2529 in
3054 2473 3310 2547 relativis
3342 2474 3682 2531 nominibus

2039 2548 2349 2604 dicendum
2381 2549 2512 2604 est?
2559 2546 2721 2603 Haer.
2746 2549 2869 2603 Non
2889 2564 3203 2618 possumus
3222 2546 3410 2600 dicere
3430 2547 3680 2601 Verbum

2038 2622 2109 2675 de
2132 2623 2338 2686 Verbo,
2366 2621 2502 2692 quia
2528 2620 2829 2675 relativum
2855 2636 3062 2674 nomen
3096 2625 3185 2672 est
3212 2618 3488 2692 Verbiim,
3524 2619 3679 2692 quod

2040 2692 2201 2747 solus
2225 2699 2313 2747 est
2338 2689 2549 2757 Filius;
2584 2693 2733 2746 sicut
2763 2692 3013 2745 dicimus
3044 2692 3223 2745 Deum
3258 2690 3325 2743 de
3358 2689 3497 2757 Deo,
3526 2690 3679 2761 quod

2038 2781 2151 2819 non
2176 2770 2264 2818 est
2286 2765 2443 2819 solus
2468 2764 2674 2817 Filius:
2698 2762 3136 2831 neclmaginem
3158 2762 3226 2815 de
3245 2761 3680 2832 Imagine,quia

2039 2836 2198 2890 solus
2223 2841 2310 2890 est
2332 2835 2511 2889 Filius
2555 2836 2748 2905 Imago
2787 2835 2857 2905 (II
2899 2836 3017 2887 Cor.
3063 2851 3137 2899 1v,
3167 2834 3197 2886 4
3225 2858 3237 2897 ;
3265 2832 3455 2887 Coloss.
3487 2850 3523 2897 1,
3552 2833 3678 2905 15);

2039 2908 2191 2962 sicut
2215 2907 2466 2961 dicimus
2491 2903 3045 2965 lumen—delumine,
3072 2905 3226 2972 quod
3260 2919 3373 2956 non
3407 2909 3494 2957 est
3522 2903 3681 2958 solus

2042 2978 2220 3033 Filius
2251 2978 2389 3033 quia
2420 2977 2807 3032 substantiale
2840 2993 3052 3031 nomen
3084 2982 3171 3030 est
3202 2976 3417 3028 lumen.

2108 3050 2238 3105 XIX.
2266 3044 2379 3104 INT.
2405 3049 2702 3120 Numquid
2727 3048 2879 3103 aliud
2900 3050 3104 3120 lumen
3128 3052 3215 3120 est
3240 3046 3419 3120 Pater,
3444 3049 3499 3098 et
3520 3044 3677 3099 aliud

2040 3121 2217 3202 gilius
2236 3125 2255 3175 Ρ
2271 3126 2432 3202 Ριξξι).
2457 3117 2837 3202 Nequaquam
2862 3119 3040 3202 aliud,
3063 3119 3161 3202 sed
3180 3134 3361 3202 unum
3384 3117 3683 3202 lumenest

2043 3192 2207 3248 Pater
2227 3199 2282 3247 et
2306 3192 2503 3259 Filius,
2530 3187 2821 3246 sicut‘una
2844 3190 3195 3245 substantia.
3224 3190 3354 3243 Ideo
3376 3194 3525 3243 recte
3545 3187 3683 3242 dici-

2040 3268 2138 3319 tur
2160 3264 2354 3318 Iumen
2380 3265 2449 3318 de
2472 3264 2713 3327 lumine,
2738 3264 2891 3317 sicut
2914 3268 3063 3316 Deus
3085 3262 3154 3315 de
3186 3261 3320 3315 Deo.
3343 3260 3502 3314 Sicut
3525 3259 3679 3313 enim

2040 3353 2194 3389 unus
2224 3343 2313 3391 est
2343 3336 2497 3390 Deus
2530 3336 2698 3389 Pater
2727 3340 2783 3389 et
2812 3334 3008 3397 Filius,
3042 3334 3121 3386 ita
3154 3348 3340 3385 unum
3375 3332 3591 3385 lumen.

2110 3408 2222 3462 XX.
2266 3409 2377 3461 INT.
2422 3408 2711 3477 Legimus,
2764 3404 3036 3477 Apostolo
3087 3404 3359 3477 dicentet
3386 3402 3678 3477 Christum

2043 3479 2138 3533 Dei
2170 3495 2297 3533 esse
2326 3474 2599 3533 virtutem
2634 3483 2689 3533 et
2720 3474 2829 3531 Dei
2866 3476 3212 3547 sapientiam
3248 3477 3300 3547 (li
3326 3474 3445 3527 Cvr.
3484 3492 3516 3536 ι,
3538 3474 3678 3547 2/1);

2040 3550 2323 3620 numquid
2354 3551 2517 3604 Pater
2540 3566 2653 3603 non
2678 3549 2853 3602 habet
2884 3545 3025 3601 inse
3057 3545 3427 3620 sapientiam,
3451 3546 3545 3620 vel
3569 3546 3683 3620 v_ir:

2039 3614 2249 3687 tutem,
2276 3620 2388 3675 nisi
2412 3622 2468 3675 in
2496 3620 2657 3687 Filio,
2683 3636 2853 3690 quem
2881 3614 3194 3690 Apostolus
3219 3615 3561 3690 sapientiam
3584 3614 3685 3669 Dei

2039 3698 2096 3747 et
2123 3694 2391 3746 virtutem
2432 3686 2802 3746 nominavit?
2832 3686 2999 3744 Resp.
3022 3688 3262 3743 Plurimi
3296 3688 3375 3739 ita
3422 3686 3681 3741 arianam

2039 3765 2349 3819 destruunt
2368 3764 2748 3834 impietatem.
2770 3762 3028 3816 dicentes
3046 3760 3291 3830 impium
3308 3775 3434 3834 esse
3454 3759 3685 3834 credere

2042 3853 2302 3907 unquam
2330 3830 2506 3889 Deum
2534 3835 2756 3907 Patrem
2789 3849 2917 3907 esse
2948 3834 3073 3887 sine
3097 3830 3553 3907 _sua_sapientia,
3585 3834 3687 3883 aut

2043 3902 2167 3963 sine
2194 3924 2303 3962 sua
2330 3907 2560 3961 virtute.
2594 3906 2697 3960 Sed
2734 3904 2944 3959 melius
2975 3909 3063 3958 est
3095 3902 3415 3972 intelligere
3452 3906 3681 3956 Patrem

2040 3996 2167 4035 esse
2182 3978 2529 4049 sapientiam
2545 3983 2600 4031 et
2613 3977 3033 4043 virtutem;imo
3048 3975 3391 4049 etSpiritum
3411 3979 3681 4027 sanctum

2040 4045 2387 4122 sapientiam
2414 4056 2470 4104 et
2490 4050 2764 4103 virtutem
2790 4066 2802 4102 :
2824 4065 2938 4122 non
2962 4054 3154 4122 tamen
3180 4052 3299 4099 tres
3319 4045 3563 4122 virtutes
3578 4060 3682 4098 nec

2038 4116 2157 4177 tres
2189 4121 2538 4202 sapientiae;
2574 4122 2712 4202 quia
2742 4120 3028 4202 sapientia
3058 4116 3445 4199 substantiale
3468 4132 3681 4202 nomen

2037 4198 2147 4261 est,
2182 4186 2335 4247 sic-ut
2364 4186 2570 4247 virtus.
2592 4186 2718 4247 'Nec
2748 4186 2906 4245 aliud
2956 4195 3046 4244 est
3094 4190 3151 4242 in
3186 4194 3296 4261 Deo
3340 4204 3489 4256 esse,
3523 4186 3679 4240 aliud

2037 4260 2259 4335 sapere,
2294 4263 2449 4319 aliud
2486 4280 2689 4335 posse:
2724 4264 2826 4318 sed
2873 4278 3057 4316 unum
3106 4265 3193 4314 est
3243 4260 3358 4315 Deo
3404 4274 3553 4329 esse,
3586 4275 3680 4313 sa-

2044 4354 2197 4408 pere,
2233 4352 2421 4407 posse.

2111 4399 2253 4461 ΧΧΙῙ
2284 4408 2398 4461 ΙΝΤ.
2430 4404 2634 4460 Utrum
2666 4405 2735 4459 ad
2771 4404 2955 4460 solam
2988 4400 3171 4457 sancti
3199 4399 3455 4471 Spiritus
3481 4415 3683 4470 perso-

2040 4496 2173 4533 nam
2210 4479 2494 4549 pertineat
2524 4476 2798 4542 charitas,
2834 4477 2972 4549 dum
3008 4470 3317 4549 apostolus
3352 4470 3511 4549 dicit,
3544 4472 3684 4549 Deus

2036 4542 2279 4604 charz't'as
2308 4554 2385 4603 est
2415 4549 2458 4619 (I
2490 4549 2644 4603 Joan.
2687 4564 2765 4614 1v,
2819 4548 2934 4619 16),
2978 4542 3073 4613 qui
3125 4544 3368 4619 dilectio
3410 4542 3594 4619 Patris
3627 4547 3684 4597 et

2042 4622 2165 4676 Filii
2189 4638 2315 4675 esse
2343 4615 2592 4689 legitur?
2613 4620 2782 4673 RESP.
2806 4617 3154 4673 Nullatenus
3175 4616 3254 4670 ita
3277 4615 3681 4689 Spiritussan-

2040 4699 2168 4771 ctus
2183 4685 2823 4771 Icharitasinthelligitur,
2840 4690 3007 4771 quasi
3025 4706 3136 4743 non
3156 4689 3418 4771 sit‘Pater
3432 4691 3485 4739 et
3506 4685 3682 4771 [filius

2040 4764 2311 4819 charitas.
2348 4764 2509 4818 Sicut
2533 4756 2785 4833 Spiritus
2817 4756 3063 4833 sanctus
3088 4766 3175 4833 est
3206 4758 3484 4821 charitas,
3517 4756 3597 4811 ita
3627 4763 3683 4811 et

2040 4838 2205 4891 Pater
2228 4840 2313 4889 est
2336 4831 2609 4901 charitas,
2636 4839 2691 4887 et
2713 4833 2893 4889 Filius
2915 4838 3001 4886 est
3022 4831 3277 4885 charitas
3302 4846 3313 4883 :
3342 4846 3456 4901 non
3482 4834 3678 4901 tamen

2038 4912 2155 4962 tres
2178 4908 2512 4972 charitates,
2538 4900 2637 4961 sed
2664 4922 2781 4961 una
2818 4906 3094 4960 charitas.
3139 4903 3248 4957 Sed
3274 4900 3409 4970 quia
3429 4900 3680 4971 Spiritus

2039 4984 2279 5035 sanctus
2312 4980 2530 5033 donum
2587 4979 2680 5032 Dei
2730 4976 2961 5047 proprie
3006 4974 3218 5047 dicitur
3267 4974 3399 5041 (Act.
3437 4988 3498 5047 1i,
3532 4972 3599 5025 38
3628 4979 3683 5026 et

2038 5068 2160 5119 vui,
2192 5052 2305 5121 20),
2342 5054 2397 5105 et
2429 5049 2655 5121 nullum
2688 5044 2785 5121 Dei
2816 5044 3032 5121 donum
3057 5046 3336 5099 charitate
3362 5044 3551 5121 majus
3574 5047 3681 5112 est,

2042 5115 2159 5176 imo
2191 5115 2317 5175 sine
2337 5138 2402 5176 eo
2425 5120 2652 5175 nullum
2678 5120 2897 5174 donum
2922 5119 2988 5173 ad
3019 5123 3356 5188 perpetuam
3381 5115 3681 5188 hominem

2041 5195 2327 5249 deducere
2380 5194 2591 5264 poterit
2620 5186 3085 5264 beatitudinem,
3117 5186 3685 5264 A’proindemSpiritus

2043 5272 2282 5321 sanctus
2314 5258 2545 5334 proprie
2575 5262 2787 5317 dicitur
2824 5261 3077 5334 Charitas
3110 5260 3281 5334 (Rom.
3308 5275 3361 5334 v,
3392 5258 3468 5326 5).

2114 5337 2277 5391 XXII.
2306 5328 2735 5403 Iam-Numquid
2763 5333 2925 5404 impii
2950 5333 3100 5386 dona
3126 5331 3218 5384 Dei
3245 5328 3684 5404 habent?iRssr.

2045 5408 2272 5463 Habent
2294 5408 2492 5478 utique
2524 5400 2795 5478 per—eum,
2822 5400 2919 5477 qui
2946 5404 3487 5478 illuminiatomnein
3503 5400 3683 5478 homi-

2044 5496 2176 5535 nem
2203 5471 2608 5533 venien'tem'in
2636 5477 2792 5531 hunc
2824 5471 3109 5532 mundum
3139 5476 3311 5543 (Joun.
3351 5490 3385 5539 ι,
3418 5471 3492 5541 9).
3530 5472 3589 5525 In
3623 5490 3687 5525 eo

2043 5553 2200 5607 enim
2236 5567 2463 5609 sumus.
2497 5565 2817 5615 movemur,
2851 5553 2907 5603 et
2934 5546 3185 5601 vivimus
3229 5546 3361 5611 (Act.
3407 5560 3544 5607 xvn,
3573 5544 3685 5615 ‘28).

2047 5626 2201 5678 Bona
2218 5627 2357 5676 sunt
2378 5622 2532 5676 enim
2557 5622 2710 5674 dona
2736 5614 2830 5673 Dei
2855 5622 2937 5674 eis
2961 5618 3059 5689 qui
3093 5618 3236 5671 bene
3269 5620 3518 5689 utuntur
3548 5614 3684 5689 illis.

2047 5696 2179 5750 Ideo
2229 5694 2481 5747 charitas
2527 5691 2822 5761 singulare
2870 5688 3063 5746 est’in
3097 5689 3316 5761 sanctis
3349 5688 3590 5761 donum,
3625 5688 3683 5740 in

2044 5764 2291 5837 quaﬁﬁlii
2327 5765 2423 5820 Dei
2459 5758 2871 5837 discernuntur
2902 5779 2934 5815 a
2966 5761 3103 5815 [iliis
3137 5758 3474 5837 impietatis.

2114 5836 2307 5891 XXIII.
2345 5838 2449 5891 Ivr.
2485 5840 2674 5901 Quare
2730 5836 2777 5889 si
2832 5835 2986 5889 Deus
3040 5837 3194 5888 totus
3225 5827 3590 5903 ’ubiqueest,
3625 5827 3684 5881 in

2052 5908 2194 5966 coelo
2223 5908 2437 5965 dicitur
2466 5900 2654 5981 magis
2683 5906 2949 5966 habitare
2980 5922 3159 5979 quam
3188 5904 3249 5962 in
3281 5900 3481 5961 terra?
3510 5900 3691 5957 Rssr.
