4048 6460
345 342 501 404 1175

349 472 497 541 Quia
519 471 707 544 major
721 475 810 527 est
830 470 1084 543 cognitio
1098 470 1153 525 in
1172 471 1389 527 sanctis
1407 470 1644 543 Angelis
1666 470 1999 544 animabus-

352 542 823 617 queisanctorum
850 542 1194 617 divinitatis,
1221 560 1352 598 cum
1388 542 1693 617 sint’apud
1727 549 1906 617 Deum
1940 542 1999 596 in

355 615 537 685 caelis,
563 631 736 686 quam
762 616 819 669 in
844 616 1012 670 terris
1035 633 1047 645 ο
1070 615 1223 669 sicut
1240 617 1395 669 enim
1416 617 1471 671 in
1497 616 1603 670 hoc
1626 615 1857 669 mortali
1877 630 2000 668 cor-

356 705 492 762 pore
505 685 743 762 quidam
761 687 948 762 magis
968 685 1997 762 intelliguntdivinamsubstantiam,

354 758 592 832 quidam
616 759 844 824 minus;
867 758 951 832 lta_
971 761 1027 812 et
1045 759 1100 832 i_n
1118 758 1259 832 ctelo
1276 761 1462 832 magis
1481 759 2001 832 diciturDeusesse

354 829 533 903 quam
570 829 630 883 in
656 835 827 903 terra,
854 829 993 903 quia
1017 829 1247 903 plenius
1270 830 1533 903 ejusdem
1559 829 1997 903 substantiain-

350 899 635 973 felligitur
652 901 723 955 ab
746 899 1240 955 inhabitatoribus
1256 899 1380 956 caeli
1401 919 1574 973 quam
1589 909 1755 955 terra
1770 899 1996 954 incolis.

420 979 611 1036 XXIV.
648 979 763 1035 INT.
796 979 849 1033 Si
884 996 1001 1033 una
1048 981 1377 1035 substantia
1418 987 1505 1036 est
1534 985 1704 1034 Pater
1731 985 1787 1034 et
1817 978 1995 1033 Filius

355 1056 413 1132 et
443 1050 699 1132 Spiritus
731 1056 991 1132 sanctus,
1025 1068 1204 1132 quare
1237 1052 1397 1107 solus
1448 1051 1627 1132 Fiiius
1657 1052 1996 1132 incarnatus

355 1121 608 1179 dicitur?
631 1123 795 1195 Resp.
824 1124 967 1195 Quia
989 1121 1105 1177 alia
1125 1128 1213 1195 est
1235 1139 1484 1195 persona
1504 1123 1628 1178 Filii
1655 1121 1996 1195 aliafatris,

357 1195 472 1250 alia
494 1194 748 1266 Spiritus
770 1194 977 1248 sancti.
1006 1195 1072 1249 Et
1092 1194 1216 1248 sola
1236 1192 1477 1266 quidem
1504 1210 1749 1265 persona
1770 1192 1896 1266 Filii
1916 1194 1999 1246 in-

356 1264 597 1322 carnata
616 1270 723 1327 est,
746 1270 1022 1336 cperante
1043 1270 1234 1320 tamen
1255 1264 1520 1321 eamdem
1539 1264 1998 1336 incarnationem

356 1342 479 1394 tota
497 1341 703 1391 sancta
715 1335 1021 1401 Trinitate.
1038 1338 1207 1407 cujus
1224 1353 1400 1407 opera
1412 1335 1995 1409 suntinseparabilia.

428 1415 744 1487 XXV.INT.
782 1416 961 1469 Deum
1014 1414 1073 1469 in
1121 1416 1394 1487 Symbolo
1445 1414 1730 1487 catholico
1779 1412 1999 1487 cantari

360 1487 510 1543 solet
528 1486 627 1542 Dei
659 1486 867 1541 Filium
899 1487 969 1541 de
999 1485 1216 1557 Spiritu
1250 1493 1450 1542 sancto
1481 1493 1537 1542 et
1569 1486 1751 1542 Maria
1779 1485 2002 1557 virgine

360 1559 731 1614 incarnatum
750 1582 763 1623 ;
779 1574 959 1629 quare
973 1575 1083 1613 non
1102 1558 1503 1630 diciturFilius
1520 1559 1772 1630 Spiritus
1794 1557 1998 1630 sancti,

362 1630 516 1685 sicut
532 1629 745 1685 dicitur
760 1630 938 1700 beatas
960 1629 1251 1700 Virginis?
1265 1630 1435 1685 RESP.
1456 1629 1579 1684 Non
1599 1630 1801 1699 utique
1820 1629 1902 1683 sic
1933 1629 2003 1683 de

358 1701 458 1757 illo
478 1702 630 1756 sicut
646 1701 716 1755 de
734 1699 834 1754 illa
848 1704 1020 1755 natus
1038 1699 1126 1755 est
1145 1700 1324 1755 Filius
1342 1701 1459 1757 Dei.
1478 1701 1557 1756 De
1571 1701 1666 1755 illa
1691 1700 2001 1771 siquidem,

364 1773 423 1827 id
447 1776 556 1842 est,
580 1781 779 1827 sancta
798 1772 1033 1843 Virgine
1064 1776 1238 1827 natus
1277 1777 1365 1827 est
1404 1772 1584 1827 Filius
1625 1771 1722 1826 Dei
1753 1770 1905 1827 sicut
1934 1770 2004 1843 de

365 1849 589 1899 matre:
617 1859 729 1897 non
755 1842 966 1913 deillo,
991 1843 1050 1898 id
1091 1848 1197 1913 est,
1239 1843 1453 1915 Spiritu
1496 1848 1719 1910 sancto,
1753 1843 1906 1915 sicut
1936 1842 2005 1895 de

364 1920 548 1988 patre,
576 1931 648 1970 ne
676 1916 790 1969 duo
818 1919 1009 1984 patres
1032 1914 1364 1970 dicerentur
1385 1915 1441 1969 in
1467 1919 1669 1970 sancta
1700 1914 2001 1969 Trinitate.

435 1994 622 2049 XXVI.
661 1995 771 2050 IN'r.
804 1993 864 2050 Si
914 2010 1031 2049 una
1082 1999 1292 2048 natura
1339 1999 1427 2049 est
1462 1994 1647 2049 Patris
1681 1997 1738 2047 et
1771 1992 1914 2060 Filii,
1948 1996 2007 2047 et

367 2065 546 2121 Filius
576 2065 911 2119 incarnatus
935 2064 1140 2135 plenus
1162 2070 1249 2120 est
1277 2068 1424 2120 Deus
1446 2070 1503 2119 et
1524 2066 1838 2136 perfectus,
1864 2081 2004 2132 quo-

368 2137 541 2191 modo
565 2153 680 2191 non
701 2136 869 2191 Pater
889 2137 1228 2191 incarnatus
1250 2138 1383 2191 est?
1406 2137 1569 2191 Resp.
1600 2136 1775 2190 Filius
1799 2137 2007 2206 plenus

371 2213 461 2264 est
488 2208 641 2262 Deus
671 2211 727 2261 et
752 2208 1062 2279 perfectus,
1105 2208 1205 2277 qui
1254 2206 1413 2263 solus
1444 2208 1781 2279 incarnatus
1812 2212 1918 2274 est,
1951 2210 2009 2279 et

371 2278 547 2351 homo
567 2277 767 2351 Afactus‘
796 2282 900 2334 est.
916 2278 1078 2351 Nam
1112 2279 1264 2351 ignis
1287 2295 1405 2351 una
1426 2278 1753 2351 substantia
1775 2283 1883 2347 est,
1907 2277 2007 2333 sed

371 2349 531 2406 aliud
563 2349 622 2405 in
653 2349 788 2415 igne
818 2350 957 2405 facit
986 2349 1161 2415 calor,
1195 2350 1353 2405 aliud
1394 2350 1510 2405 lux.
1546 2351 1665 2404 Lux
1694 2350 2007 2414 illuminat,

370 2420 529 2495 calor
557 2420 857 2495 calefacit:
887 2438 1003 2495 una
1034 2425 1229 2476 tamen
1263 2422 1416 2495 ignis
1450 2425 1659 2477 natura
1693 2426 2009 2491 utrumque

368 2492 507 2548 facit
536 2498 593 2547 et
621 2491 870 2547 calorem
903 2498 959 2547 et
990 2492 1198 2547 lucem.

439 2563 655 2618 XXVII.
690 2568 806 2619 INT.
841 2563 1047 2619 Utrum
1081 2564 1357 2618 divinitas
1380 2579 1513 2617 cum
1538 2578 1710 2617 carne
1733 2566 2012 2633 concepta

366 2638 423 2690 et
444 2640 584 2689 nata
603 2639 660 2689 et
683 2652 857 2705 passa
877 2640 985 2700 est,
1008 2640 1063 2689 et
1084 2640 1289 2689 caetera
1316 2652 1445 2705 qua:
1468 2634 1854 2689 humanitatis
1876 2650 2005 2705 pro-

367 2706 496 2778 pria
515 2722 643 2761 esse
661 2706 1025 2761 noscuntur?
1044 2708 1213 2762 RESP.
1236 2707 1440 2778 Utique
1458 2706 1730 2778 divinitas
1749 2723 1865 2759 sua:
1885 2722 2009 2759 car-

366 2776 459 2849 nis
482 2778 858 2848 conceptione
880 2782 1159 2849 concepta
1180 2784 1287 2847 est,
1312 2776 1367 2831 et
1390 2776 1685 2831 nativitate
1709 2782 1865 2843 nata,
1887 2794 2013 2831 sen-

369 2848 558 2919 sitque
571 2850 1015 2921 participatione
1030 2848 1271 2905 humani
1290 2850 1529 2903 affectus
1550 2854 1817 2921 mortem,
1834 2865 2011 2919 quam

368 2920 948 2992 sponte'susceperat,
982 2938 1095 2975 non
1128 2925 1347 2976 natura:
1380 2937 1497 2975 suae
1532 2920 1848 2992 potentiam
1881 2936 2011 2992 per:

369 2990 535 3060 dens,
568 3008 671 3063 per
701 2990 875 3063 quam
902 2996 1110 3047 cuncta
1138 2992 1409 3046 vivificat.
1444 2992 1511 3046 Et
1538 2991 1661 3060 ipse
1693 2998 1893 3047 auctor
1912 2990 2014 3062 qui

369 3067 577 3136 sponte
608 3068 781 3119 natus
807 3068 916 3134 est,
947 3068 1154 3135 sponte
1185 3080 1399 3137 passus
1432 3067 1538 3119 est.
1568 3064 1637 3118 Et
1666 3064 1820 3119 idem
1844 3080 2012 3134 opus,

1831 336 2256 402 APPENDIX.

3588 340 3753 402 1176

2108 468 2246 540 quia
2262 470 2582 542 utrumque
2600 483 2779 542 unus,
2805 464 3061 542 licitnon
3081 467 3474 542 aliocogente,
3488 470 3651 526 solus
3665 476 3754 525 ta-

2109 538 2241 596 men
2258 540 2378 612 ipse
2390 538 2731 612 perpetitur,
2749 538 2907 594 salva
2920 540 3239 595 divinitatis
3256 538 3755 612 impOSSibilitate.

2179 611 2425 666 XXVIII.
2460 611 2574 665 INT.
2597 613 2675 665 Ex
2694 627 2810 681 qua
2826 617 3035 665 natura
3053 612 3211 676 dicit,
3243 611 3565 669 Potestalem
3587 615 3758 669 habeo

2104 683 2344 753 ponendi
2372 683 2620 737 animam
2648 698 2852 751 meam,
2886 684 3067 753 (Joan.
3100 700 3154 748 x,
3193 684 3327 751 18)?
3350 686 3522 740 Resp.
3551 686 3756 740 Omni-

2110 772 2208 809 um
2243 771 2368 824 quaa
2399 755 2455 808 in
2489 754 2718 808 Christo
2761 761 2902 807 sunt
2945 771 3182 825 operum
3218 757 3539 811 auctoritas
3570 773 3639 811 ex
3670 757 3759 811 di-

2108 826 2349 879 vinitate
2378 831 2501 880 est:
2537 830 2728 879 tamen
2776 825 2935 879 carni
2970 826 3234 880 convenit
3266 828 3474 883 dicere.
3512 831 3757 883 Potesta-

2110 906 2218 952 tem
2248 898 2421 951 habeo
2460 897 2704 966 ponendi
2744 900 2989 951 animam
3041 914 3242 962 meam,
3292 916 3405 953 non
3441 874 3756 954 divinitati.

2105 968 2388 1042 Divinitas
2419 968 2573 1042 enim
2609 985 2724 1022 non
2767 968 2995 1042 dimisit
3021 971 3274 1042 animam
3312 975 3624 1042 postquam
3659 988 3755 1026 as-

2110 1040 2364 1110 sumpsit
2393 1055 2518 1093 eam
2550 1040 2607 1093 in
2650 1044 2813 1093 utero
2857 1039 3118 1110 virginis,
3172 1039 3326 1097 caro'
3353 1039 3579 1098 dimisit
3610 1045 3757 1099 dum

2107 1112 2302 1167 emisit
2333 1111 2605 1182 spiritum
2639 1111 2695 1163 in
2729 1127 2901 1165 cruce
2932 1111 3217 1166 Christus.

2176 1182 2363 1255 XXIX.
2390 1182 2466 1252 (a)
2493 1183 2605 1237 [ΝΤ.
2629 1183 2928 1255 Quomodo
2960 1184 3225 1237 convenit
3255 1184 3409 1255 quod
3444 1184 3504 1239 in
3537 1184 3749 1241 Genesi

2105 1253 2337 1328 legitur,
2370 1255 2647 1328 Reguz'evit
2679 1255 2815 1328 Deus
2843 1253 2934 1308 die
2955 1257 3185 1328 septimo
3205 1253 3548 1328 abpmnibus
3568 1257 3756 1328 operi-

2110 1322 2203 1380 bqu
2250 1326 2363 1379 suis
2405 1322 2558 1395 (Gen.
2611 1340 2673 1393 ιι,
2722 1326 2819 1395 2);
2865 1329 2922 1379 et
2950 1322 3373 1396 in'Evangelio,
3405 1328 3572 1382 Pater
3603 1322 3759 1382 meus

2109 1395 2432 1468 usquamodo
2454 1405 2731 1466 operatur,
2752 1405 2801 1450 et
2822 1411 2916 1465 ego
2933 1412 3127 1466 operor
3147 1395 3322 1468 (JOan.
3349 1414 3400 1463 ν,
3426 1400 3515 1467 17)
3535 1399 3562 1453 ‘?
3581 1400 3753 1454 ἣκει).

2108 1467 2409 1538 Requievit
2440 1484 2472 1521 a
2503 1468 3146 1538 novarumrconditione
3178 1474 3534 1537 creaturum,
3568 1486 3686 1525 non
3724 1488 3760 1524 a

2110 1537 2473 1594 conditarum
2498 1537 2936 1609 gubernatione.
2958 1540 3025 1593 Et
3042 1539 3171 1594 ideo
3198 1542 3346 1595 Deus
3370 1546 3510 1597 tunc
3530 1549 3758 1598 creator

2111 1611 2170 1686 in
2194 1627 2292 1665 sex
2314 1610 2535 1686 dierum
2555 1610 2845 1686 creatione
2863 1611 3160 1686 putandus
3183 1616 3290 1680 est,
3315 1629 3472 1668 nunc
3492 1630 3626 1669 vero
3647 1630 3755 1686 gu-

2112 1682 2386 1737 bernator
2416 1682 2470 1735 in
2504 1682 2684 1736 totius
2717 1682 2918 1736 mundi
2955 1681 3198 1737 naturis.

2183 1753 2349 1807 XXX.
2400 1757 2518 1807 INT.
2574 1755 2724 1817 Quot
2780 1757 3077 1809 creaturas
3135 1752 3448 1810 rationales
3497 1754 3762 1810 condidit

2112 1824 2266 1879 Deus
2282 1824 2308 1877 ‘I
2326 1828 2494 1879 Rasr.
2510 1824 2687 1893 Duas,
2703 1825 3025 1895 angelicam
3041 1824 3185 1879 ethu
3198 1842 3426 1880 manam
3447 1844 3459 1891 ;
3474 1833 3531 1882 et
3545 1826 3758 1882 caelum

2112 1895 2371 1963 Angelis,
2407 1900 2463 1949 et
2494 1900 2706 1950 terram
2742 1895 3080 1951 hominibus
3111 1896 3551 1952 habitationem.

2186 1967 2383 2021 XXXI.
2422 1968 2535 2021 INT.
2570 1968 2757 2031 Quare
2807 1967 3134 2037 angelicum
3188 1974 3491 2037 peccatum
3520 1969 3758 2024 silentio

2113 2037 2171 2093 in
2206 2037 2415 2112 Genesi
2448 2038 2852 2112 absconditum
2886 2045 2993 2107 est,
3026 2044 3081 2094 et
3100 2038 3367 2112 hominis
3402 2041 3756 2112 patefactum

2115 2114 2203 2183 est
2222 2108 2259 2183 ?7
2281 2109 2447 2183 Resp.
2483 2110 2628 2173 Quia
2657 2110 2987 2183 angelicum
3021 2110 3233 2166 vulnus
3274 2108 3428 2167 Deus
3460 2129 3572 2166 non
3608 2130 3751 2183 prae-

2115 2181 2925 2254 destinavitcurare,hominis
2938 2198 3069 2237 vero
3083 2199 3291 2237 sanare
3306 2181 3760 2254 praedestinavit.

2187 2252 2659 2324 XXXI]._INT.Cur
2682 2254 2897 2307 summi
2918 2253 3107 2324 angeli
3132 2252 3435 2324 peccatum
3459 2254 3760 2310 insanabi-

2116 2322 2168 2378 le
2190 2324 2319 2398 fuit,
2343 2328 2399 2398 et
2420 2322 2957 2398 hominissanabile
2984 2322 3373 2398 ξ”ΡιεεΡηΟυίε
3392 2327 3636 2398 angelus
3668 2327 3758 2381 sui

2118 2394 2354 2450 sceleris
2375 2394 2641 2450 inventor
2662 2395 2787 2461 fuit,
2814 2395 2987 2451 homo
3008 2412 3141 2451 vero
3165 2396 3406 2452 alterius
3435 2394 3637 2453 fraude
3670 2414 3763 2453 se-

2118 2467 2348 2542 ductus.
2367 2467 2508 2542 Item
2524 2466 3060 2542 qu_anto_s_ublimior
3072 2468 3316 2537 angelus
3332 2469 3389 2523 in
3409 2468 3617 2542 gloria.
3632 2475 3763 2524 tan-

2119 2541 2177 2592 to
2212 2539 2399 2608 major
2427 2537 2485 2591 in
2517 2539 2719 2613 ruina.
2744 2539 2926 2613 Homo
2966 2556 3097 2613 vero
3147 2545 3368 2610 quanto
3413 2537 3675 2613 Tragilior
3704 2543 3762 2596 in
3814 2594 3825 2601 ,ν

2121 2614 2350 2671 natura,
2380 2612 2538 2663 tanto
2571 2609 2793 2665 facilior
2825 2610 2894 2663 ad
2926 2609 3178 2666 veniam;

2188 2680 2581 2754 XXXIII._Iiv'r.
2642 2687 2780 2754 C_u_r_
2812 2681 2984 2754 homo
3014 2699 3148 2754 suae
3197 2682 3505 2754 potestatis
3534 2687 3766 2738 creatus

2120 2756 2321 2806 auctor
2339 2752 2465 2806 est?
2484 2752 2650 2807 Resp.
2678 2752 2751 2807 Ut
2769 2752 2891 2823 ipse
2916 2753 3025 2807 sibi
3049 2752 3251 2809 auctor
3281 2758 3436 2809 esset
3458 2755 3527 2809 ad
3562 2754 3766 2824 vitam,

2121 2824 2239 2879 sive
2260 2824 2329 2877 ad
2356 2828 2622 2897 mortem.
2647 2824 2701 2878 Si
2727 2841 2859 2897 vero
2893 2826 3226 2897 necessitati
3258 2830 3413 2881 esset
3440 2826 3766 2897 subjectus,

2122 2899 2261 2949 tunc
2294 2911 2410 2970 nec
2430 2895 2563 2948 boni
2591 2896 3041 2970 operisbaberet
3062 2895 3329 2967 gloriam,
3356 2914 3463 2952 nec
3486 2897 3625 2953 mali
3649 2895 3767 2970 pce-

2123 2983 2281 3033 nam,
2316 2966 2416 3021 sed
2448 2971 2601 3021 esset
2630 2966 2798 3039 quasi
2831 2985 2985 3022 unus
3016 2966 3085 3023 ei
3112 2969 3445 3040 pecoribus.

2186 3072 2255 3134 (a)
2284 3070 2521 3135 Reliqua
2552 3076 2680 3121 sunt
2708 3072 2948 3137 ejusdem
2981 3072 3186 3123 Alcuini
3208 3074 3263 3122 in
3292 3074 3558 3124 Genesim.

966 3315 1185 3439 DE
1284 3313 2562 3439 INCARNATIONE
2652 3315 3173 3439 VERBI

1697 3538 1821 3603 AD
1905 3535 2438 3603 JANUABIUM

1845 3689 2054 3750 LIBRI
2100 3687 2285 3762 DUO,

732 3823 1073 3881 COLLECTI
1111 3823 1206 3880 EX
1244 3822 1574 3881 ORIGENIS
1610 3822 1834 3881 OPERE
1876 3825 2034 3875 ΠΕΡΙ
2072 3820 2321 3890 ΑΡΧΩἺ,
2364 3820 2592 3878 JUXTA
2632 3820 3051 3880 VERSIONEM
3093 3822 3401 3881 RUFFINI.

1513 4027 1957 4121 LIBER
2052 4025 2617 4122 PRIMUS.

439 4251 669 4308 CAPUT
700 4251 1005 4307 PRIMUM.
1040 4282 1108 4291 —-
1140 4249 1428 4322 Recolligz't
1452 4267 1515 4306 ea
1562 4265 1687 4322 quae
1718 4249 1782 4305 de
1814 4250 1919 4306 Deo
1949 4250 2016 4304 ab

370 4321 1459 4403 Apostolziasuatprwdz’cata,(a)Species
1479 4321 1642 4403 vero1
1667 4338 1865 4403 eorum
1887 4339 2013 4403 quae

364 4392 467 4479 per
478 4392 949 4467 praedicationem
964 4392 1342 4465 apostolicam
1360 4395 1664 4449 manifeste
1678 4394 2013 4458 traduntur,

366 4472 491 4521 istas
512 4470 670 4521 sunt.
691 4465 885 4520 Primo
907 4465 1060 4521 quod
1082 4482 1237 4520 unus
1254 4469 1342 4519 est
1361 4465 1511 4520 Deus
1529 4466 1627 4521 qui
1647 4466 1843 4519 omnia
1861 4481 2013 4519 crea-

366 4481 491 4522 ιεῐεε
512 4481 670 4521 sunt.
692 4481 885 4520 Primo
907 4481 1060 4522 αυοα
1082 4482 1237 4520 unus
1254 4481 1342 4519 eet
1361 4481 1511 4520 UCUS
1529 4482 1627 4522 QUI
1647 4481 1843 4519 omnia
1861 4481 2016 4519 crea-

366 4482 491 4522 istze
512 4482 670 4521 sunt.
692 4482 885 4520 Primo
907 4482 1060 4536 quoa
1082 4482 1237 4520 unus
1254 4482 1342 4519 eet
1361 4482 1511 4520 ueus
1570 4482 1627 4520 ui
1647 4482 1843 4519 omnia
1861 4482 2015 4519 crea-

363 4538 644 4608 vitatque
664 4536 1012 4608 composuit,
1048 4537 1267 4608 quique
1302 4552 1435 4591 cum
1477 4482 1620 4591 nihil
1646 4540 1860 4600 essent,
1886 4553 2015 4591 esse

365 4610 503 4665 fecit
524 4608 816 4663 universa.
846 4608 1000 4663 Deus
1024 4626 1056 4663 a
1089 4609 1275 4678 prima
1305 4613 1571 4663 creatura
1599 4612 1655 4663 et
1685 4608 2013 4663 conditione

365 4680 569 4737 mundi
605 4679 867 4751 omnium
895 4681 1216 4751 justorum,
1242 4684 1392 4734 Deus
1422 4681 1627 4743 Adam,
1662 4679 1822 4743 Abel,
1848 4679 2009 4744 Seth,

364 4753 539 4821 Enos,
572 4750 787 4818 Enocb,
837 4752 975 4819 Noe,
1027 4751 1183 4819 Sem,
1230 4751 1547 4816 Abraham,
1596 4753 1774 4817 Isaac,
1808 4751 2007 4817 Jacob,

362 4821 1163 4903 duodecimfatriarcharum
1176 4864 1189 4877 .
1213 4822 1390 4903 Moysi
1408 4828 1463 4903 _et
1482 4823 1924 4903 Prophetarum.
1946 4824 2013 4877 Et

365 4894 829 4967 quodhic'Deus
849 4894 911 4951 in
944 4894 1280 4967 novissimis
1310 4894 1536 4967 diebus,
1562 4894 1717 4967 sicut
1741 4911 1841 4964 per
1873 4894 2007 4947 Pro-

407 4968 571 5022 hetas
589 4983 728 5021 suos
750 4970 884 5021 ante
906 4964 1273 5037 promiserat,
1300 4966 1460 5021 misit
1476 4966 1791 5037 Dominpm
1810 4968 1833 5019 ,Ι
1843 4982 2007 5019 esum

407 4984 571 5022 netas
589 4984 728 5021 suos
750 4984 884 5021 ante
906 4984 1273 5037 promiserat,
1300 4984 1460 5021 misu
1476 4984 1791 5021 nominum
1810 4984 2007 5019 Jesum

363 4984 683 5102 Ehristum,
708 5037 897 5109 primo
920 5037 1156 5109 quidem
1175 5041 1513 5092 vocaturum
1536 5035 1733 5109 Israel,
1752 5037 2007 5109 secundo

360 5126 493 5165 vero
520 5109 695 5165 etiam
711 5107 921 5181 gentes
939 5107 1083 5180 post
1107 5108 1409 5181 perfidiam
1444 5107 1642 5181 populi
1681 5107 2009 5181 Israel.7Hic

360 5182 517 5237 Deus
551 5182 751 5249 justus
800 5185 856 5235 et
902 5181 1112 5235 bonus.
1162 5185 1333 5234 Pater
1380 5180 1607 5234 Domini
1656 5180 1836 5234 nostri
1866 5180 2006 5235 Jesu

361 5252 605 5333 Christi,
618 5253 821 5333 Legem
846 5255 901 5306 et
924 5250 1242 5333 Prophetas
1267 5251 1651 5333 etEvangelia
1673 5251 1797 5333 ipse
1823 5251 2004 5333 dedit,

361 5324 458 5394 qui
492 5327 549 5379 et
576 5322 987 5393 Apostolorum
1048 5322 1201 5378 Deus
1259 5328 1364 5391 est,
1418 5327 1476 5378 et
1519 5322 1741 5377 Veteris
1773 5339 1836 5376 ac
1868 5323 2004 5377 Novi

358 5393 738 5451 Testamenti.
772 5395 921 5449 Tum
955 5393 1164 5448 deinde
1214 5395 1352 5465 quia
1397 5394 1568 5450 Jesus
1608 5394 1874 5451 Christus
1907 5395 2006 5465 qui

356 5468 517 5522 venit
548 5470 681 5521 ante
711 5481 946 5522 omnem
979 5471 1328 5531 creaturam,
1379 5473 1551 5522 natus
1582 5484 1650 5522 ex
1680 5471 1849 5521 Patre
1878 5471 2002 5521 est:

367 5539 467 5611 qui
500 5554 631 5592 cum
655 5538 711 5592 in
739 5537 897 5591 omni
920 5537 1252 5593 conditione
1276 5539 1425 5593 Patri
1472 5538 2010 5611 ministrassetmer

362 5610 539 5683 ipsum
552 5626 806 5681 namque
819 5611 1005 5664 omnia
1016 5614 1161 5680 facta
1174 5610 1489 5681 sithoan.
1509 5629 1545 5679 γ,
1563 5612 1614 5680 3]
1628 5610 2006 5669 ),novissimis

425 5720 443 5752 ί
481 5716 574 5764 Hic
603 5716 864 5768 addimus.
902 5730 1033 5774 vero,
1067 5730 1134 5765 ex
1178 5718 1299 5766 Mss.
1331 5718 1582 5768 Vaticado
1621 5721 1671 5767 et
1700 5716 2003 5768 Victorino:

367 5779 699 5845 quodetiam
736 5778 877 5845 apud
906 5779 1188 5845 oriaenem
1220 5780 1429 5842 legitur.

427 5842 448 5878 ⁸
476 5840 775 5890 Victorinus
804 5842 917 5900 Ms.,
953 5842 1060 5889 hoc.

426 5904 503 5967 (a)
532 5903 609 5956 Ex
632 5904 895 5957 Procnmio
927 5902 1049 5954 libri
1079 5906 1101 5954 1
1124 5903 1245 5967 peri
1270 5903 1490 5955 Are/adn.

2126 4249 2488 4321 temporibus
2509 4264 2573 4304 se
2594 4249 2789 4319 ipsum
2808 4248 3146 4304 exinaniens
3164 4249 3340 4305 homo
3360 4250 3548 4305 factus
3567 4255 3678 4320 est,
3702 4252 3787 4306 in-

2127 4327 2400 4376 carnatus
2420 4326 2509 4375 est
2533 4337 2666 4375 cum
2690 4321 2843 4381 Deus
2869 4325 3043 4387 esset,
3068 4326 3125 4376 et
3144 4321 3320 4377 homo
3349 4322 3538 4378 factus
3562 4324 3785 4378 mansit

2125 4394 2279 4466 quod
2313 4398 2435 4447 erat
2463 4393 2892 4466 DeusgCorpus
2941 4394 3265 4466 assumpsit
3314 4398 3514 4448 nostro
3546 4397 3779 4466 corpori

2124 4464 2334 4545 simile,
2368 4481 2434 4518 eo
2466 4464 2589 4545 solo
2622 4465 2912 4545 differens,
2945 4465 3338 4545 quodnat‘um
3372 4481 3439 4545 ei:
3466 4464 3780 4545 virgineet

2122 4536 2333 4606 Spiritu
2361 4542 2559 4590 sancto
2584 4540 2689 4591 est.
2716 4537 2783 4590 Et
2804 4535 3081 4604 quoniam
3104 4535 3199 4590 hic
3217 4538 3370 4592 Deus
3389 4535 3779 4593 Jesus—Chris-

2122 4612 2217 4680 tus
2250 4613 2422 4662 natus
2452 4613 2508 4661 et
2539 4623 2750 4680 passus
2782 4612 2871 4661 est
2903 4608 2959 4661 in
2982 4608 3374 4674 veritate,non
3404 4626 3506 4680 per
3527 4608 3779 4679 phanta-

2122 4678 2291 4739 siam.
2327 4696 2697 4733 communem
2733 4678 2883 4732 hanc
2908 4686 3155 4733 mortem
3177 4696 3312 4734 vere
3334 4678 3605 4734 mortuus
3629 4685 3720 4735 est
3738 4684 3779 4736 ί.

2120 4750 2263 4805 Vere
2294 4751 2449 4805 enim
2477 4755 2533 4804 et
2555 4769 2587 4805 ει
2610 4750 2857 4804 mortuis
2882 4751 3220 4822 resurrexit,
3246 4757 3301 4805 et
3322 4757 3453 4822 post
3475 4768 3781 4807 resurrec-

2118 4823 2334 4875 tionem
2370 4827 2744 4877 conversatus
2773 4836 2905 4875 cum
2939 4820 3245 4892 discipulis
3276 4820 3400 4877 suis
3425 4828 3777 4892 assumptus

2120 4899 2225 4948 est.
2262 4895 2408 4948 Tum
2441 4895 2678 4947 demum
2714 4898 2942 4961 natura,
2982 4894 3197 4947 honore
3220 4911 3283 4948 ac
3308 4894 3594 4964 dignitate
3620 4895 3777 4949 Patri

2119 4981 2185 5019 ac
2216 4964 2355 5018 Filio
2378 4973 2391 4997 λέ
2427 4965 2713 5019 sociatum
2736 4964 2978 5018 tradidit
3000 4965 3282 5035 Spiritum
3308 4970 3598 5021 sanctum.
3624 4971 3780 5022 Sane

2119 5037 2273 5107 quod
2308 5037 2413 5089 iii";
2446 5036 2701 5107 Spiritus
2727 5044 2967 5108 sanctus
3012 5052 3499 5108 unumquemque
3531 5042 3774 5093 sancto-

2117 5125 2245 5181 rum
2279 5114 2363 5161 vei
2404 5107 2820 5181 Prophetarum
2854 5107 2946 5181 vel
2985 5107 3417 5181 Apostolorum:
3446 5108 3771 5181 inspirave-

2119 5179 2212 5247 rit,
2245 5184 2302 5233 et
2335 5197 2450 5235 non
2483 5179 2632 5234 alius
2660 5178 2989 5250 spiritusin
3024 5180 3337 5241 veteribus,
3370 5180 3523 5236 alius
3546 5178 3683 5235 vero
3708 5181 3769 5236 in

2117 5250 2209 5306 his
2241 5252 2335 5332 qui
2374 5250 2451 5332 lin
2483 5249 2765 5332 .adventu‘
2800 5249 3005 5332 Christi
3061 5250 3327 5332 inspirati
3369 5257 3527 5321 sunt,
3569 5254 3769 5320 fuerit,

2118 5320 2329 5377 manifc
2354 5322 2594 5377 itissime
2628 5324 2682 5375 in
2726 5320 2979 5375 Ecclesia
3015 5322 3378 5392 praedicatur.

2186 5395 2420 5449 CAPUT
2449 5394 2515 5448 II.
2550 5426 2618 5434 -—
2650 5393 2867 5449 Anima?
2897 5394 3135 5447 liberum
3180 5395 3481 5449 arbitrium
3511 5402 3561 5449 et
3588 5396 3770 5465 origo.

2114 5470 2251 5521 Post
2275 5465 2393 5519 haec
2416 5467 2611 5520 anima
2629 5465 2781 5535 quod
2799 5466 2922 5533 jam
2944 5465 3333 5520 substantiam
3349 5467 3646 5536 vitamque
3664 5466 3772 5521 ha-

2117 5539 2258 5592 bens
2280 5537 2598 5610 propriam,
2627 5553 2757 5590 cum
2786 5552 2852 5610 ea
2884 5536 2991 5591 hoc
3021 5537 3357 5610 discesserit
3390 5540 3627 5603 mundo,
3662 5555 3774 5610 pro

2117 5611 2241 5665 suis
2266 5607 2489 5663 meritis
2508 5607 2962 5680 dispensabitur,
2980 5609 3097 5663 sive
3113 5609 3241 5663 vitaz
3261 5614 3487 5665 aeternas
3506 5626 3568 5665 ac
3586 5607 3778 5664 beati-

2180 5782 2197 5814 ί
2234 5780 2329 5828 Ms.
2359 5778 2696 5843 Victorinus,
2711 5790 2891 5839 passu:
2911 5776 2963 5825 in
2985 5776 3217 5839 veritate,
3239 5781 3287 5827 et
3306 5792 3407 5828 non
3426 5794 3521 5843 per
3540 5779 3776 5843 phanta-

2115 5841 2243 5890 siam
2259 5841 2651 5891 communicavit
2676 5840 2806 5889 hanc
2826 5845 3037 5888 mortem
3067 5855 3179 5892 vere
3198 5840 3450 5893 mortuus.
3474 5840 3769 5895 Vereemm.

2180 5905 2203 5941 ³
2232 5905 2360 5955 Mss.
2386 5904 2657 5967 omittunt,
2681 5902 2828 5955 Patri
2852 5916 2912 5955 ac
2940 5902 3095 5970 Filio.
