4048 6478
288 288 446 350 1197

283 423 411 500 ideo
435 440 549 479 non
598 421 925 500 loquitura
942 440 1005 481 se
1022 424 1169 497 ipso;
1193 428 1291 482 sed
1313 443 1693 500 quaecumque
1718 431 1933 497 audiet,

283 494 576 581 inquetur.
604 497 817 552 Audire
844 496 927 551 illi
954 494 1207 581 esseest,
1222 515 1266 581 _a
1288 494 1349 554 se
1372 516 1483 581 non
1513 494 1622 581 est;
1647 501 1749 581 sed
1771 519 1803 555 a
1828 494 1933 581 Paf

282 569 377 643 tre,
398 568 555 643 :ideo
578 584 960 640 quaecumque
983 570 1196 643 audiet,
1218 568 1661 643 loquetur.Quid
1681 572 1757 626 sit
1778 574 1931 643 quod

280 636 540 719 Spiritus
561 636 801 719 sanctug
826 636 925 710 pro
951 642 1115 695 nobis
1140 636 1506 719 interpellare
1528 644 1759 719 dicitur,
1777 636 1932 715 quod

280 709 422 785 dicit
449 710 663 765 Paulus
676 712 744 765 ad
768 709 1056 767 Remanos
1077 709 1369 768 scribens:
1394 715 1532 768 Nam
1554 716 1685 785 quid
1714 709 1932 769 oremus

279 782 427 858 sicut
450 785 997 858 operte_t_._nes_cimus;
1029 788 1132 858 sed
1158 787 1277 858 ipse
1312 785 1546 858 Spiritus
1564 782 1820 857 'pOstutat
1838 802 1936 858 pro

278 853 433 907 nobis
481 855 771 921 gemitibus
793 853 1281 911 inenarrabitibus.
1313 853 1422 924 Qui
1440 853 1624 912 autem
1658 853 1939 913 scrutatur

278 924 574 999 corda,scit
591 925 722 996 quid
748 925 1014 982 desideret
1029 928 1101 999 Sp
1110 928 1435 997 iritus,quia
1453 929 1748 983 secundum
1765 930 1935 984 Deum

277 997 523 1067 postulat
543 1014 641 1067 pro
661 1002 863 1052 sanctis
894 997 1076 1067 (Rom.
1107 1015 1229 1065 vm,
1253 1000 1366 1066 26).
1394 1000 1601 1056 Modus
1632 1002 1741 1056 iste
1772 1000 1933 1056 locu-

278 1067 480 1133 tionis,
511 1068 608 1141 qui
644 1068 979 1141 frequenter
1008 1071 1065 1126 in
1099 1071 1416 1141 Scripturis
1455 1072 1675 1127 sanctis
1707 1072 1930 1127 inveni-

279 1086 480 1133 uonis,
511 1086 608 1138 qui
644 1086 979 1194 [regnenter
1008 1088 1065 1126 in
1099 1086 1416 1141 scripturls
1455 1086 1675 1127 sanctis
1707 1088 1927 1127 inveni-

279 1143 398 1206 tur,
432 1142 523 1215 est
551 1139 703 1215 sicut
780 1157 884 1215 eus
908 1142 1140 1215 dicitad
1171 1142 1487 1208 Abraham,
1507 1144 1662 1215 Nunc
1679 1146 1927 1215 cognovi,

277 1212 546 1281 quoniam
584 1212 786 1284 timeas
814 1213 984 1284 Deum
1008 1214 1159 1284 (Gen.
1190 1229 1329 1278 xxu,
1365 1216 1475 1282 12),
1521 1214 1629 1270 hoc
1671 1212 1778 1283 est,
1835 1231 1929 1270 co-

277 1298 559 1353 gnoscere
590 1288 646 1337 te
686 1282 791 1337 feci
826 1298 839 1339 :
874 1282 1025 1339 sicut
1071 1284 1211 1340 dicit
1270 1284 1604 1355 Apostolus,
1652 1282 1808 1342 Nunc
1841 1302 1930 1343 co-

278 1356 596 1429 gnoscentes
616 1355 918 1429 Deum,imo
929 1357 1137 1429 cogniti
1164 1373 1198 1409 a
1218 1357 1323 1411 Deo
1341 1355 1930 1429 (Gatat.1v,9).Nempe

277 1424 482 1500 omnia
507 1425 566 1479 in
600 1427 911 1500 praesentia
940 1424 1038 1482 Dei
1070 1434 1207 1500 sunt
1228 1424 1541 1500 antequam
1578 1424 1750 1495 fiant;
1792 1424 1931 1500 prie.

278 1496 470 1571 sentis
503 1501 638 1571 sunt
664 1498 887 1571 futura,
920 1498 1088 1571 quasi
1114 1501 1236 1571 jam
1271 1496 1419 1554 facta
1451 1500 1601 1555 sint:
1636 1496 1928 1571 quomodo

279 1568 443 1631 dicit,
468 1570 671 1643 cogniti
690 1584 736 1643 a_
755 1569 878 1643 Deo,
914 1570 1025 1643 nisi
1058 1568 1299 1643 faciente
1347 1571 1462 1626 Deo
1506 1568 1929 1643 cognoscamus

277 1645 497 1715 Deum;_
523 1640 606 1715 sic
633 1645 693 1715 et
724 1640 817 1695 hic
848 1641 1124 1696 scribitur
1148 1641 1396 1715 Spiritus
1427 1640 1668 1698 sanctus
1699 1660 1928 1715 gemere

277 1728 384 1783 pro
409 1710 597 1783 nobis,
628 1711 687 1766 id
719 1716 827 1775 est,
859 1718 1157 1783 gementes
1189 1710 1296 1768 nos
1328 1714 1534 1781 facere,
1568 1710 1927 1771 infundendo

278 1782 452 1838 nobis
483 1782 826 1838 charitatem
857 1782 914 1837 in
948 1784 1128 1839 Deum
1170 1790 1225 1839 et
1255 1784 1583 1842 proximum
1609 1804 1622 1842 :
1647 1786 1798 1841 sicut
1847 1786 1925 1842 le-

279 1855 459 1927 gitur,
498 1860 680 1909 Laetus
703 1854 849 1927 dies,
884 1856 1021 1925 quia
1052 1855 1215 1910 latos
1246 1854 1512 1912 homines
1545 1858 1733 1912 faciat.
1763 1858 1927 1912 Pater

277 1925 443 1981 solus
475 1942 765 1996 nusquam
797 1925 1009 1996 legitur
1039 1928 1277 1995 missus,
1311 1928 1410 1983 sed
1433 1928 1775 1983 missionem
1800 1929 1927 1983 Filii

277 1997 366 2051 ita
398 1997 601 2051 scribit
630 1997 942 2067 Apostolus
970 2015 983 2053 :
1022 1997 1155 2052 Cum
1183 2009 1363 2054 autem
1402 2003 1604 2054 venerit
1646 2002 1928 2070 plenitudo

274 2070 564 2138 temporis,
588 2070 744 2123 misit
774 2071 916 2124 Deus
959 2070 1164 2124 Filium
1177 2086 1333 2125 suum
1366 2074 1555 2125 natum
1583 2087 1652 2127 ea:
1673 2073 1925 2139 muliere,

273 2141 487 2212 factum
513 2141 613 2194 sub
648 2140 781 2207 lege,
823 2146 884 2195 ut
908 2157 994 2195 eos
1022 2143 1120 2212 qui
1149 2142 1249 2195 sub
1281 2143 1395 2212 tege
1426 2151 1603 2207 erant,
1636 2143 1930 2199 redimeret

276 2210 439 2287 (Ibid.
463 2212 519 2287 Δ4.
550 2214 625 2278 5).
660 2212 819 2287 Quod
845 2210 1139 2267 Filius‘Dei
1174 2210 1347 2268 natus
1373 2214 1442 2287 de
1474 2214 1658 2287 Maria
1680 2215 1924 2287 virgine,

275 2282 518 2357 venitin
554 2284 863 2350 mundum,
902 2283 1567 2357 testaturevangelium,
1601 2282 1822 2353 diccns,
1865 2282 1927 2342 In

272 2356 490 2427 mundo
515 2362 650 2427 erat,
674 2363 725 2427 et
750 2356 986 2410 mundus
1010 2372 1110 2426 per
1148 2356 1530 2426 ipsum/“actus
1558 2361 1636 2412 est
1661 2358 1840 2427 (Joan.
1886 2376 1924 2427 ι,

278 2426 392 2495 10).
426 2428 494 2480 Et
520 2425 647 2496 ipse
677 2426 779 2490 ait,
804 2428 911 2493 Ego
940 2445 973 2482 a
1014 2425 1178 2481 Patre
1207 2425 1382 2491 exivi,
1412 2437 1463 2483 et
1505 2430 1631 2483 veni
1669 2425 1737 2483 in
1786 2425 1928 2485 hunc

274 2496 549 2570 mundum
569 2496 1069 2570 (Id.xv1,28).ltem
1103 2498 1466 2570 Evangelista
1498 2500 1660 2567 dicit,
1682 2502 1746 2555 Et
1763 2517 1925 2555 mun-

273 2568 378 2622 dus
403 2584 527 2624 eum
551 2584 661 2622 non
690 2571 954 2638 cognovit.
982 2569 1196 2624 Deinde
1228 2568 1357 2639 subj
1370 2570 1556 2639 ungit,
1590 2576 1655 2626 In
1678 2588 1778 2627 sua
1798 2588 1924 2633 pro-

270 2642 403 2712 pria
431 2642 580 2713 venit
611 2639 711 2711 (Id.
738 2657 795 2713 71,7
832 2642 916 2713 tQ,
974 2640 1081 2713 11).
1122 2642 1263 2696 llluc
1296 2643 1497 2713 utique
1546 2643 1765 2698 missus
1813 2648 1924 2710 est,

274 2711 395 2784 quo
424 2711 618 2767 venit:
652 2712 752 2784 sed
773 2712 841 2784 in
875 2711 1046 2767 hunc
1090 2714 1376 2768 mundum
1404 2711 1505 2769 est
1535 2715 1772 2781 missus,
1826 2715 1925 2770 ubi

275 2782 435 2846 erat;
470 2799 597 2853 qua
620 2782 823 2838 missio
852 2787 1045 2838 tamen
1080 2799 1205 2838 esse
1246 2801 1394 2854 opus
1431 2790 1643 2840 sanctae
1674 2785 1917 2841 Trinita-

276 2854 380 2919 tis,
415 2854 559 2909 nulli
590 2854 666 2909 sit
694 2854 977 2927 cathiolico
1010 2856 1420 2911 dubitandum.
1452 2858 1749 2927 Nusquam
1782 2857 1925 2912 scri-

273 2930 447 2998 ptum
480 2930 587 2999 est,
617 2927 768 2999 quod
806 2926 958 2980 Deus
991 2926 1157 2999 Pater
1185 2931 1372 2995 maior
1411 2928 1489 2983 sit
1534 2926 1755 2999 spiritu
1790 2946 1922 2984 san-

274 2996 392 3071 cto,
424 2996 512 3052 vel
539 2998 792 3071 Spiritus
816 3004 1054 3071 sanctus
1089 2998 1275 3071 minor
1301 3002 1411 3054 Deo
1428 2996 1614 3058 Patre.
1649 3000 1786 3071 quia
1808 3018 1922 3056 non

273 3068 675 3143 ita_est._0uia
708 3086 956 3143 persona
986 3069 1309 3143 divinitatis
1342 3087 1459 3125 suae
1500 3068 1806 3143 assumpta
1837 3077 1927 3127 est

272 3158 307 3196 a
342 3140 481 3195 Filio
513 3139 611 3195 Dei
644 3139 719 3194 ex’
738 3140 958 3212 virgine
990 3140 1191 3210 Maria,
1234 3142 1291 3195 in
1326 3159 1631 3212 personam
1665 3139 1783 3198 suae
1813 3144 1921 3198 hu-

272 3212 576 3284 manitatis
612 3212 899 3284 unitatem
937 3213 1318 3284 habitumque
1347 3216 1651 3283 conjunxit
1679 3215 1737 3268 in
1763 3220 1923 3270 aeter-

272 3300 456 3357 num.
517 3282 793 3357 Quamvis
840 3283 1092 3357 Spiritus
1142 3282 1380 3340 sanctus
1438 3282 1809 3357 apparuisset
1861 3286 1921 3341 in

269 3354 465 3427 specie
497 3354 777 3427 columbae
807 3355 1205 3427 velignis,non
1236 3354 1923 3427 possumustamendice-

269 3426 333 3482 re
356 3426 638 3497 Spiritum
664 3431 932 3481 sanctum
953 3426 1133 3481 Deum
1160 3433 1216 3481 et
1237 3426 1592 3495 columbam,
1617 3435 1718 3484 aut
1740 3429 1920 3485 Deum

270 3504 328 3552 et
351 3498 569 3569 ignem,
603 3498 755 3552 sicut
787 3497 1036 3554 dicimus
1062 3498 1263 3553 Filium
1293 3501 1469 3555 Deum
1510 3506 1568 3555 et
1599 3500 1919 3557 hominem.

270 3568 514 3643 Propter
533 3568 638 3643 has
660 3569 839 3641 igitur
864 3570 1189 3639 corporales
1223 3572 1457 3641 formas,
1492 3572 1550 3626 in
1582 3574 1797 3643 quibus
1820 3590 1920 3643 ap-

270 3642 470 3767 paruit
485 3640 733 3711 Spiritus
764 3648 1026 3707 sanctus,
1055 3644 1271 3697 missus
1292 3640 1666 3699 dicitur:non
1692 3640 1922 3715 propter

314 3729 381 3767 as
396 3712 585 3767 minar
604 3713 767 3767 Patre
790 3713 901 3767 dici
950 3717 1155 3767 potest:
1182 3714 1333 3767 sicut
1360 3714 1540 3767 Filius
1566 3721 1797 3767 oronter
1815 3719 1921 3767 for-

314 3729 381 3768 as
396 3712 585 3767 minar
600 3713 767 3785 Patre
790 3713 921 3785 dici
948 3717 1155 3785 potest;
1176 3714 1333 3785 sicut
1360 3714 1540 3769 Filius
1565 3712 1921 3785 propter’t'or-

271 3800 432 3839 mam
465 3784 632 3858 servi,
667 3801 798 3858 quis
844 3783 1075 3840 inhiesit
1103 3784 1187 3838 illi
1219 3786 1289 3840 ad
1338 3783 1619 3841 unitatem
1662 3783 1921 3858 personas

270 3855 715 3928 perpetualiter.
738 3856 853 3911 Illae
883 3873 1015 3910 vero
1074 3858 1297 3926 species
1332 3855 1681 3928 corporales,
1718 3862 1782 3913 ut
1831 3863 1921 3915 est

268 3926 557 4001 columbae
586 3926 674 3982 vel
706 3927 878 3999 ignis,
912 3928 985 3982 ad
1018 3926 1543 3983 demonstrandum
1586 3926 1738 4000 quOd
1772 3947 1919 4001 opus

270 3998 402 4065 fuit,
432 3999 501 4053 ad
534 4003 767 4071 tempus
799 4005 1215 4069 apparuerunt,
1249 4005 1337 4054 est
1366 4016 1492 4055 esse
1516 3998 1711 4071 postea
1734 3998 1918 4057 desti-

269 4075 498 4142 terunt.
530 4070 725 4125 Nonne
756 4087 1035 4142 apparere
1083 4071 1409 4126 debuerunt
1460 4070 1736 4127 creaturae
1769 4074 1921 4128 sicut

267 4141 551 4216 oportuit,
586 4141 904 4216 servientes
935 4142 1188 4216 Creatori
1220 4143 1290 4197 ad
1343 4148 1551 4198 nutum
1595 4146 1764 4213 ejus;
1817 4144 1916 4216 qui

267 4213 830 4286 incommutabiliter
858 4214 917 4268 in
950 4231 1011 4268 se
1056 4214 1182 4286 ipso
1216 4220 1536 4286 permanet,
1570 4216 1640 4270 ad
1671 4233 1803 4270 eum
1836 4213 1916 4271 si-

269 4284 668 4357 gniﬁcandum
712 4289 768 4339 et
813 4284 1357 4357 demonstrandum,
1393 4286 1545 4341 sicut
1598 4287 1914 4357 significari

268 4356 327 4412 et
376 4356 764 4429 demonstrari
824 4356 1170 4413 mortalibus
1208 4358 1529 4429 oportebat,
1560 4356 1797 4414 mutatas
1829 4363 1914 4414 at-

269 4444 387 4500 que
419 4427 748 4500 conversis?

339 4498 681 4554 CAPUTIV.
711 4529 777 4540 ——
799 4499 870 4568 (α)
904 4500 949 4553 Α
971 4498 1324 4570 quibusdam
1358 4498 1610 4554 dubitari
1641 4498 1805 4562 solet,
1841 4515 1914 4554 an

270 4570 554 4641 Spiritum
590 4575 856 4625 sanctum
879 4569 1212 4625 habuerunt
1231 4571 1488 4642 Apostoli
1515 4572 1614 4627 illo
1631 4576 1892 4642 tempore

270 4658 388 4710 quo
419 4642 656 4697 fuerunt
687 4659 819 4696 cum
843 4642 1071 4696 Christo
1105 4643 1368 4708 Domino,
1404 4644 1727 4698 secundum
1760 4660 1873 4710 quo

271 4713 641 4785 Evangelista
670 4714 830 4778 dicit,
852 4713 1088 4783 Spiritus
1104 4729 1210 4768 non
1247 4719 1364 4769 erat
1389 4717 1571 4781 datus,
1605 4716 1733 4785 quia
1762 4713 1916 4770 Iesus

268 4785 513 4841 nondum
542 4794 664 4840 erat
691 4786 1026 4856 glori/iectus
1053 4785 1151 4854 (Id.
1189 4801 1287 4855 vn,
1313 4787 1422 4855 39).
1458 4788 1525 4841 Et
1555 4788 1614 4839 in
1645 4786 1757 4841 alio
1792 4786 1915 4841 loco

269 4857 373 4925 ait,
398 4855 462 4912 Si
482 4855 720 4926 diligitis
748 4873 853 4921 me,
873 4860 1149 4928 praecepta
1175 4873 1297 4911 mea
1324 4863 1534 4912 servate
1552 4874 1565 4913 :
1583 4861 1741 4925 etego
1766 4874 1918 4927 roga-

270 4928 338 4984 bo
368 4928 611 4994 Patrem,
635 4937 686 4984 et
715 4930 890 4983 alium
922 4928 1270 4983 Paractetum
1299 4928 1446 4983 dabit
1468 4929 1638 4995 vobis,
1661 4938 1720 4984 ut
1738 4930 1915 4984 vobis-

269 5016 397 5056 cum
426 5001 496 5055 sit
526 5002 582 5055 in
618 5004 904 5068 mternum,
939 4999 1204 5070 Spiritum
1231 5002 1481 5055 veritatis
1518 5017 1528 5055 :
1562 5017 1720 5071 quem
1748 5016 1917 5055 mun-

267 5072 369 5127 dus
396 5087 507 5126 non
552 5076 727 5143 potest
756 5074 1045 5143 accipere;
1074 5072 1205 5143 quia
1230 5084 1336 5125 non
1385 5072 1533 5127 videt
1571 5088 1713 5137 eum,
1745 5088 1920 5143 neque

267 5144 539 5214 cognoscit
554 5142 708 5199 eum.
734 5148 851 5199 Vos
882 5142 1076 5199 autem
1107 5142 1315 5197 videtis
1334 5159 1499 5215 eum,
1531 5151 1581 5199 et
1595 5142 1917 5215 cognoscitis

266 5214 587 5298 (ἔφηᾶρα-ξφ
632 5216 779 5298 apud
809 5232 899 5271 vos
925 5218 1132 5298 manet,
1165 5217 1216 5268 et
1250 5214 1531 5298 vobiscum
1561 5223 1637 5271 est
1662 5214 1773 5298 (id.
1802 5231 1914 5298 ξίν,

270 5285 478 5358 15-17)ζ
514 5286 582 5340 Et
611 5285 784 5341 etiam
820 5291 950 5358 post
982 5285 1462 5358 resurrectionem
1495 5303 1664 5342 suam
1686 5285 1689 5287 ’
1712 5287 1919 5355 legitur

269 5357 707 5429 insufﬂasseet
749 5356 966 5414 diiisse
995 5356 1319 5429 discipulis,
1366 5358 1602 5429 Accipite
1646 5358 1917 5429 Spiritum

268 5437 524 5484 sanctum
556 5428 654 5499 (Id.
681 5447 773 5497 xx,
803 5431 915 5500 22).
955 5431 1014 5483 [n
1045 5428 1377 5501 Pentecoste
1405 5446 1534 5484 vero
1554 5428 1766 5501 legitur
1789 5429 1915 5501 Spi-

269 5502 422 5573 ritus
476 5506 715 5573 sanctus
745 5503 801 5555 in
837 5500 1140 5573 Apostolos
1171 5501 1540 5555 descendisse
1571 5500 1706 5572 (Act.
1742 5518 1803 5571 η,
1836 5500 1913 5567 1).

271 5572 357 5625 Ad
393 5571 515 5644 haec
565 5571 901 5644 dicendum,
984 5573 1124 5644 quia
1174 5589 1328 5627 unus
1372 5573 1623 5644 Spiritus
1664 5577 1768 5640 est,
1814 5573 1915 5628 sed

271 5645 426 5699 dona
456 5643 632 5700 habet
683 5642 888 5699 multa.
913 5642 1036 5698 Non
1069 5648 1158 5699 est
1187 5642 1456 5709 dubium,
1489 5645 1628 5715 quin
1669 5644 1917 5715 Spiritus

269 5721 514 5771 sanctus
544 5719 669 5770 erat
698 5732 830 5771 cum
849 5716 934 5771 eis
960 5731 972 5769 :
999 5715 1137 5786 quia
1155 5715 1252 5769 ubi
1273 5716 1537 5771 Christus
1559 5720 1647 5771 est
1664 5716 1918 5787 Spiritus

270 5794 516 5844 sanctus
536 5792 643 5842 est.
671 5789 737 5843 Et
758 5787 893 5859 quia
922 5793 1232 5842 venturum
1271 5788 1549 5858 Spiritum
1584 5793 1852 5843 sanctum
1886 5804 1920 5844 a

268 5860 441 5920 Patre
462 5859 811 5932 promiserat
827 5859 1116 5931 Christus,
1150 5875 1264 5915 non
1288 5859 1543 5916 defuitin
1565 5860 1674 5917 hoc
1689 5859 1917 5918 indiffe-

334 5949 409 6016 (α)
436 5948 513 6002 Ex
533 5949 889 6012 Qtestiouibus
910 5948 975 6000 de
998 5948 1145 6002 Novo
1164 5949 1518 6013 Testamento,
1542 5954 1732 6017 quaet.
1759 5951 1838 6003 93.

1336 293 1436 354 DE
1481 292 1914 357 TRINITATE
1968 294 2071 356 ΕΤ
2116 296 2459 359 UNITATE
2502 296 2655 359 DEI.

3537 303 3691 362 1198

2046 447 2180 485 rens
2207 432 2333 500 ejus
2366 431 2662 487 divinitas.
2699 430 2900 486 Trium
2943 431 3267 487 officiorum
3305 432 3502 488 forma:
3550 434 3685 489 doni

2046 501 2297 571 Spiritus
2316 504 2500 556 sancti
2534 503 2590 556 in
2624 503 2915 573 Apostolis
2946 509 3086 557 sunt
3115 510 3362 559 ostensa:
3399 521 3411 559 :
3438 522 3686 573 quarum

2044 574 2233 643 prima
2250 579 2357 647 est,
2384 575 2603 647 quaead
2621 574 3201 647 jusiecclesiasticum
3229 575 3493 647 pertinet,
3517 578 3575 630 in
3600 593 3686 630 re-

2042 645 2406 717 generrandis.
2421 644 2819 699 Ecclesiastica
2842 651 3098 716 potestas
3118 644 3465 717 intelligitur
3480 663 3607 703 esse
3625 648 3685 702 in

2042 715 2668 788 officiisepiscoporum
2693 715 3470 788 etsacerdotum,quiomnia
3490 720 3547 772 in
3574 725 3687 773 tra-

2041 786 2256 861 ditioue
2277 787 3012 861 dom_i_nicaper_Spiritum
3050 786 3315 843 sanctum
3371 805 3540 861 agere
3586 791 3684 846 de-

2039 858 2366 931 bent.Unde
2387 858 2502 913 illis
2527 860 2669 914 dicit
2690 858 3682 931 Jesus,Quorumtenueritzspecrata,

2034 930 2324 985 tenebuntu
2333 939 2433 991 r;et
2448 947 2678 1000 quorum
2692 933 3393 996 remiseritis,remittentur
3410 934 3488 986 eis
3500 930 3678 999 (Joan.

2037 1017 2127 1066 xx,
2151 1002 2265 1069 23).
2298 1002 2564 1056 Secunda
2588 1007 2696 1069 est,
2728 1019 2855 1073 quae
2907 1002 2964 1057 in
3019 1004 3347 1059 Pentecoste
3391 1004 3526 1059 data
3567 1006 3678 1070 est,

2036 1088 2164 1143 quas
2206 1073 2494 1146 generalis
2526 1079 2613 1128 est
2655 1091 2666 1128 :
2703 1090 2817 1129 non
2849 1074 3039 1129 solum
3071 1075 3226 1129 enim
3260 1076 3318 1129 in
3350 1075 3677 1146 Apostolos,

2031 1158 2230 1198 verum
2220 1144 2421 1217 getiam
2443 1144 2502 1200 in
2516 1161 2718 1200 omnes
2732 1146 3029 1217 credentes
3050 1146 3264 1201 decidit
3276 1144 3528 1217 Spiritus
3548 1144 3683 1217 san-

2033 1215 2411 1289 ctusuTertia
2438 1217 2627 1289 forma
2647 1221 2755 1282 est,
2792 1234 2919 1288 quae
2951 1216 3144 1289 solum
3176 1215 3465 1289 Apostolis
3480 1216 3568 1271 vel
3590 1234 3679 1273 or-

2033 1286 2250 1360 dinatis
2267 1288 2338 1360 in
2371 1287 2534 1342 initio
2559 1286 2834 1360 concessa
2856 1292 2964 1360 est,
2986 1288 3045 1342 in
3069 1286 3254 1360 signis
3279 1306 3345 1344 ac
3364 1288 3677 1344 virtutibus

2034 1356 2332 1425 faciendis,
2367 1359 2696 1429 usquedum
2739 1359 2874 1413 fidei
2904 1356 3418 1429 semina'jacerent
3451 1360 3524 1415 ad
3555 1375 3677 1415 cre-

2032 1435 2316 1503 mentum.
2348 1430 2581 1503 Semina
2606 1431 2763 1503 enim
2794 1430 2927 1485 fidei
2951 1432 3351 1487 suntvirtutes
3374 1448 3475 1503 per
3493 1433 3679 1503 Apos-

2033 1500 2177 1573 tolos
2211 1502 2369 1556 factae
2403 1518 2415 1555 :
2454 1502 2564 1573 ipsi
2594 1501 2749 1573 enim
2766 1503 3331 1573 Apostoliantistites
3355 1500 3680 1573 positisunt

2031 1571 2374 1645 hujusmodi
2404 1571 2683 1645 veritatis,
2719 1571 2831 1644 qui
2854 1589 2955 1643 per
2991 1572 3159 1645 signa
3187 1579 3243 1628 et
3282 1571 3541 1645 prodigia
3568 1591 3679 1645 rra-

2028 1644 2371 1716 tionahilem
2416 1660 2544 1700 esse
2599 1644 2775 1716 fidem
2835 1648 3094 1699 nostram
3149 1644 3471 1700 testantur:
3498 1644 3681 1716 Igitur

2031 1714 2283 1787 Spiritus
2314 1719 2554 1770 sanctus
2585 1715 2759 1770 datur
2779 1716 3053 1771 omnibus
3076 1717 3426 1787 generaliter
3447 1714 3682 1772 crs—den-

2031 1786 2344 1859 tibus,rsed
2380 1787 2426 1841 si
2457 1792 2652 1842 manet
2682 1787 2738 1840 in
2771 1787 2855 1842 eis
2881 1804 2893 1842 :
2927 1788 2983 1842 in
3016 1786 3202 1859 signis
3230 1804 3363 1843 vero
3393 1792 3449 1843 et
3479 1788 3677 1859 prodi-

2029 1858 2144 1929 giis
2176 1858 2277 1912 ﬁlii
2312 1859 2406 1913 Dei
2455 1875 2583 1914 esse
2632 1859 2969 1931 probantur.
3022 1858 3206 1931 Etiam
3257 1858 3509 1931 Spiritus
3539 1876 3674 1914 san-

2028 1934 2159 1983 ctus
2191 1947 2303 1985 non
2337 1935 2535 1985 manet
2564 1929 2911 2000 quandoque
2944 1930 3000 1983 in
3026 1929 3409 1995 hominefsed
3437 1939 3675 1986 vocatus

2028 2001 2281 2085 advenit,
2317 2005 2379 2085 ut
2407 2006 2682 2085 suggerat
2711 2001 3057 2085 necessaria,
3088 2007 3145 2056 et
3175 2003 3422 2085 r‘ec‘edat.
3455 2001 3675 2084 Simili-

2028 2076 2191 2145 teret
2223 2073 2281 2145 in
2312 2072 2623 2127 traditione
2652 2072 2738 2127 vel
2771 2072 3153 2145 ordinatione,
3178 2074 3393 2129 deforis
3424 2073 3674 2145 gratiam

2027 2146 2083 2197 et
2111 2144 2413 2215 tuitionem
2449 2148 2682 2215 praestat
2707 2144 2927 2215 devotis
2951 2143 3102 2211 fidei,
3127 2150 3192 2199 ut
3222 2143 3677 2200 commendatio-

2027 2231 2125 2287 res
2158 2214 2486 2287 habeantur
2516 2232 2616 2287 per
2645 2214 3087 2287 inspirationem
3115 2216 3263 2287 ejus.

2098 2285 2334 2341 CAPUT
2364 2287 2431 2341 V.
2456 2285 2530 2326 -ἐ
2553 2286 2638 2356 (a)
2663 2287 2843 2351 Pater,
2870 2285 3421 2358 Filius,et‘Spiritus
3435 2290 3675 2343 sanctus

2028 2372 2180 2412 unus
2206 2362 2293 2413 est
2321 2374 2495 2413 verus
2524 2357 3187 2423 Deus,secundumillud
3205 2357 3354 2428 quod
3390 2358 3675 2428 scriptum

2027 2433 2134 2497 est,
2163 2428 2325 2494 Audi,
2359 2430 2546 2488 Israel;
2578 2430 2840 2483 Dominus
2870 2430 3007 2483 Deus
3037 2438 3163 2484 tuus
3196 2447 3337 2484 unus
3372 2434 3449 2484 est
3487 2430 3671 2496 (Deut.

2026 2515 2104 2566 v1,
2138 2500 2211 2624 42.
2247 2502 2314 2555 Et
2346 2500 2402 2554 in
2443 2499 2752 2571 Evangelio
2783 2500 3067 2570 scriptum
3100 2505 3205 2564 est,
3244 2503 3306 2557 Ut
3351 2508 3677 2569 cognoscant

2026 2573 2079 2624 te
2105 2586 2163 2624 so
2192 2588 2285 2624 um
2313 2588 2501 2624 verum
2534 2573 2722 2624 Deum.
2755 2580 2805 2624 et
2835 2588 2997 2624 auem
3024 2574 3225 2624 misisti
3263 2574 3443 2624 Iesum
3486 2571 3673 2624 Chris-

2026 2573 2079 2624 te
2105 2571 2285 2625 sotvm
2313 2588 2501 2627 verum
2534 2573 2722 2637 Deum,
2755 2580 2805 2626 et
2835 2588 2997 2642 quem
3024 2574 3225 2627 misisti
3263 2574 3443 2628 Iesum
3486 2571 3673 2626 Chris-

2027 2645 2143 2696 tum
2171 2642 2348 2713 (Joan.
2380 2660 2516 2709 xvu,
2546 2644 2622 2713 3).
2656 2643 2721 2696 Et
2753 2643 2823 2696 de
2856 2642 3083 2698 Christo
3114 2644 3326 2698 dicitur
3365 2661 3399 2697 a
3452 2644 3675 2698 Joanne

2025 2714 2310 2786 apostolo,
2342 2716 2458 2786 Ipse
2484 2718 2561 2770 est
2588 2730 2749 2769 verus
2773 2714 2996 2786 Deusget
3022 2715 3133 2768 vita
3165 2722 3371 2770 aeterna
3392 2714 3434 2784 (Ι
3453 2715 3671 2786 Ioan.v,

2025 2730 2310 2837 egestum,
2342 2730 2458 2786 Ipse
2484 2730 2561 2770 est
2588 2730 2749 2769 verus
2773 2730 2914 2767 ueus
2941 2730 2996 2767 et
3022 2730 3133 2768 vita
3165 2730 3371 2770 acerna
3392 2730 3433 2784 μ
3453 2730 3671 2784 Joan.v,

2023 2784 2059 2837 2
2099 2785 2135 2856 ).
2162 2787 2304 2840 Ante
2336 2786 2533 2840 omnia
2561 2790 2825 2856 tempora
2866 2784 3044 2840 Filius
3075 2790 3218 2854 erat,
3253 2789 3315 2840 ut
3346 2784 3673 2856 intelligen-

2027 2856 2163 2910 dum
2199 2856 2256 2910 in
2286 2856 2395 2911 hoc
2427 2861 2536 2921 est,
2565 2857 2622 2911 In
2649 2857 2925 2927 principio
2956 2862 3075 2911 erat
3106 2858 3353 2925 Verbum,
3385 2857 3676 2919 et,0mnia

2024 2944 2125 2996 per
2153 2930 2329 2997 ipsum
2344 2932 2487 2999 facta
2518 2936 2664 2983 sunt.
2697 2929 2842 2991 Quia
2871 2932 2926 2982 et
2956 2933 3189 2999 tempus
3219 2931 3345 2983 sine
3375 2927 3672 2998 aliquibus

2028 3005 2303 3071 creaturae
2338 2998 2594 3054 motibus
2627 3015 2740 3053 non
2776 3004 2965 3071 potest
3007 2998 3155 3057 esas.
3190 3000 3256 3054 Et
3300 3000 3427 3054 ideo
3461 3016 3561 3071 per
3588 2998 3675 3053 Fi-

2027 3069 2167 3125 lium
2206 3072 2355 3126 facta
2385 3072 2731 3125 conﬁtemur
2777 3069 2840 3142 et
2880 3076 3164 3141 tempora,
3193 3088 3293 3141 per
3320 3069 3477 3142 quae
3523 3071 3674 3125 facta

2026 3147 2165 3197 sunt
2193 3143 2392 3196 omnia
2424 3159 2436 3195 :
2472 3142 2600 3196 ideo
2634 3140 2839 3213 procul
2863 3140 3040 3196 dubio
3121 3140 3373 3213 aequalis
3411 3142 3668 3211 genitus,

2024 3218 2082 3269 et
2112 3219 2431 3269 comternus
2466 3219 2553 3268 est
2580 3212 2731 3268 Patri
2765 3212 2961 3267 Filius.
2996 3212 3221 3268 Dicitur
3248 3213 3453 3284 [Filius
3476 3213 3574 3267 Dei
3606 3229 3674 3267 ex

2023 3284 2323 3340 voluntate
2373 3289 2429 3339 et
2473 3290 2756 3356 prmcepto
2794 3284 3002 3351 Patris,
3033 3284 3310 3348 scelestis,
3353 3285 3670 3356 terrestria,

2022 3356 2279 3411 visibilia
2309 3361 2364 3411 et
2392 3354 2730 3419 invisibilia,
2763 3372 3005 3426 corpora
3033 3360 3089 3410 et
3120 3356 3363 3427 spiritus
3392 3373 3461 3410 ex
3491 3354 3671 3410 nullis

2024 3428 2411 3493 exstantibus,
2449 3428 2505 3482 id
2533 3432 2643 3489 est,
2677 3443 2744 3481 ex
2774 3427 3053 3481 nihilout
3081 3433 3295 3495 essent,
3317 3443 3426 3481 sua
3458 3427 3669 3481 virtute

2024 3498 2383 3570 fecisse(b):]
2407 3498 2678 3570 cumipse
2708 3514 2776 3552 ex
2797 3497 2974 3553 nullis
2996 3497 3497 3566 exstantibus,hoc
3510 3514 3578 3552 ex
3592 3497 3674 3552 ni-

2024 3570 2140 3625 hilo
2155 3588 2268 3625 non
2283 3569 2471 3626 factus
2489 3569 2691 3634 sit,sed
2710 3586 2778 3623 ex
2793 3574 2901 3624 Deo
2924 3570 3086 3623 Patre
3113 3570 3437 3640 Deus:quae
3469 3585 3565 3640 res
3593 3569 3675 3622 in-

2022 3642 2176 3697 dicat
2190 3659 2365 3696 unam
2381 3647 2435 3695 et
2447 3642 2709 3696 eamdem
2727 3641 2910 3695 Patris
2927 3640 3053 3695 Filii
3067 3639 3673 3711 quenaturam.Filius

2022 3730 2125 3785 per
2137 3729 2196 3768 se
2212 3714 2403 3784 ipsum
2420 3730 2532 3785 non
2549 3712 3041 3785 potuit,tanquam
3058 3718 3339 3785 nonesset
3351 3717 3482 3766 ante
3495 3726 3671 3782 quam

2025 3784 2205 3854 fieret,
2244 3784 2610 3855 utessetipse
2634 3800 2731 3853 per
2757 3800 2929 3851 quam
2954 3784 3117 3838 ﬁeret
3137 3784 3288 3839 idem
3313 3784 3458 3851 ipse.
3494 3787 3669 3837 Porro

2022 3856 2071 3912 si
2106 3874 2203 3928 per
2233 3856 2488 3928 aliquem
2516 3854 2699 3909 alium
2732 3872 2765 3910 a
2794 3855 2963 3928 Patre
2996 3856 3181 3928 factus
3205 3862 3292 3910 est
3314 3854 3667 3928 Filius;quis

2022 3926 2265 3999 estipse
2286 3926 2456 3993 alius,
2490 3943 2622 3981 cum
2675 3926 2878 3999 omnia
2918 3942 3019 3999 per
3064 3926 3258 3998 ipsum
3307 3926 3461 3999 facta
3504 3930 3664 3999 sunt,

2022 3999 2130 4054 hoc
2156 3996 2262 4065 est,
2296 4016 2399 4070 per
2426 3999 2682 4053 Verbum
2716 3997 2887 4068 ejus?
2914 3996 3266 4070 [Antequam
3299 3997 3485 4052 facere
3531 3996 3663 4052 uni-

2020 4088 2205 4137 versa,
2239 4069 2503 4126 omnium
2554 4070 2885 4124 futurorum
2935 4074 3085 4124 Deus
3122 4074 3179 4124 et
3227 4069 3534 4135 Dominus,
3566 4083 3665 4124 rex

2021 4147 2076 4197 et
2106 4148 2330 4197 creator
2357 4147 2478 4197 erat
2507 4142 2886 4203 constitutus,
2937 4145 2993 4195 et
3035 4141 3299 4195 omnium
3335 4141 3665 4194 futurorum

2020 4213 2077 4267 in
2104 4219 2307 4268 natura
2337 4213 2558 4268 habens
2613 4212 3033 4283 praescientiam
3055 4252 3068 4274 ,
3111 4216 3168 4266 et
3201 4211 3259 4266 in
3296 4212 3573 4283 ifaciendo
3605 4210 3665 4265 in

2019 4286 2293 4340 omnibus
2323 4282 2666 4355 exspectans
2696 4282 3423 4355 Patrisjussionemulpse
3454 4282 3670 4337 volun-

2017 4362 2133 4411 tate
2152 4356 2339 4411 Patris
2368 4352 2670 4410 descendit
2698 4355 2769 4409 de
2801 4353 2962 4418 ccelo,
2995 4358 3053 4409 et
3081 4354 3238 4410 venit
3264 4352 3668 4421 inmundum,

2019 4428 2172 4483 sicut
2201 4427 2326 4498 ipse
2351 4427 2434 4498 ait
2464 4444 2477 4481 :
2510 4427 2627 4498 Non
2656 4428 2803 4498 enim
2833 4443 2867 4480 a
2895 4441 2981 4498 me
3012 4428 3131 4498 ipso
3160 4428 3304 4495 veni,
3326 4426 3420 4481 sed
3461 4427 3557 4480 ille
3586 4441 3671 4481 me

2018 4501 2172 4553 misit
2195 4496 2313 4569 (c).]
2349 4497 2471 4553 Una
2502 4497 2717 4568 quippe
2773 4496 2903 4567 ipsa
2932 4497 3188 4552 Trinitas
3228 4502 3337 4564 est,
3389 4498 3668 4569 quoniam

2019 4586 2088 4625 ex
2114 4568 2248 4641 ipso,
2272 4573 2321 4624 et
2349 4586 2446 4639 per
2468 4571 2667 4641 ipsum,
2701 4575 2752 4623 et
2778 4569 2839 4622 in
2871 4570 2984 4637 ipso
3012 4573 3142 4641 sunt
3173 4569 3381 4624 omnia.
3408 4568 3669 4641 Dicimus

2023 4638 2255 4709 iubente
2287 4638 2450 4695 Patre
2483 4640 2691 4695 Filium
2724 4655 2951 4693 creasse
2985 4640 3201 4709 omnia,
3248 4657 3363 4694 non
3398 4656 3525 4695 esse
3554 4638 3669 4694 nisi

2070 4714 2296 4778 erbum,
2335 4729 2434 4784 per
2464 4712 2613 4784 quod
2652 4710 2802 4765 facta
2826 4713 2971 4784 sunt
3001 4711 3218 4784 omnia.
3264 4710 3425 4775 Quod
3472 4716 3667 4767 autem

2019 4785 2187 4839 Pater
2216 4782 2443 4839 miserit
2473 4782 2704 4847 Filium,
2738 4782 2837 4851 qui
2866 4798 3003 4854 cum
3036 4783 3163 4853 ipso
3195 4786 3371 4846 venit,
3404 4784 3528 4854 ipse
3558 4789 3671 4838 tes-

2020 4861 2177 4911 tatur
2207 4856 2307 4927 qui
2340 4855 2421 4910 ait
2454 4871 2467 4909 :
2500 4854 2615 4927 Non
2647 4869 2769 4927 sum
2798 4853 2961 4921 solus,
2983 4855 3250 4925 quoniam
3270 4853 3441 4927 Pater
3461 4870 3670 4927 mecum

2019 4933 2119 4983 est.
2155 4924 2623 4998 Nunquamideo
2646 4925 2874 4998 divers_a
2904 4924 3113 4998 natura
3160 4929 3268 4995 est,
3320 4925 3457 4997 quia
3499 4925 3668 4981 Pater
3697 4942 3701 4946 '

2022 4999 2218 5060 mittit,
2251 4996 2590 5053 etimittitur
2624 4996 3023 5052 Filius.Potest
3043 4996 3217 5052 homo
3253 4996 3417 5067 pater
3441 4998 3674 5053 mittere

2021 5070 2317 5125 hominem
2351 5068 2580 5137 ﬁilium,
2613 5085 2726 5123 non
2758 5068 2933 5123 unius
2981 5068 3367 5139 ejusdemque
3396 5070 3668 5123 substan-

2020 5142 2131 5206 tias.
2166 5158 2300 5197 cum
2330 5140 2505 5196 homo
2528 5140 2747 5195 missus
2777 5140 2848 5195 ab
2878 5138 3118 5212 homine
3149 5138 3415 5212 mittente
3445 5156 3673 5212 separe-

2020 5218 2118 5269 tur
2153 5232 2165 5271 :
2198 5229 2311 5269 non
2347 5216 2534 5284 potest
2569 5213 2736 5267 Deus.
2798 5210 2908 5284 sed
2950 5210 3125 5284 ignis,
3195 5211 3375 5284 mittit
3394 5210 3668 5282 splendo~

2021 5302 2143 5342 rem
2177 5281 2372 5347 suum,
2408 5300 2513 5339 nec
2546 5287 2733 5355 potest
2784 5281 3061 5355 splendor
3106 5283 3364 5355 separari
3406 5281 3479 5337 ab
3538 5285 3671 5355 igne

2022 5358 2304 5413 mittente.
2334 5356 2478 5411 Cum
2511 5353 2667 5409 enim
2699 5353 3094 5427 splendorem
3140 5353 3319 5427 mittit
3348 5354 3522 5427 ignis,
3548 5353 3672 5427 lon-

2022 5431 2153 5497 gius
2186 5427 2442 5500 pervenit
2462 5427 2596 5481 inde
2619 5426 2915 5497 splendor,
2948 5426 3230 5552 quoiqnis
3253 5426 3668 5498 non'pervenit.

2022 5499 2183 5552 Unde
2213 5500 2488 5552 snlendor
2519 5499 2590 5552 ab
2621 5497 2755 5552 iane
2784 5498 2883 5552 aui
2914 5502 3002 5552 est
3032 5497 3092 5552 in
3144 5514 3358 5552 ucerna
3389 5498 3668 5552 missus‘.

2021 5497 2488 5572 Unde-splendor
2519 5499 2590 5554 ab
2621 5497 2755 5569 igne
2784 5498 2883 5570 qui
2914 5502 3002 5553 est
3032 5497 3092 5552 in
3120 5497 3358 5553 lucerna
3389 5498 3668 5567 missus‘,

2085 5636 2102 5670 ι
2118 5632 2446 5690 Augustinus
2471 5631 2524 5679 in
2536 5628 2669 5679 libro
2688 5632 2873 5679 contra
2885 5629 3196 5680 Sermonem
3215 5631 3528 5680 Arianorum
3545 5631 3674 5681 scri-

2020 5696 2149 5760 psit:
2171 5696 2287 5760 Non
2327 5696 2499 5758 utique
2524 5695 2690 5760 posset
2719 5708 2909 5760 verunt
2932 5693 3108 5760 dicere
3130 5693 3182 5760 in
3202 5695 3414 5756 pariete,
3437 5707 3537 5752 quo
3559 5694 3675 5760 sine

2034 5756 2249 5808 lucerna:
2272 5759 2388 5817 igne
2406 5756 2803 5821 pervenithnis
2822 5756 2910 5821 qui
2937 5772 3017 5821 me
3034 5756 3175 5805 misit
3190 5771 3381 5806 mecum
3402 5761 3476 5806 est
3506 5758 3676 5821 potuit

2086 5823 2156 5886 (ξι)
2179 5822 2410 5886 ΕιΑιίὺιιο
2434 5820 2946 5886 contra_Sermonem
2962 5820 3671 5886 Arianorum,capp.t,2,etc.

2084 5882 2156 5943 (ὁ)
2182 5884 2499 5935 Arianorum
2527 5882 2707 5933 verba.

2091 5946 2157 6015 (ε)
2184 5949 2316 6000 Item
2344 5946 2507 5999 verba
2528 5946 2862 6002 Arianorum.
