4048 6470
413 283 567 350 1199

415 422 613 491 utique
642 436 769 475 vere
794 419 975 490 possit
1008 418 1117 472 dici
1154 415 1206 471 in
1243 414 1783 491 pariete,_rquosii_ie
1808 416 2052 491 lucernas

409 488 545 565 igne
577 488 833 564 pervenit
860 492 1031 561 ignis.
1057 490 1244 560 Super
1274 490 1379 542 hoc
1415 489 1593 543 Filius
1626 488 1787 553 dicit,
1821 488 1926 554 Qui
1967 502 2052 541 me

410 682 577 727 autem
610 679 835 726 missusa
867 678 1016 725 Patre
1033 676 1187 724 Filius
1215 675 1398 733 dicere,
1421 675 1572 723 Pater
1600 688 1791 722 mecum
1813 676 1902 721 est.
1922 671 2051 719 Sen-

411 742 629 791 tentiam
647 742 870 802 turpiter
885 740 1141 788 deformat
1157 739 1565 800 exscriptor;nec
1581 736 1783 802 aliquid
1802 736 2051 802 deinceps

409 804 652 868 adjungit
669 799 859 868 praeter
875 807 1198 868 excceiiitaeir
1212 802 1398 850 eodem
1412 801 1689 868 Augustipi
1714 799 1848 868 libro
1867 800 2051 868 contra

410 861 719 916 Sermonem
743 861 1078 922 Arianorum,
1100 864 1234 912 male
1269 861 1545 922 compacta
1568 866 1619 911 et
1639 861 1776 910 foede
1796 861 2052 909 truncatis

411 929 506 977 aut
532 927 863 991 interpolatis
892 927 1167 976 sententiis
1195 927 1376 989 inepta
1391 922 1641 988 lectuque
1671 922 1910 985 indigna.

1897 273 2321 342 APPENDIX.

3662 269 3814 338 1200

2161 414 2330 469 misit.
2364 428 2571 465 irarum
2604 416 2681 464 est
2713 412 2898 473 (Joan.
2932 420 3055 467 VIII.
3092 407 3179 469 42,
3216 408 3300 474 16,
3333 407 3423 478 29)
3447 423 3458 461 :
3481 407 3639 479 quod
3687 424 3812 463 vere

2204 485 2350 537 otuit
2383 483 2559 537 Filius
2596 481 2807 541 dicere,
2856 483 3019 534 Pater
3058 495 3271 533 meeum
3321 489 3417 533 est.
3450 480 3595 535 Cum
3624 481 3813 551 igitur

2206 572 2283 609 aee
2314 572 2346 607 a
2378 555 2542 608 Patre
2574 554 2774 606 missio
2809 552 2933 605 Filii
2973 567 3211 621 prorsus
3236 551 3550 605 ineffabilia
3585 550 3684 618 sit,
3713 568 3811 606 nec

2163 626 2288 696 capi
2326 626 2503 679 ullius
2526 625 2869 694 cogitatione
2903 623 3106 694 possit,
3133 625 3237 676 hoc
3256 623 3448 696 etiam
3497 622 3591 677 hic
3625 626 3814 696 potgst

2164 693 2428 768 intelligi.
2463 702 2589 768 uta
2620 701 2778 766 patre
2812 693 3028 768 missus
3059 710 3186 748 esse
3234 693 3675 768 dicatuquuod
3706 693 3813 768 _Fi-

2162 767 2276 823 lius
2310 765 2647 823 hominibus
2678 765 2961 837 apparuit
2991 765 3049 820 in
3101 781 3293 832 carne,
3327 781 3442 837 non
3474 765 3666 821 Pater.
3694 766 3811 830 Quo

2165 839 2321 895 enim
2353 839 2606 894 mittitur
2634 835 2833 905 Filius,
2868 835 2967 891 ubi
2999 853 3114 893 non
3147 836 3282 892 est?
3337 836 3441 893 Ubi
3476 840 3673 893 autem
3698 853 3810 892 non

2167 916 2255 967 est
2278 911 2543 982 sapienta
2568 909 2706 964 Dei?
2738 914 2847 964 etc.

409 1060 3277 1091 Mm

1309 1157 1746 1221 ADMONITIO
1788 1157 1868 1219 IN
1913 1153 2549 1227 SUBSEQUENTEM
2593 1153 2894 1216 LIBRUM

479 1412 606 1469 Non
638 1410 739 1467 uni
766 1410 1113 1482 Augustino,
1145 1409 1246 1465 sed
1280 1407 1409 1464 aliis
1441 1406 1646 1463 multis
1677 1406 2012 1462 auctoribus
2043 1422 2206 1478 mque
2236 1403 2384 1461 falso
2414 1402 2670 1458 tributus
2703 1401 3169 1470 fuit,Ambrosio,
3201 1402 3573 1475 Hieronymo,
3608 1402 3811 1458 Ansel-

407 1518 524 1569 mo,
558 1505 988 1556 Bonaventurae.
1018 1502 1361 1570 Quanquam
1394 1498 1548 1570 apud
1580 1496 1994 1568 Hieronymum
2027 1513 2143 1552 non
2175 1500 2332 1551 totus
2364 1496 2570 1561 exstat,
2602 1492 2703 1547 sed
2735 1496 2963 1547 tantum
2998 1508 3181 1564 usque
3213 1493 3284 1547 ad
3308 1494 3503 1561 verba,
3538 1494 3668 1550 Haec
3698 1509 3812 1548 om-

402 1593 499 1647 nia
536 1607 654 1661 quae
674 1589 948 1660 praedicta
1006 1597 1158 1653 sunt,
1181 1592 1315 1657 etc.,
1353 1586 1462 1642 col.
1498 1587 1655 1651 1208,
1688 1602 1815 1657 cap.
1850 1587 1911 1652 2;
1946 1586 2220 1656 apudque
2256 1583 2451 1655 ipsum
2486 1580 2843 1646 inscribitur,
2894 1582 2967 1636 De
2996 1581 3082 1636 his
3123 1596 3247 1652 quae
3284 1582 3388 1637 Deo
3419 1585 3479 1637 in
3511 1580 3812 1653 Seripturis

404 1680 804 1735 attribuuntur.
826 1677 992 1749 Apud
1024 1676 1388 1744 Anselmum,
1422 1677 1494 1731 De
1532 1674 1861 1730 vestimentis
1892 1676 1943 1729 et
1983 1672 2240 1727 membris
2284 1674 2333 1727 et
2364 1671 2570 1726 actibus
2599 1671 2703 1724 Deo
2732 1669 2977 1725 tributis.
3010 1671 3177 1742 Apud
3210 1672 3705 1737 Bcnaventuram,
3741 1672 3811 1726 De

404 1770 644 1824 essentia
669 1774 720 1823 et
740 1765 1132 1823 invisibilitate
1151 1774 1203 1821 et
1232 1767 1594 1820 immensitate
1615 1766 1730 1819 Dei.
1759 1764 1821 1818 In
1854 1768 1991 1819 Mss.
2025 1763 2303 1818 Vaticano
2335 1766 2392 1816 et
2422 1759 2716 1814 Victorino
2765 1759 2875 1813 sub
2918 1760 3232 1831 Augustini
3283 1759 3520 1815 nomine
3572 1759 3812 1816 titulum

405 1857 601 1923 habet,
632 1858 705 1912 De
736 1858 979 1913 essentia
1010 1855 1325 1910 divinitatis
1348 1858 1399 1910 et
1427 1854 1492 1909 de
1519 1852 1908 1909 invisibilitate
1936 1861 2095 1924 atque
2124 1849 2682 1908 incommutabilitate
2731 1849 2846 1903 Dei.
2882 1849 3076 1905 Prima
3117 1853 3174 1905 et
3206 1850 3462 1905 maxima
3492 1866 3631 1921 pars
3685 1848 3815 1904 libri

405 1961 474 2001 ex
496 1944 764 2001 Eucherii
807 1943 1209 2017 Lugdunensis
1240 1959 1410 2015 opere
1439 1943 1509 1998 de
1548 1941 1836 1998 Formulis
1866 1940 2189 2013 spiritualis
2222 1937 2619 2010 intelligentiae
2652 1942 2907 2010 sumpta,
2939 1939 3197 1996 continet
3225 1944 3417 1995 totum
3450 1943 3628 2010 caput
3648 1940 3805 2010 ejus-

409 2034 543 2090 dem
575 2034 765 2105 operis
796 2034 1076 2105 primum,
1104 2033 1257 2104 quod
1291 2036 1379 2088 est
1408 2033 1478 2087 de
1507 2031 1730 2087 Divinis
1762 2030 2120 2087 nominibus.

987 2290 1192 2401 DE
1276 2290 2081 2401 ESSENTIA

1752 2481 2080 2556 LIBER.

480 2736 521 2792 Ι.
550 2732 931 2805 Omnipotens
978 2730 1154 2805 Deus_
1182 2731 1347 2787 Pater
1395 2734 1452 2787 et
1498 2730 1681 2805 Filius
1711 2735 1767 2787 et
1801 2731 2052 2805 Spiritus

406 2812 668 2873 sanctus,
701 2803 854 2860 unus
881 2809 1054 2875 atque
1084 2803 1296 2867 trinus,
1330 2820 1485 2858 unus
1514 2803 1781 2875 videlicet
1801 2804 1858 2857 in
1884 2808 2050 2875 natu-

406 2897 490 2957 ra,
525 2879 716 2957 trinus
747 2893 879 2932 vero
911 2874 1096 2957 eistat
1123 2875 1182 2930 in
1212 2875 1480 2957 personis
1504 2874 2049 2957 :Isolusinvisibil‘is,

407 2945 567 3006 solus
612 2950 938 3003 immensus
987 2953 1159 3019 atque
1209 2945 1839 3019 incomprehensibilis,
1891 2945 2052 3000 solus

406 3021 977 3091 incircumscriptus,
1023 3017 1182 3073 solus
1231 3017 1643 3091 immutabilis,
1678 3018 2051 3091 incorporeus

408 3097 465 3148 et
496 3089 866 3161 immortalis,
900 3090 1117 3161 ubique
1152 3105 1423 3161 praesens,
1458 3089 1555 3143 sed
1587 3089 1810 3161 latens:
1838 3089 2051 3159 ubique

405 3168 586 3227 totus,
617 3164 718 3218 sed
749 3160 1095 3217 immensus.
1131 3160 1566 3231 lnvisibilisrest
1594 3161 1732 3231 quia
1760 3160 1819 3213 in
1852 3176 2049 3214 essen-

406 3235 491 3289 tia
512 3252 620 3289 sua
650 3233 829 3288 videri
860 3250 974 3288 non
1003 3236 1209 3304 potest,
1245 3230 1514 3304 Apostolo
1536 3230 1925 3301 testante,qui
1948 3231 2049 3296 ait,

408 3307 575 3375 Quem
607 3305 796 3360 nullus
847 3303 1134 3360 hominum
1163 3303 1320 3368 vidit,
1348 3304 1470 3375 sed
1514 3318 1610 3357 nec
1658 3304 1842 3358 videre
1880 3306 2053 3375 potest

406 3373 450 3450 (ἶ
483 3379 613 3432 Tim.
649 3377 861 3447 v1,16).
914 3376 1072 3450 Etin
1115 3373 1442 3450 Evangelio,
1502 3379 1670 3429 Deum
1713 3390 1868 3450 nemo

408 3444 925 3520 unquamUomiJ,
960 3447 1068 3517 18).
1128 3448 1505 3520 Incorporeus
1553 3446 1829 3520 estquia
1874 3444 2052 3501 nullis

408 3516 807 3575 membrorum
840 3516 1211 3574 lineamentis
1226 3516 1606 3588 compositus,
1631 3516 1750 3572 sive
1780 3533 2049 3585 compac-

407 3595 504 3645 tus
534 3592 750 3658 existit,
784 3589 937 3645 sicut
969 3590 1194 3644 Veritas
1222 3591 1279 3643 in
1314 3588 1616 3659 Evangelio
1664 3589 1763 3655 ait,
1815 3588 2051 3658 Spiritus

406 3668 486 3718 est
520 3668 689 3723 Deus;
718 3666 767 3717 et
795 3677 881 3717 eos
910 3662 1006 3733 qui
1027 3660 1267 3733 adorant
1286 3677 1430 3725 eum,
1451 3662 1508 3714 in
1535 3662 1736 3730 spiritu
1754 3668 1804 3714 et
1826 3659 2053 3733 veritate

407 3737 609 3803 oportet
658 3733 887 3787 adorare
920 3731 1181 3803 ‘(ld.1v,i
1209 3732 1321 3803 24).
1384 3733 1713 3803 [inmensus
1772 3736 1879 3798 est,
1912 3731 2051 3803 quia

417 3802 719 3876 quantitas
750 3805 877 3875 ejus
906 3802 1016 3876 vel‘
1053 3802 1303 3876 qualitas
1333 3820 1390 3876 a4
1425 3802 1586 3857 nullo
1618 3819 1711 3876 Aex
1768 3802 2051 3857 creaturis

405 3873 599 3930 metiri
648 3873 877 3945 potest:
928 3873 1020 3929 cui
1055 3873 1328 3930 Salomon
1376 3873 1436 3929 in
1488 3874 1744 3929 oratione
1771 3890 1878 3928 sua
1903 3891 2047 3945 sup-

401 3946 729 4018 plicansait,
783 3948 845 4003 Si
898 3946 1095 4000 ccelum
1128 3954 1199 4018 et
1249 3945 1376 3999 cali
1421 3945 1677 4000 caelorum
1716 3953 1916 4018 tenon
1957 3962 2046 4018 ea:

395 4015 580 4090 piunt,
630 4022 837 4089 quanto
894 4019 1074 4090 magis
1102 4016 1291 4090 domus
1321 4018 1425 4090 ista
1455 4032 1616 4085 quam
1648 4015 2047 4090 wdiﬁcavillll

399 4086 533 4171 Reg.
566 4086 573 4089 ’
608 4086 729 4153 vin,
795 4087 942 4160 27)?
1000 4087 1548 4211 Incircumscriptus
1610 4092 1699 4141 est
1774 4086 2046 4168 quoniam

399 4159 800 4211 circumscribi
834 4177 947 4211 non
1002 4163 1210 4211 notest.
1239 4158 1412 4211 Illoca
1436 4175 1486 4211 ιε
1523 4161 1631 4211 est.
1666 4174 1938 4211 quoniam
1972 4159 2043 4211 de

398 4157 800 4216 circumscribi
834 4157 947 4214 non
1002 4163 1210 4230 potest.
1239 4157 1486 4213 Illocalis
1508 4161 1631 4230 est,
1666 4159 1938 4230 quoniam
1972 4159 2043 4214 de

400 4231 525 4287 loco
551 4232 623 4286 ad
665 4231 859 4286 locum
904 4229 1273 4300 nequaquam
1334 4229 1563 4295 transit,
1590 4229 1688 4283 sed
1749 4246 1931 4297 neque
1986 4230 2041 4284 in

401 4300 529 4358 loco
592 4303 852 4374 quolibet
909 4303 1248 4374 retinetur‘,
1292 4300 1420 4374 ipso
1459 4301 1530 4356 de
1573 4300 1887 4374 semetipso
1944 4317 2047 4370 per

401 4370 985 4445 Isaiam-prophetam
1045 4370 1449 4445 testimonium
1501 4370 1837 4442 perhibente
1868 4376 2043 4445 atque

394 4443 660 4512 dicente;
707 4445 911 4499 (Icelum
988 4443 1138 4498 sedes
1188 4460 1331 4513 mea,
1391 4452 1537 4498 terra
1597 4446 1782 4497 autem
1837 4444 2039 4498 scabel-

394 4516 511 4571 lum
531 4517 727 4587 pedum
757 4532 1006 4571 meorum
1036 4514 1184 4584 (Isai.
1212 4532 1356 4571 vai.
1391 4516 1446 4583 1)
1489 4516 1556 4569 Et
1585 4514 2038 4587 perJeremiam,

390 4586 582 4643 Nonne
602 4588 796 4642 cazlum
840 4594 889 4641 et
931 4596 1135 4642 terram
1183 4602 1276 4656 ego
1328 4587 1544 4656 impleo,
1593 4586 1728 4641 dicit
1773 4587 2039 4641 Dominus

413 4661 609 4714 Jerem.
641 4676 803 4728 xxm,
832 4658 951 4725 24)?
981 4658 1160 4724 Cujus
1190 4657 1644 4712 immensitatem
1679 4657 2039 4728 prophetain

435 4730 622 4785 salmo
654 4704 938 4786 confitens
966 4729 1037 4783 ad
1064 4704 1264 4799 ipsum
1300 4734 1475 4783 Deum
1522 4728 1621 4795 ait,
1654 4704 1715 4783 S‘i
1744 4704 2039 4785 arcendero

389 4802 449 4856 in
478 4805 688 4864 caelum,
716 4806 775 4855 tu
805 4802 923 4855 illic
952 4816 1028 4860 es;
1075 4808 1126 4854 et
1171 4801 1222 4853 si
1268 4799 1589 4854 descendere
1625 4800 1704 4855 ad
1733 4802 2036 4868 infernum,

389 4873 516 4928 ades
548 4872 722 4942 (Psal.
756 4889 1023 4934 cxxxvm,
1056 4872 1132 4941 8).
1170 4875 1242 4923 De
1274 4872 1442 4941 cujus
1492 4871 1884 4926 immensitate
1936 4872 2036 4926 ad-

386 4944 502 5000 huc
535 4945 594 4999 in
625 4944 771 4999 libro
802 4945 949 4999 beati
982 4943 1089 4997 Job
1118 4942 1399 5010 scriptum
1444 4946 1552 5006 est,
1594 4944 1874 4997 Επειδὶον
1909 4943 2038 4999 caelo

387 5025 490 5085 est,
521 5025 570 5071 et
599 5016 730 5085 quid
752 5018 952 5085 facies?
982 5013 1320 5082 Profundior
1342 5014 1580 5083 inferno,
1601 5017 1649 5067 et
1682 5013 1820 5067 unde
1840 5030 2033 5082 cogno-

385 5103 497 5142 sces
528 5084 662 5153 (Job.
688 5084 765 5153 x1,
800 5086 896 5151 8)?
930 5086 1365 5155 Longiorterra
1396 5100 1670 5138 mensura
1701 5085 1848 5153 ejus,
1882 5084 2035 5141 etla-

386 5158 502 5212 tior
560 5159 726 5214 mari.
774 5158 879 5220 Qui
913 5154 1307 5227 enimiccelum
1341 5160 1398 5209 et
1418 5162 1628 5208 terram
1663 5155 1882 5225 implet,
1904 5173 2034 5227 pro-

386 5229 480 5284 cul
514 5230 690 5285 dubio
732 5228 932 5283 nullus
964 5233 1052 5282 est
1082 5226 1240 5281 locus
1294 5228 1367 5280 ab
1419 5227 1546 5295 ejus
1577 5229 1883 5295 praesentia
1908 5226 2032 5282 fab-

386 5316 540 5355 sens.
604 5302 788 5371 Super
844 5316 1075 5354 omnem
1134 5298 1350 5368 quippe
1387 5303 1708 5371 creaturam
1766 5299 2035 5367 praasidet

384 5373 636 5437 regendo
658 5368 832 5442 atque
853 5372 1207 5439 imperando,
1228 5387 1355 5442 non
1389 5368 1602 5442 laboris
1636 5371 1907 5439 pondere.
1931 5371 2030 5425 sed

387 5440 753 5512 infatigabili
779 5444 989 5497 virtute
1020 5459 1031 5495 :
1062 5441 1335 5511 quoniam
1374 5440 1530 5494 nulla
1560 5447 1823 5495 creatura
1864 5442 1935 5495 ab
1966 5459 2031 5497 eo

385 5515 615 5568 condita
650 5532 758 5583 per
784 5532 844 5569 se
877 5512 1192 5567 subsistere
1223 5512 1388 5576 valet,
1420 5512 1529 5566 nisi
1564 5512 1778 5583 abipso
1802 5518 2030 5568 susten-

382 5590 538 5657 tetur
568 5586 663 5657 qui
697 5585 855 5639 illam
909 5586 1140 5657 creavit.
1176 5585 1348 5657 Extra
1396 5584 1594 5657 omnia
1637 5590 1747 5657 est,
1778 5586 1873 5639 sed
1914 5602 2029 5639 non

383 5655 667 5711 inclusus.
700 5656 1086 5713 Immutabilis
1118 5664 1203 5709 est
1235 5656 1371 5725 quia
1402 5655 1472 5708 ab
1503 5672 1568 5710 eo
1601 5656 1753 5724 quod
1788 5661 1875 5709 est
1902 5673 2027 5711 mu-

382 5728 495 5785 tari
527 5730 763 5786 omnino
786 5747 902 5785 non
925 5732 1135 5802 potest,
1160 5728 1286 5799 ipso
1313 5727 1537 5784 dicente
1559 5744 1661 5800 per
1682 5728 2026 5786 Malachiam

440 5891 462 5957 ,ί
494 5889 591 5942 Ms.
624 5890 925 5953 Vaticanus,
954 5886 1259 5941 continetur.

2173 2288 3222 2401 DIVINITA'I‘IS

2163 2480 2463 2556 UNUS

2210 2733 2538 2804 rophetam,
2569 2734 2677 2804 Ego
2707 2733 2969 2787 Dominus
2998 2739 3050 2787 et
3066 2740 3409 2804 nonhmutor
3437 2732 3698 2801 (Malach.
3737 2749 3818 2803 tn,

2210 2750 2272 2788 ro
2320 2750 2538 2801 netam,
2569 2750 2677 2804 ego
2707 2750 2969 2787 uommus
2998 2750 3175 2787 etnon
3224 2750 3409 2788 mutor
3437 2750 3698 2801 (natura.
3737 2750 3816 2803 tu,

2161 2750 2238 2871 ἓ).
2272 2750 2404 2860 ideo
2437 2811 2629 2860 autem
2663 2805 2815 2859 Deus
2856 2802 3241 2858 immutabilis
3273 2804 3508 2867 dicitur,
3563 2806 3703 2874 quia
3756 2805 3816 2860 in

2164 2882 2369 2930 natura
2398 2878 2546 2947 ejus,
2582 2876 2689 2945 ira,
2741 2877 2922 2947 furor,
2955 2874 3309 2947 parnitentia,
3344 2875 3576 2938 oblivio,
3623 2893 3814 2931 recor-

2163 2948 2340 3012 datio,
2371 2946 2439 3002 et
2457 2948 2569 3002 alia
2598 2947 2691 3001 his
2724 2946 3136 3015 similia,nullo
3161 2948 3639 3001 modoaccidunt.
3662 2947 3814 3001 Sim-

2166 3017 2291 3091 plex
2317 3020 2473 3074 enim
2506 3025 2714 3091 natura
2743 3023 2850 3091 est,
2884 3017 3269 3091 immutabilis
3300 3025 3478 3091 atque
3499 3017 3813 3091 impertur-

2162 3089 2327 3158 bata;
2389 3106 2575 3161 neque
2618 3089 2774 3144 aliud
2799 3092 2887 3144 est
2920 3090 3062 3159 ipse,
3102 3093 3159 3143 et
3204 3088 3563 3160 aliud'quod
3605 3089 3812 3155 habet;

2161 3162 2261 3216 sed
2286 3160 2493 3233 ipsum
2515 3165 2603 3216 est
2630 3161 2783 3233 quod
2818 3161 2991 3233 habet
3021 3165 3079 3215 et
3108 3162 3260 3231 quod
3296 3166 3403 3215 est.
3457 3160 3815 3233 Immortalis

2162 3237 2269 3291 est,
2301 3233 2436 3302 quia
2468 3233 2612 3287 mori
2646 3232 2808 3287 nullo
2843 3232 3012 3287 modo
3045 3238 3253 3302 potest,
3280 3232 3555 3302 Apostolo
3587 3232 3695 3286 hoc
3724 3238 3813 3287 at-

2160 3308 2412 3359 testante
2442 3312 2613 3373 atque
2673 3305 2921 3372 dicente,
2958 3306 3061 3370 Qui
3091 3304 3235 3358 solus
3250 3304 3408 3358 habet
3429 3306 3819 3359 immortalitao

2158 3377 2286 3438 tem,
2320 3375 2495 3429 lucem
2516 3376 2775 3429 habitans
2796 3376 3289 3439 innaccessibilem,
3324 3392 3484 3445 quem
3501 3377 3691 3430 nullus
3713 3376 3813 3431 ha-

2158 3447 2357 3500 minun
2387 3447 2540 3503 vidit.
2572 3447 2665 3500 sed
2691 3462 2788 3500 nec
2817 3446 2997 3501 videre
3026 3450 3197 3513 potest
3228 3447 3517 3517 (iTim.v1,
3543 3447 3651 3518 16).
3675 3447 3815 3502 Ubi-

2160 3533 2413 3589 cumque
2443 3522 2638 3572 autem
2673 3534 2839 3572 sacra
2885 3518 3184 3587 Scriptura
3222 3520 3474 3588 sparsim
3520 3535 3625 3589 per
3670 3518 3815 3573 divi-

2160 3605 2266 3643 nos
2293 3588 2508 3650 Libros.
2544 3590 2601 3642 in
2640 3596 2747 3644 Deo
2772 3595 2960 3643 motus
2992 3590 3198 3643 animae
3230 3606 3329 3643 seu
3355 3588 3615 3644 humana
3632 3607 3816 3645 mem-

2160 3658 2263 3732 bra
2293 3660 2585 3716 describit.
2613 3660 2669 3713 id
2703 3666 2812 3724 est,
2843 3664 3035 3732 caput,
3082 3660 3305 3732 capilos
3354 3661 3576 3731 oculos,
3614 3662 3811 3732 palpe-

2159 3731 2513 3795 bras,aures,
2542 3747 2731 3797 nares,
2766 3748 2850 3800 os,
2885 3731 3058 3798 labia,
3101 3731 3386 3801 linguam,
3439 3749 3558 3797 cor,
3611 3731 3815 3803 imagi-

2157 3808 2599 3877 neni,‘uterum,
2632 3819 2863 3877 manus,
2898 3803 3216 3877 dexteram.
3248 3804 3815 3877 sinistram,digitos

2156 3889 2255 3928 seu
2281 3873 2552 3946 digitum,
2593 3874 2919 3946 brachium,
2954 3875 3102 3941 alas,
3136 3875 3430 3945 scapulas.
3467 3873 3812 3946 posteriora,

2155 3944 2522 4015 pedesiitem
2557 3951 2750 4000 motus
2781 3944 3012 4011 animae,
3043 3946 3213 4013 iram,
3242 3944 3526 4011 furorem,
3573 3948 3816 4003 oblivio-

2156 4031 2307 4087 nem,
2346 4017 2825 4084 recordationem,
2882 4017 3308 4087 pcenitentiam,
3341 4023 3397 4072 et
3440 4017 3555 4073 alia
3602 4018 3696 4074 his
3727 4020 3813 4074 si-

2155 4086 2317 4142 milia
2350 4105 2361 4143 :
2400 4106 2511 4143 non
2550 4088 2859 4143 carnaliter
2888 4086 3065 4156 juxta
3105 4088 3409 4143 historiam
3441 4107 3476 4144 a
3527 4096 3680 4146 recte
3722 4093 3811 4145 in-

2152 4158 2549 4229 telligentibus
2587 4160 2920 4214 sentienda‘
2972 4167 3110 4213 sunt
3154 4161 3305 4215 sicut
3335 4177 3369 4215 a
3397 4161 3615 4216 Iudaeis
3662 4167 3719 4217 et
3770 4180 3805 4217 a

2151 4228 2445 4301 plerisque
2520 4230 2806 4286 haereticis
2866 4230 3176 4305 carnaliter
3239 4232 3649 4300 sapientibus,
3708 4233 3814 4305 qui

2153 4306 2332 4373 Deum
2396 4318 2735 4372 corporeum
2798 4307 2971 4372 atque
3019 4302 3260 4357 localem
3308 4304 3656 4373 opinantur:
3708 4302 3813 4360 sed

2152 4372 2535 4441 Spiritualiter
2564 4375 2760 4428 omnia
2791 4373 2861 4426 de
2893 4390 2957 4445 ego
2991 4372 3372 4445 intelligenda
3390 4380 3446 4429 et
3474 4375 3815 4432 confitenda

2150 4449 2303 4497 sunt.
2342 4444 2399 4498 Si
2434 4445 2564 4514 quis
2595 4450 2788 4499 autem
2822 4445 2880 4498 in
2912 4444 3026 4499 Deo
3061 4444 3319 4500 humana
3366 4448 3631 4501 membra
3681 4465 3810 4514 seu,

2150 4520 2346 4569 motus
2376 4515 2584 4570 anima:
2618 4533 2777 4571 more
2807 4516 3065 4569 humano
3097 4516 3284 4571 inesse
3364 4520 3549 4573 credit
3598 4520 3808 4574 nrocul

2149 4585 2326 4640 dubio
2360 4587 2415 4641 in
2449 4588 2619 4642 corde
2650 4587 2930 4642 suoidola
2962 4586 3226 4642 fabricat.
3258 4587 3460 4654 Igitur,
3484 4595 3550 4645 ut
3580 4585 3811 4647 dictum

2147 4660 2258 4726 est,
2298 4658 2617 4741 figuraliter
2646 4659 2706 4741 in
2746 4658 3091 4741 Deo-caput
3122 4675 3252 4714 cum
3289 4658 3566 4741 legimus,
3613 4662 3812 4741 ipsam

2146 4730 2461 4803 essentiam
2495 4730 2816 4803 divinitatis
2846 4732 2995 4799 ejus,
3019 4746 3147 4803 qua:
3177 4730 3375 4803 omnia
3420 4730 3720 4803 praecedit,
3750 4740 3815 4791 et

2145 4798 2239 4874 cui
2289 4802 2561 4874 universa
2609 4798 2881 4871 subjecta
2915 4798 3073 4867 sunt,
3123 4798 3450 4874 intelligere
3496 4798 3809 4865 debemus.

2145 4871 2396 4941 Capillos
2426 4890 2556 4946 vero
2588 4873 2797 4946 capitis
2829 4873 2975 4942 ejus,
3010 4877 3246 4946 sanctos
3266 4871 3516 4946 Angelos
3545 4893 3648 4932 seu
3673 4878 3809 4932 uni-

2155 4958 2350 4998 versos
2406 4943 2617 5018 electos
2672 4944 2880 5018 typice
2907 4943 3090 5018 accipi
3134 4943 3384 5018 oportet:
3428 4948 3503 5003 De
3562 4964 3678 5018 quo
3709 4966 3808 5005 sa-

2155 4962 2350 4998 versos
2406 4962 2616 4999 eiectos
2672 4962 2862 5016 typice
2907 4962 3090 5015 accipi
3134 4962 3378 5069 oportet.
3428 4962 3503 5003 ue
3562 4964 3678 5018 quo
3709 4966 3806 5005 sa-

2146 5022 2442 5089 cramento
2475 5015 2710 5089 inlibro
2740 5015 2998 5089 Danielis
3031 5032 3171 5087 pr0p
3220 5020 3324 5071 etas
3356 5018 3641 5089 scriptum
3690 5026 3806 5089 est,

2143 5085 2483 5161 Aspiciebam
2516 5087 2683 5161 donec
2722 5088 2907 5141 throni
2923 5088 3094 5161 positi
3119 5085 3269 5154 sunt,
3300 5092 3349 5142 et
3379 5085 3648 5161 Antiquus
3686 5085 3807 5148 die;

2143 5172 2267 5210 rum
2296 5158 2432 5212 sedit
2461 5176 2479 5211 :
2511 5160 2894 5213 vestimentum
2949 5159 3070 5229 ejus
3108 5161 3272 5229 quasi
3317 5162 3426 5215 nia:
3471 5158 3709 5217 candida
3755 5172 3810 5219 et

2141 5229 2334 5304 capilli
2356 5231 2554 5304 capitis
2576 5230 2697 5299 ejus
2726 5232 2883 5304 quasi
2904 5230 3032 5284 lana
3060 5230 3267 5284 munda
3290 5232 3556 5300 (Dan.vn,
3579 5234 3658 5304 9).
3688 5235 3810 5291 Hoc

2142 5298 2297 5352 enim
2319 5301 2610 5375 signiﬁcat
2629 5298 3627 5375 perivestimentumejuscandidum
3647 5307 3806 5375 quod

2141 5375 2196 5445 et
2228 5386 2327 5440 per
2349 5372 2589 5445 capillos
2617 5372 2825 5443 capitis
2856 5375 3008 5439 ejus,
3046 5380 3278 5427 sanctos
3310 5375 3576 5431 videlicet
3605 5372 3806 5445 Ange-

2142 5439 2239 5494 los
2259 5447 2315 5495 et
2350 5439 2783 5498 multitudinem
2837 5449 3174 5498 sanctorum
3224 5446 3651 5503 dealbatorum.
3698 5439 3807 5505 Vel

2141 5518 2293 5589 certe
2327 5513 2450 5569 ideo
2474 5514 2665 5584 capilli
2691 5516 2818 5589 ejus
2845 5517 2986 5570 lana:
3014 5516 3243 5569 mundae
3262 5525 3703 5589 comparantur.
3738 5525 3809 5576 ut

2141 5531 2293 5567 certe
2327 5531 2450 5569 meo
2474 5531 2665 5584 capuli
2691 5531 2818 5640 ejus
2845 5531 2986 5570 lana:
3014 5531 3243 5569 mundae
3262 5531 3703 5589 comparantur.
3738 5531 3806 5576 ut

2137 5599 2239 5707 per
2270 5584 2377 5640 hoc
2394 5588 2682 5655 Antiquus
2746 5586 2927 5641 ierum
2956 5603 3084 5641 esse
3132 5589 3421 5644 credatur.
3454 5590 3671 5646 Oculos
3696 5592 3806 5647 ha-

2178 5671 2271 5707 ere
2302 5657 2515 5707 dicitur
2541 5660 2706 5707 Deus-
2744 5675 2844 5707 nm
2871 5675 2936 5707 en
2961 5658 3112 5707 aund
3138 5660 3334 5707 omnia
3366 5661 3521 5707 videt
3557 5668 3615 5707 at.
3650 5664 3800 5707 nihil

2178 5671 2271 5710 ere
2302 5657 2515 5729 dicitur
2541 5660 2707 5723 Deus,
2744 5675 2844 5729 pro
2871 5675 2936 5713 eo
2961 5658 3112 5728 quod
3138 5660 3335 5715 omnia
3366 5661 3521 5717 videt
3557 5668 3615 5717 et
3650 5664 3802 5719 nihil

2134 5741 2269 5781 eum
2302 5728 2461 5793 latet,
2482 5730 2545 5784 in
2565 5732 2718 5802 cujus
2738 5728 3014 5800 eonpectu,
3042 5736 3107 5785 ut
3136 5730 3217 5786 ait
3248 5732 3581 5802 Apostolus,
3616 5736 3805 5792 nulla

2132 5803 2384 5856 creatura
2416 5801 2722 5857 invisibilis
2738 5812 2817 5858 est
2827 5802 3042 5868 ,Omnia
3073 5805 3223 5859 enim
3234 5801 3385 5861 nuda
3395 5813 3450 5863 et
3460 5814 3653 5881 aperta
3667 5811 3808 5871 sunt

2212 5888 2225 5920 ¹
2246 5887 2401 5955 Apud
2433 5890 2838 5958 Hieronymum,
2853 5889 3136 5946 Sumenda.
