4048 6468
362 244 517 305 1223

360 376 513 425 XVII.
546 376 717 424 Mores
747 372 873 423 boni
904 373 1115 437 populis
1135 388 1290 438 quam
1325 374 1516 424 utiliter
1535 376 1847 424 auctoritate

425 439 679 498 persuasi.
710 437 949 486 Ecclesiae
981 437 1252 487 catholicae
1284 440 1587 486 auctoritas.
1944 440 2003 485 90

361 498 534 550 XVIII.
555 500 834 548 Conclusio
852 514 944 560 per
958 501 1396 549 exhortationem.
1418 500 1620 548 Persica
1638 498 1846 548 fabella.
1944 503 1998 550 91

360 563 411 612 S.
434 562 696 612 AURELII
721 561 1082 617 AUGUSTINI,
1109 561 1522 612 HIPPONENSIS
1544 562 1845 615 EI’ISCOPI.

422 626 505 674 DE
538 625 787 674 DUABUS
817 624 1148 674 ANIMABUS
1177 626 1426 674 CONTRA
1464 623 1854 674 MANICHEOS

421 688 609 737 LIBER
640 684 831 737 UNUS.
855 714 911 721 —
944 687 1250 735 Manichaais
1280 686 1543 736 haereticis
1571 689 1703 735 duas
1735 687 1847 735 ani-

421 763 537 798 mas
566 754 619 797 in
671 762 995 811 unoquoque
1027 750 1243 797 homine
1279 763 1410 808 esse,
1455 763 1614 798 unam
1665 749 1730 797 de
1760 749 1852 797 Dei

421 812 720 861 substantia
734 812 950 869 bonam,
972 812 1188 859 alteram
1207 812 1396 860 malam
1417 811 1481 859 de
1506 812 1846 861 tenebrarum

419 878 577 937 gente
617 887 714 922 nec
756 874 935 937 aDeoA
960 874 1229 922 conditam
1272 875 1572 922 dicentibus
1619 874 1763 937 dolet
1791 887 1848 922 se

417 935 743 995 Augustinus
769 936 843 983 sic
874 935 1180 993 adhaasisse,
1214 941 1270 985 ut
1300 938 1365 985 ad
1396 938 1627 985 rationes
1658 935 1850 998 quibus

420 998 832 1047 deliramentum
855 998 995 1047 istud
1011 999 1284 1057 evertitur,
1304 1004 1409 1047 tam
1432 999 1617 1048 obvias
1636 1004 1849 1060 tamque

418 1060 730 1109 manifestas
748 1074 856 1109 non
879 1062 1179 1109 attenderit.
1198 1063 1425 1109 Primum
1449 1063 1589 1110 enim
1609 1060 1849 1109 conside-

418 1124 557 1172 ranti
582 1123 732 1171 facile
762 1136 1036 1185 apparere,
1066 1136 1276 1172 omnem
1309 1126 1557 1177 animam.
1590 1137 1709 1172 cum
1738 1125 1849 1172 vita

418 1189 663 1248 quasdam
686 1186 772 1247 sit,
791 1198 984 1247 resque
1006 1185 1370 1248 intelligibilis,
1398 1200 1457 1234 ac
1478 1185 1703 1248 proinde
1733 1185 1847 1233 luce

417 1247 801 1309 visibili,quam
822 1261 852 1295 a
872 1250 976 1296 Deo
993 1262 1106 1297 esse
1128 1248 1404 1297 Manichaei
1421 1247 1670 1307 fatentur,
1688 1261 1847 1310 prasa-

415 1310 638 1371 tantior,
659 1311 858 1358 auctori
881 1310 986 1357 Deo
1006 1310 1355 1359 tribuendam.
1371 1310 1508 1359 Loca
1527 1324 1652 1359 vero
1674 1310 1847 1371 Scrip-

420 1377 552 1421 turas
578 1374 773 1435 quibus
789 1372 865 1420 illi
886 1372 1055 1420 malos
1076 1386 1140 1421 ex
1162 1373 1267 1421 Deo
1286 1386 1393 1421 non
1418 1387 1534 1422 esse
1552 1373 1842 1435 disputant,

418 1434 642 1483 aliorum
664 1434 895 1498 locorum
929 1435 1321 1498 comparatione
1354 1436 1539 1484 melius
1569 1434 1840 1498 explicari.

420 1501 606 1546 Postea
633 1497 793 1545 etiam
819 1510 877 1545 ex
905 1499 1103 1559 peccati
1135 1502 1186 1545 et
1206 1497 1495 1546 voluntatis
1517 1497 1842 1554 definitione,

414 1573 478 1607 ex
509 1560 666 1607 venia
697 1564 1032 1621 peccatorum
1074 1573 1193 1613 qum
1223 1561 1569 1621 peccantibus
1603 1560 1759 1609 datur
1788 1560 1843 1608 in

412 1621 1030 1692 Ecclesia,“tandemque
1078 1636 1141 1669 ex
1172 1622 1465 1692 paenitendi
1513 1622 1703 1692 affectu
1752 1623 1841 1685 pio

411 1689 570 1746 atque
602 1684 732 1740 utili,
762 1684 1033 1732 evidenter
1052 1684 1269 1732 omnino
1313 1684 1686 1742 demonstrari,
1716 1684 1838 1747 pec-

411 1751 593 1794 cantes
621 1747 827 1794 animas
859 1760 963 1793 non
996 1751 1187 1794 natura
1217 1748 1382 1795 malas
1412 1762 1546 1797 esse.

345 1810 506 1857 Carus
532 1821 739 1857 PRIIUM.
770 1808 1179 1857 Manichaeorum
1208 1823 1355 1857 error
1385 1810 1448 1859 de
1489 1808 1695 1858 duabus
1725 1808 1838 1857 ani-

404 1871 608 1927 mabus,
641 1872 1052 1935 quarumaltera
1075 1886 1178 1935 non
1206 1873 1321 1919 sita
1354 1872 1480 1935 Deo,
1502 1886 1603 1935 qua
1626 1872 1836 1935 ratione

409 1938 763 2004 expugnatur.
786 1934 972 2004 Anima
1001 1934 1177 2004 omnis
1197 1947 1316 1981 cum
1342 1934 1447 2004 vita
1477 1934 1723 2004 quedam
1752 1934 1836 1991 sit,

404 1995 622 2044 nonnisi
652 2009 682 2043 a
712 1996 817 2043 Deo
851 1996 970 2044 vita)
1002 1995 1146 2043 fonte
1177 2010 1292 2043 esse
1324 1995 1508 2056 potest:

344 2058 406 2107 II.
440 2058 492 2107 Si
515 2058 604 2105 lux
636 2071 755 2120 quae
779 2071 938 2105 sensu
969 2058 1258 2120 percipitur
1288 2058 1451 2107 Deum
1472 2058 1633 2107 habet
1652 2061 1835 2106 aucto-

405 2134 535 2178 rem,
568 2123 634 2183 utﬁ
655 2119 889 2183 fatentur
926 2119 1220 2176 Manichaai.
1252 2121 1419 2170 multo
1460 2122 1630 2183 magis
1661 2120 1838 2169 anima

406 2196 525 2245 quas
560 2182 674 2229 solo
704 2182 968 2231 intellectu
1003 2184 1307 2244 percipitur.

344 2243 437 2293 III.
464 2245 666 2306 Corpus
695 2245 853 2292 etiam
874 2243 1034 2293 omne
1062 2259 1092 2293 a
1114 2243 1221 2294 Deo
1252 2259 1368 2293 esse
1398 2245 1539 2293 unde
1560 2243 1834 2306 probatur.

404 2305 652 2356 Animam
699 2305 839 2354 illam
886 2320 1004 2369 quae
1036 2307 1174 2356 mala
1206 2308 1401 2356 dicitur
1428 2321 1458 2355 a
1508 2305 1831 2369 Manichaais,

404 2370 522 2418 luce
553 2381 669 2416 esse
700 2370 994 2417 meliorem.
1930 2371 1990 2418 95

342 2432 423 2481 IV.
454 2432 643 2479 Anima
672 2431 829 2479 etiam
858 2444 1055 2479 muscas
1084 2431 1424 2492 przestantior
1450 2430 1705 2479 istaluce.
1928 2432 1987 2481 96

339 2494 413 2556 V.
432 2494 647 2556 Vitiosas
670 2494 860 2543 anima:
883 2506 1185 2556 quanquam
1206 2494 1543 2553 damnandis,
1566 2492 1833 2556 quomodo

402 2555 528 2666 hulilc
552 2555 675 2666 litici,
708 2570 828 2619 quas
859 2555 912 2604 in
934 2570 1127 2618 genere
1149 2570 1245 2604 suo
1274 2556 1542 2605 laudanda
1561 2555 1656 2613 est,
1689 2560 1833 2605 ante—

404 2631 461 2666 ce
508 2632 574 2666 an
604 2653 616 2665 .

404 2622 616 2667 ceIIant.

341 2682 425 2733 VI.
465 2681 681 2752 An‘ipsa
702 2679 857 2752 etiam
890 2680 1019 2752 vitia
1046 2679 1708 2752 tanquam“intelligibilia,_
1728 2679 1833 2752 luci

404 2741 641 2791 sensibili
690 2741 1022 2803 praeferenda
1054 2742 1177 2798 sint,
1209 2746 1262 2790 et
1289 2743 1392 2791 Deo
1422 2747 1480 2790 ut
1509 2743 1712 2790 auctori
1743 2743 1833 2791 tri-

404 2804 636 2853 buenda.
662 2804 855 2867 Vitium
877 2804 1042 2852 animi
1064 2809 1142 2852 est
1161 2804 1399 2867 defectus
1421 2805 1658 2867 quidam,
1692 2809 1832 2855 recte

403 2880 510 2915 non
531 2867 670 2916 inter
686 2866 1038 2929 intelligibilia
1059 2866 1556 2928 numerandusilpsi
1575 2866 1829 2927 defectus,

403 2930 609 2977 etiamsi
641 2930 778 2977 inter
826 2929 1177 2987 intelligibilia
1223 2935 1657 2989 numerarentur,
1696 2943 1831 2978 nun-

402 3004 562 3054 quam
578 2991 937 3053 anteponendi
952 2994 1109 3054 rebus
1122 2992 1481 3040 sensibilibus.
1496 2992 1545 3040 Si
1568 2992 1745 3041 lumen
1759 2993 1832 3041 vi-

404 3053 554 3125 sibile
579 3055 735 3125 a_Deo
757 3058 865 3125 e_st_,_
884 3053 1239 3125 multomagis
1260 3055 1325 3103 ab
1355 3055 1471 3125 ipso
1492 3057 1686 3125 anima,
1709 3069 1829 3125 quae

401 3117 455 3164 in
469 3120 727 3179 quantum
744 3116 875 3164 vivit
890 3115 1238 3177 intelligibilis
1254 3131 1337 3164 res
1350 3115 1444 3173 est,
1459 3117 1614 3165 etiam
1624 3118 1664 3164 si
1680 3115 1830 3165 vitio-

400 3179 577 3240 sa.Ubj
585 3183 827 3226 ectantur
842 3182 1027 3226 contra
1038 3193 1069 3241 a
1081 3182 1122 3226 Μ
1132 3179 1384 3227 anichteis
1398 3180 1513 3227 loca
1526 3179 1830 3241 Scriptura.
1925 3183 1983 3230 97

338 3241 445 3290 VII.
481 3241 600 3289 Mali
633 3241 903 3302 quomodo
934 3254 995 3288 ex
1030 3240 1155 3288 Deo.
1188 3246 1239 3289 et
1268 3254 1376 3289 non
1407 3255 1468 3289 ex
1503 3242 1625 3290 Deo.
1895 3245 1983 3293 100

338 3304 470 3354 VIII.
501 3301 755 3362 Quaarunt
778 3302 916 3351 unde
939 3301 1155 3361 malum,
1188 3306 1239 3351 et
1267 3303 1365 3351 hac
1391 3304 1685 3365 quaestione
1715 3304 1828 3352 vin-

402 3379 521 3414 cere
554 3380 607 3413 se
640 3368 829 3427 putant
846 3365 1144 3428 Manichaei.
1165 3365 1500 3427 Cognoscant
1518 3367 1662 3428 prius
1684 3366 1828 3428 quod

404 3382 521 3414 cere
554 3382 607 3413 se
640 3382 829 3427 puram.
846 3382 1144 3415 MRDICDIBI.
1165 3382 1500 3427 υοεζυοεεᾶυῐ.
1554 3382 1662 3415 I'IUS
1684 3382 1828 3428 QUOD.

404 3428 709 3476 facillimum
732 3432 827 3485 est,
852 3427 983 3475 nihil
1006 3427 1183 3476 vivere
1205 3442 1355 3490 posse
1378 3429 1489 3477 sine
1517 3382 1639 3477 Beo.
1674 3429 1829 3477 Sum-

403 3504 549 3539 mum
573 3491 768 3554 malum
790 3503 898 3554 non
914 3491 1253 3552 cognoscitur
1274 3492 1373 3539 nisi
1391 3492 1603 3554 cognito
1620 3505 1827 3541 summo

398 3554 559 3611 bono,
593 3552 733 3615 quod
769 3556 848 3615 est
879 3553 1031 3615 Deus.
1316 3613 1353 3615 Α
1383 3562 1413 3584 ο
1462 3552 1479 3554 ’
1895 3557 1978 3604 101

336 3616 417 3664 ΙΧ.
449 3613 775 3678 Augustinus
796 3614 1146 3663 familiaritate
1169 3628 1287 3663 cum
1310 3613 1613 3664 Manichaais
1636 3620 1688 3663 et
1706 3630 1824 3664 suc-

399 3692 549 3726 cessu
596 3678 829 3726 victoriae
861 3678 925 3725 de
953 3678 1265 3726 Christianis
1312 3678 1568 3739 imperitis
1597 3693 1627 3726 a
1657 3691 1711 3726 se
1742 3693 1823 3727 re-

397 3744 620 3802 portata!
652 3740 921 3802 deceptus.
959 3740 1232 3802 Manichtei
1276 3752 1338 3787 ex
1369 3740 1671 3801 cognitione
1702 3741 1826 3790 item

397 3801 601 3864 peccati
634 3806 686 3849 et
712 3801 999 3849 voluntatis
1029 3801 1181 3850 facile
1215 3802 1510 3850 refellendi.
1892 3805 1981 3853 102

332 3864 393 3914 X.
428 3866 704 3913 Peccatum
726 3864 941 3911 nonnisi
971 3879 1003 3912 a
1030 3865 1319 3913 voluntate.
1350 3865 1467 3913 Vita
1494 3867 1546 3913 et
1573 3865 1824 3915 voluntas

397 3941 493 3975 sua
524 3927 715 3988 cuique
746 3926 1040 3975 notissima.
1070 3926 1330 3975 Voluntas
1364 3927 1488 3989 quid
1520 3927 1605 3975 sit.
1891 3930 1979 3978 103

332 3989 417 4037 XI.
450 3991 723 4037 Peccatum
753 3988 896 4040 quid.
1894 3994 1981 4040 105

405 4022 417 4036 .
452 4002 723 4037 Peccatum
753 4002 896 4037 01110.

333 4002 417 4037 XI.
452 4002 723 4037 Peccatum
753 4002 896 4050 quia.

332 4051 437 4100 XII.
473 4051 543 4099 Ex
567 4051 703 4099 datis
715 4049 1117 4099 deﬁnitionibus
1131 4050 1329 4111 peccati
1353 4053 1405 4097 et
1423 4049 1825 4100 voluntatishaa-

397 4114 556 4161 resim
588 4112 1000 4161 Manichmorum
1032 4116 1194 4160 totam
1225 4112 1429 4160 evertit.
1464 4112 1533 4160 Ex
1563 4114 1824 4162 malarum

397 4175 521 4225 item
552 4176 846 4223 animarum
880 4174 1026 4236 justa
1064 4174 1407 4222 damnatione
1446 4176 1686 4237 sequitur
1715 4190 1825 4225 non

399 4244 607 4292 natura.
631 4239 722 4285 sed
744 4237 1015 4285 voluntate
1035 4236 1198 4284 malas
1216 4250 1346 4284 esse.
1366 4236 1579 4285 Animas
1598 4252 1711 4285 esse
1732 4251 1825 4287 na-

396 4303 511 4348 tura
544 4300 729 4357 honas,
763 4298 1147 4362 quibusdatur
1172 4300 1328 4346 venia
1357 4305 1714 4361 peccatorum.

333 4362 463 4412 XIII.
483 4363 553 4411 Ex
573 4363 951 4411 deliberatione
970 4361 1021 4408 in
1041 4361 1234 4408 malum
1259 4368 1310 4409 et
1330 4362 1383 4409 in
1406 4364 1598 4410 bonam
1624 4366 1825 4424 partem

396 4438 503 4473 non
532 4425 711 4473 haberi
734 4426 841 4472 duo
871 4424 1171 4471 animarum
1204 4436 1417 4485 genera.
1443 4425 1701 4473 Concesso
1732 4439 1822 4485 ge-

396 4501 523 4550 nere
553 4488 852 4535 animarum
885 4486 1191 4550 illicentium
1216 4486 1278 4533 ad
1312 4487 1504 4548 turpia,
1533 4501 1639 4535 non
1673 4488 1824 4550 sequi

394 4549 492 4597 has
515 4562 628 4597 esse
653 4548 1039 4605 naturamalas,
1056 4548 1182 4596 alias
1195 4562 1306 4597 esse
1320 4563 1584 4597 summum
1602 4548 1818 4599 bonum.
1892 4552 1978 4599 108

332 4612 456 4661 XIV.
488 4612 716 4660 Rursum
740 4625 803 4659 ex
822 4610 1113 4673 paenitendi
1134 4612 1355 4660 utilitate
1373 4617 1700 4661 monstratur
1716 4615 1825 4661 ani-

396 4687 512 4723 mas
541 4687 651 4722 non
681 4679 871 4721 natura
893 4673 1054 4720 malas
1085 4688 1218 4720 esse.
1244 4675 1686 4723 Demonstrationi
1719 4681 1822 4724 tam

397 4740 554 4785 certae
584 4736 796 4786 nonnisi
817 4749 881 4785 ex
908 4735 1298 4785 consuetudine
1319 4738 1530 4785 errandi
1561 4738 1824 4787 contradié

394 4799 550 4848 citur.
1888 4802 1977 4851 109

329 4861 433 4909 XV.
470 4862 595 4910 Orat
624 4873 718 4921 pro
749 4859 932 4907 amicis
961 4872 1096 4920 quos
1125 4858 1311 4907 habuit
1339 4860 1534 4908 erroris
1563 4861 1748 4909 socios.
1888 4865 1976 4913 110

331 4922 384 4972 S.
419 4924 676 4972 AURELII
709 4922 1063 4975 AUGUSTINI.
1089 4922 1500 4970 HIPP()NENSIS
1523 4923 1822 4981 EPISCOPI,
1875 4934 1879 4939 '

394 4986 556 5034 ACTA
579 4985 694 5033 SEU
718 4984 1094 5033 DISPUTATIO
1114 4984 1366 5033 CONTRA
1388 4985 1818 5035 FORTUNATUM

391 5047 795 5096 MANICH/EUM
831 5046 1015 5094 LIBER
1050 5047 1237 5096 UNUS.
1680 5064 1687 5070 ’
1767 5051 1977 5098 111-112

329 5110 623 5159 Πιδιιυτλτιο
655 5124 816 5157 rama-
848 5122 963 5156 DIEI.
1842 5110 1975 5160 Ibid.

329 5172 531 5220 DISPU‘I‘.
565 5185 793 5221 seen-mle
824 5185 940 5218 nil-.1.
1887 5176 1971 5223 121

328 5234 380 5283 S.
413 5235 669 5282 AURELII
694 5232 1051 5285 AUGUSTINI.
1082 5232 1502 5282 HIPPONENSIS
1524 5233 1799 5281 EPISCOPI

388 5269 771 5345 (sesima:
766 5269 928 5343 [1m
929 5269 1059 5343 inii
1085 5269 1822 5345 ΝίᾹὼΕ’ἱὲἰιιὲινὺῖέέἰὺῖἇῖύᾶἰ

392 5360 579 5407 LIBER
611 5359 795 5407 UNUS.
829 5386 886 5392 —
930 5357 1292 5406 Conciliantur
1321 5359 1461 5405 inter
1498 5373 1553 5406 se
1592 5360 1820 5420 Scriptu-

392 5435 571 5469 rarum
596 5421 895 5477 sententim,
927 5434 1057 5481 quas
1087 5421 1513 5469 de'l‘estamento
1545 5421 1729 5469 Vetere
1761 5436 1819 5470 xc

388 5484 708 5539 Novo,velut
725 5484 951 5530 invicem
968 5485 1258 5530 contrarias
1272 5484 1602 5538 Adimantus,
1620 5491 1823 5532 utrum-

390 5559 494 5608 que
541 5547 936 5594 Testamentum
986 5546 1051 5593 ab
1100 5558 1207 5593 uno
1252 5550 1303 5594 et
1342 5548 1527 5594 eodem
1568 5547 1671 5595 Deo
1707 5560 1819 5595 esse

388 5607 493 5655 non
530 5622 682 5666 posse
713 5607 1058 5661 contendens,
1092 5613 1405 5655 corraserat.
1766 5611 1971 5661 129-130

327 5670 377 5720 S.
412 5670 665 5719 AURELII
692 5671 809 5717 AUG
823 5670 1045 5728 USTINI,
1074 5670 1489 5718 HIPPONENSIS
1520 5670 1819 5730 EPISCOPI,

387 5732 643 5781 CONTRA
677 5732 1023 5781 EPIS’I‘OLAM
1051 5731 1401 5791 MANICH/EI,
1434 5747 1593 5794 quam
1624 5739 1819 5785 vocant

387 5794 822 5856 FUNDAMENTI,
855 5795 1040 5845 LIBER
1071 5795 1258 5847 UNUS.
1289 5822 1347 5831 —
1377 5795 1589 5846 Refellit
1614 5796 1819 5861 priores

1849 1746 1994 1797 93-95

1857 1992 1989 2044 Ibid.

1855 2180 1987 2231 Ibid.

1853 2616 1988 2667 Ibid.

1846 4299 1979 4350 Ibid.

1767 240 2008 303 INDEX
2055 236 2357 303 RERUM.

3607 236 3769 301 1224

2178 377 2355 435 partes
2384 372 2631 435 Epistolas
2663 369 2953 431 Manichaei,
2986 368 3276 422 ostendens
3305 370 3481 435 ipsum
3510 384 3609 435 pro

2175 435 2456 484 manifesta
2485 449 2641 497 quam
2664 436 3026 497 pollicebatur,
3060 440 3112 484 et
3142 450 3234 497 pro
3265 440 3410 484 certa
3430 437 3611 497 cogni-

2172 499 2341 559 tione,
2380 498 2593 546 nonnisi
2639 498 2842 546 incerta
2889 502 2941 546 et
2974 498 3208 547 absurda
3254 497 3610 547 deliramenta

2174 560 2283 608 suis
2314 560 2664 609 sectatoribus
2694 572 3014 622 proponere.
3552 560 3768 610 173-174

2107 622 2269 672 CAPUT
2298 636 2501 686 ramosa.
2536 622 2775 672 Hieretici
2798 621 3042 671 sanandi
3080 621 3247 684 magis
3285 635 3447 685 quam
3484 636 3609 686 per-

2108 684 2383 796 adfixis
2414 759 2511 794 cur
2538 746 2717 795 mitius
2744 745 3011 809 agendum
3046 759 3165 795 cum
3198 746 3526 797 Manicheis.

2108 810 2193 857 III.
2227 810 2556 868 Augustinus
2585 808 2857 868 quondam
2890 808 3231 857 Manicheam.
3621 808 3762 858 Ibid.

2106 872 2551 935 IV.AArgumenta
2580 870 2702 935 ﬁdei
2731 870 3023 935 catholicm.
3070 933 3078 935 _
3116 932 3128 935 _
3206 932 3216 935 _
3670 875 3761 935 175

2106 933 2165 982 V.
2195 932 2391 982 Contra
2420 933 2632 981 titulum
2662 934 2909 983 Enistolm
2939 932 3237 983 Manichei.
3669 934 3762 983 176

2104 996 2189 1059 VI.
2224 998 2327 1045 Cur
2359 995 2884 1059 apostolumChristi
2912 1009 2966 1044 se
3002 995 3307 1059 scripserit.
3474 1056 3506 1059 μ
3669 999 3759 1046 177

2104 1058 2210 1107 VII.
2245 1056 2570 1131 Manicmeus
2594 1058 2823 1122 Spiritus
2843 1062 3060 1109 sanctus
3079 1056 3348 1122 quomodo
3364 1056 3603 1108 creditus
3668 1124 3726 1170 17

2166 1135 2198 1169 a
2227 1134 2354 1169 81118.

2166 1135 2198 1169 a
2227 1121 2354 1169 suis.
3100 1121 3108 1122 “
3668 1124 3759 1171 178

2102 1182 2235 1231 VIII.
2264 1184 2474 1231 Festum
2506 1182 2700 1231 natalis
2736 1181 3033 1231 Manichaai.
3618 1183 3756 1233 Ibid.

2100 1245 2443 1317 ἔβλεψε-μηδ
2472 1245 2931 1317 sanctus_quando
2962 1246 3175 1294 missus.
3666 1248 3758 1317 119

2098 1306 2159 1370 X.
2193 1306 2420 1370 Spiritus
2448 1312 2667 1370 sanctus
2694 1306 2776 1357 bis
2807 1308 2985 1370 datus.
3013 1368 3024 1370 _
3429 1367 3441 1370 Α
3474 1369 3499 1370 η
3668 1308 3757 1359 180

2099 1369 2183 1418 XI.
2215 1367 2497 1420 Veritatem
2532 1369 2808 1432 pollicetur
2836 1368 3182 1426 Manicbmus,
3215 1381 3326 1418 non
3361 1367 3597 1432 exhibet.
3668 1373 3753 1422 181

2099 1432 2204 1480 XII.
2238 1431 2595 1481 Deliramen’ta
2624 1432 2923 1481 Manichaai.
2961 1432 3206 1481 Prtelium
3236 1435 3360 1481 ante
3407 1431 3600 1481 mundi

2163 1495 2599 1543 constitutionem
2632 1496 2994 1543 commissum.
3667 1497 3756 1545 182

2096 1556 2225 1605 XIII.
2262 1558 2385 1606 Duae
2415 1558 2725 1605 substantias
2758 1558 3057 1606 contrarias.
3084 1557 3325 1619 Regnum
3356 1556 3594 1607 luminis.

2161 1620 2365 1667 Incerta
2394 1633 2490 1681 pro
2516 1621 2673 1667 certis
2701 1621 2838 1668 tradi
2867 1634 2897 1668 a
2927 1618 3239 1668 Manichaee.
3614 1618 3751 1670 Ibid.

2093 1681 2221 1730 XIV.
2256 1682 2596 1729 Pollicebatur
2627 1696 2801 1730 rerum
2834 1686 3096 1731 certarum
3127 1681 3506 1744 cognitionem,
3541 1686 3594 1731 et

2158 1744 2383 1805 imperat
2416 1745 2736 1793 incertarum
2770 1747 2943 1792 tidem.
3661 1745 3751 1797 183

2095 1804 2198 1854 XV.
2231 1804 2345 1854 Non
2381 1806 2554 1855 solum
2587 1807 2801 1857 incerta.
2836 1806 2925 1855 sed
2962 1806 3122 1855 etiam
3163 1805 3293 1855 falsa
3326 1819 3440 1854 esse
3469 1820 3591 1868 quae

2157 1869 2336 1917 tradit.
2370 1868 2789 1917 Deliramentum
2822 1868 2886 1917 de
2909 1874 3051 1917 terra
3071 1874 3122 1917 et
3147 1874 3305 1931 gente
3334 1868 3586 1917 tenebra-

2154 1944 2273 1979 rum
2300 1931 2453 1993 juxta
2483 1932 2618 1980 latus
2649 1936 2801 1980 terrae
2832 1935 3029 1980 sanctae
3049 1945 3111 1979 ac
3130 1931 3443 1980 substantias
3475 1932 3588 1981 Dei.

2152 1992 2464 2057 Confutatur
2493 1995 2684 2056 primo,
2714 1994 2841 2057 quia
2870 1998 3075 2057 natura;
3098 1994 3188 2043 Dei
3220 1997 3398 2055 partes
3428 1998 3479 2043 et
3509 1993 3581 2043 Ia-

2150 2055 2477 2119 teragtribuit
2497 2055 2757 2119 tanquam
2782 2070 2880 2105 sua
2908 2056 3049 2106 mole
3079 2070 3174 2119 per
3192 2058 3433 2107 locorum
3464 2069 3583 2119 spa-

2152 2118 2227 2166 tia
2256 2117 2631 2167 distendaturf
3081 2117 3096 2119 ⁷
3490 2117 3506 2119 ⁷
3654 2120 3742 2169 184

2087 2179 2218 2243 XVI.
2244 2181 2489 2228 Animam
2528 2182 2721 2243 ipsam,
2752 2180 2850 2243 etsi
2882 2179 3149 2230 mutabilis
3180 2180 3255 2237 ﬁt.
3288 2194 3386 2243 per
3413 2180 3589 2243 spatia

2153 2242 2393 2306 locorum
2424 2256 2529 2291 non
2554 2242 2811 2306 ’distendi.
2834 2243 2962 2292 Nam
2989 2246 3101 2293 tota
3128 2242 3370 2293 sentit’in
3400 2242 3583 2306 singu-

2153 2304 2217 2353 lis
2247 2306 2489 2367 partibus
2513 2304 2766 2368 corporis.
2817 2367 2823 2368 γ
3062 2366 3071 2368 _
3326 2367 3333 2368 ί
3472 2304 3512 2368 γ’
3605 2304 3743 2355 Ibid.

2089 2366 2515 2431 XVII.’Memoria
2531 2366 2672 2431 capit
2686 2367 3039 2431 maximorum
3060 2366 3299 2418 locorum
3322 2367 3586 2431 imagines
3651 2370 3743 2418 185

2088 2429 2263 2479 XVIII.
2287 2429 2643 2503 Intelligendi
2668 2431 2906 2503 potentia
2935 2429 3001 2503 de
3032 2444 3210 2480 rerum
3241 2429 3462 2481 veritate
3492 2430 3583 2479 de-

2153 2505 2255 2602 que
2284 2493 2416 2564 ipsa
2432 2493 2752 2556 cogitatione
2777 2493 3004 2555 judicat.
3155 2556 3166 2565 .
3551 2555 3562 2565 _
3652 2495 3742 2543 186

2089 2553 2510 2666 Χιῃὰθεῦἓὲἓω
2539 2569 2633 2618 per
2657 2555 2801 2605 locos
2822 2568 2931 2605 non
2954 2555 3276 2616 extenditur,
3298 2555 3471 2605 multo
3491 2569 3589 2605 mi-
3605 2616 3742 2666 Ibid.

2152 2630 2253 2665 nus
2284 2618 2441 2666 Deus.
3605 2618 3741 2666 Ibid.

2088 2678 2193 2728 XX.
2225 2680 2645 2728 Deliramentum
2678 2679 2742 2741 de
2772 2678 2968 2741 duplici
2996 2682 3135 2728 terra
3163 2680 3443 2729 refellitur.
3653 2679 3741 2730 187

2086 2741 2214 2806 XXI.
2245 2742 2497 2791 Eamdem
2513 2745 2707 2791 terram
2730 2739 2930 2806 lucis_,si
2945 2746 3098 2791 terra:
3110 2743 3451 2792 tenebrarum
3459 2742 3585 2806 jun-

2150 2805 2309 2875 gitur,
2343 2818 2457 2853 esse
2487 2818 2818 2875 corpoream.
2840 2804 3032 2867 Figura
3060 2809 3217 2855 terra:
3238 2804 3584 2855 tenebrarum

2177 2872 2350 2915 unctas
2383 2880 2502 2915 cum
2532 2870 2674 2915 terra
2703 2866 2849 2914 lucis.
2908 2866 2917 2867 7
3600 2866 3738 2917 Ibid.

2086 2926 2234 2991 XXII.
2269 2929 2461 2991 Figura
2491 2933 2646 2977 terrm
2676 2926 3037 2991 lucisfmdior.
3651 2930 3743 2982 188

2084 2990 2258 3063 XXIII.
2291 2989 2481 3040 Levius
2522 2995 2748 3053 peccant
2803 2989 3109 3040 Manichteis
3161 2990 3583 3055 Anthropomor-

2083 3052 2356 3226 Χὶδῗζῗε
2388 3127 2614 3164 numero
2646 3118 2959 3163 naturarum
2988 3114 3042 3162 in
3072 3114 3446 3177 phantasmate
3478 3117 3585 3166 Ma-

2148 3191 2233 3226 mc
2276 3191 2360 3227 ssi.

2148 3191 2360 3227 ωουωι.

2083 3239 2233 3310 XXV.
2264 3241 2336 3310 Ex
2354 3239 2537 3310 ‘nihilo
2557 3239 2739 3310 creari“
2746 3252 2843 3300 per
2862 3238 3289 3310 Omnipotentem
3309 3241 3454 3310 bona
3480 3241 3586 3291 alia

2146 3302 2261 3351 aliis
2292 3301 2563 3350 inferiora.
2613 3302 2671 3349 In
2710 3300 2879 3362 ﬁgura
2909 3300 3303 3363 conjunctionis
3352 3304 3581 3353 duarum

2148 3368 2430 3429 terrarum,
2463 3363 3145 3429 qualiscumque__ﬂngatur,
3178 3378 3387 3429 semper
3407 3368 3582 3417 inesse

2146 3426 2541 3475 deformitatem
2572 3430 2663 3475 aut
2683 3426 3085 3475 absurditatem.
3294 3426 3309 3429 ’
3650 3433 3735 3482 I91

2080 3490 2245 3538 XXVI.
2273 3490 2621 3538 Coarctantur
2658 3488 2952 3545 Manichaai,
2992 3490 3103 3538 sive
3139 3492 3384 3539 tortuoso
3415 3491 3579 3541 latere

2147 3551 2582 3614 conjunctionem
2600 3551 2743 3599 illam
2768 3550 2878 3599 ﬁeri
2903 3551 3098 3614 dicant,
3123 3551 3235 3600 sive
3256 3566 3442 3611 curvo,
3466 3554 3577 3604 sive

2142 3613 2307 3662 recto.
2343 3615 2399 3662 In
2435 3614 2535 3676 hoc
2563 3614 2727 3676 tertio
2763 3627 2956 3675 genere
2983 3613 3251 3676 juncturae
3283 3620 3422 3664 esset
3451 3630 3575 3665 con-

2143 3676 2324 3724 cordia
2353 3681 2405 3725 et
2435 3675 2772 3738 pulchritudo
2803 3675 3012 3738 utrique
3044 3680 3198 3725 terras
3227 3679 3570 3728 conveniens.
3643 3682 3732 3732 192

2143 3690 2324 3724 cordia
2353 3690 2405 3725 et
2474 3690 2772 3724 uncnntuno
2803 3690 3012 3738 utrique
3044 3690 3198 3725 terras
3227 3690 3570 3728 conveniens.

2079 3738 2273 3788 XXVII.
2308 3690 2648 3787 Pulcgritudo
2670 3739 2826 3787 rectis
2847 3739 3022 3787 lateris
3049 3743 3227 3800 posset
3246 3744 3403 3790 terra:
3425 3746 3572 3791 tene-

2140 3800 2355 3849 brarum
2374 3801 2575 3849 detrahi
2590 3801 2703 3849 sine
2720 3800 2825 3849 ulla
2840 3801 3221 3850 detractatione
3238 3803 3571 3853 substantias.

2142 3863 2225 3912 Sic
2245 3863 2442 3911 malum
2462 3864 2652 3912 animae
2674 3864 2876 3912 accedit
2899 3864 3042 3913 nulia
3063 3863 3244 3914 addita
3266 3865 3570 3916 detractave

2142 3926 2459 3974 substantia.
2494 3926 2654 3990 Latus
2675 3930 2830 3990 terra:
2853 3926 3195 3990 tenebrarum
3226 3927 3281 3976 in
3312 3933 3572 3990 quantum

2142 3992 2344 4036 rectum
2360 3992 2518 4045 esset,
2531 3988 2658 4037 boni
2672 3988 2865 4051 aliquid
2885 3988 3100 4038 haberet
3112 3990 3261 4038 aDeo
3278 3988 3570 4041 conditore.
3640 3995 3728 4044 193

2078 4050 2295 4117 XXVIII.
2316 4051 2376 4117 _In
2397 4055 2539 4099 terra
2558 4050 2898 4100 tenebrarum
2916 4055 3135 4100 naturas
3155 4053 3394 4117 quinque
3418 4056 3572 4117 ponit

2145 4112 2481 4161 Manichaaus.
3170 4112 3187 4115 “
3304 4112 3322 4117 ”
3418 4112 3437 4117 “
3638 4119 3730 4168 194

2079 4175 2248 4224 XXIX.
2281 4175 2572 4223 Reﬂ'ellitur
2600 4173 2703 4224 hoc
2731 4174 3153 4225 deliramentum.
3593 4178 3731 4229 Ibid.

2261 4237 2429 4304 Quam
2460 4237 2625 4304 multa
2651 4239 2795 4286 bona
2824 4238 2973 4304 in_iis
3006 4239 3228 4297 naturis,
3259 4253 3392 4302 quas
3421 4242 3577 4304 ponit

2145 4301 2470 4349 Manichaaus
2499 4301 2553 4347 in
2585 4304 2730 4349 terra
2759 4299 3122 4351 tenebrarum.
3278 4299 3290 4302 ’
3421 4299 3439 4304 ’
3643 4306 3731 4355 195

2080 4361 2251 4426 XXXI.
2284 4362 2355 4410 De
2387 4362 2577 4426 eodem
2606 4368 2942 4426 argumento.
3156 4425 3159 4426 ν
3213 4425 3218 4426 γ
3644 4370 3733 4418 196

2080 4424 2273 4473 XXXII.
2305 4424 2627 4489 Manichasus
2659 4424 2723 4474 ex
2751 4426 2815 4474 iis
2844 4439 2963 4489 quas
3002 4426 3087 4474 hic
3115 4425 3264 4484 vidit,
3309 4426 3578 4477 ordinavit

2144 4501 2242 4535 sua
2273 4488 2661 4547 phantasmata.
2864 4488 2875 4489 “
3642 4493 3731 4540 197

2080 4548 2300 4598 XXXIII.
2334 4550 2527 4598 Natura
2557 4549 2751 4608 omnis,
2779 4552 2838 4598 ut
2865 4553 3058 4599 natura
3086 4553 3183 4608 est,
3214 4550 3357 4599 bona
3386 4556 3484 4602 est.
3645 4554 3734 4604 198

2080 4611 2295 4676 XXXIV.
2326 4613 2526 4676 Natura
2569 4614 2999 4676 nunquampsine
3041 4613 3219 4676 aliquo
3248 4614 3410 4663 bono.
3453 4614 3577 4665 Sola

2145 4674 2278 4723 mala
2312 4674 2654 4723 considerant
2683 4674 2980 4723 Manichmi.
3130 4674 3144 4676 “
3644 4680 3731 4730 199

2079 4736 2268 4785 XXXV.
2301 4737 2650 4801 Malumpnihil
2673 4736 2815 4786 aliud
2839 4750 2995 4800 quam
3019 4737 3316 4799 corruptio.
3348 4738 3465 4801 ipsa
3485 4753 3574 4788 au-

2141 4804 2248 4848 tem
2278 4799 2547 4861 corruptio
2580 4812 2688 4848 non
2720 4804 2911 4848 natura
2950 4802 3046 4857 est,
3079 4803 3172 4848 sed
3206 4799 3393 4850 contra
3421 4808 3577 4852 natu-

2141 4875 2273 4910 ram.
2304 4861 2636 4924 Ubicumque
2666 4861 2950 4924 corruptio,
2982 4862 3054 4911 ibi
3085 4861 3288 4911 bonum
3318 4862 3437 4913 fuit.
3640 4867 3731 4916 200

2077 4923 2293 4972 XXXVI.
2324 4924 2473 4973 Unde
2502 4923 2723 4983 malum,
2753 4923 2864 4974 sive
2893 4925 3167 4986 corruptio
3208 4926 3351 4975 boni.
3640 4931 3727 4977 201

2077 4987 2314 5035 XXXVII.
2348 4986 2502 5035 Solus
2534 4986 2675 5035 Deus
2706 5000 2909 5036 summe
2940 4988 3133 5036 bonus.
3638 4992 3731 5041 202

2076 5048 2340 5097 XXXVIII.
2377 5049 2575 5097 Natura
2604 5063 2631 5098 ει
2664 5050 2786 5107 Deo,
2819 5051 3088 5111 corruptio
3120 5063 3185 5100 ex
3209 5048 3397 5100 nihilo.
3639 5055 3729 5103 203

2077 5112 2287 5174 XXXIX.
2321 5112 2455 5159 Mala
2484 5112 2753 5174 quomodo
2784 5113 2891 5161 sint
2920 5126 2951 5161 θ.
2980 5114 3107 5162 Deo.
3636 5116 3726 5164 201

2076 5173 2175 5222 XL.
2205 5174 2481 5234 Corruptio
2506 5173 2685 5222 tendit
2710 5174 2774 5222 ad
2809 5189 2916 5223 non
2953 5188 3088 5223 esse.
3594 5176 3725 5227 Ibid.

2076 5236 2199 5284 XLI.
2230 5236 2507 5296 Corruptio
2538 5238 2801 5298 permissu
2836 5238 2925 5285 Dei
2952 5251 2983 5285 a
3012 5237 3166 5286 nobis
3196 5241 3294 5287 est.
3639 5241 3729 5289 205

2076 5300 2221 5345 XLII.
2258 5298 2511 5347 Hortatur
2540 5299 2605 5347 ad
2637 5313 2902 5350 summum
2934 5300 3155 5349 bonum.
3637 5304 3728 5351 206

2075 5361 2245 5409 XLIII.
2278 5361 2578 5408 Concluaio.
3593 5363 3727 5413 Ibid.

2076 5423 2127 5471 S.
2158 5424 2409 5471 AURELII
2444 5424 2798 5483 AUGUSTINI,
2825 5424 3239 5474 HIPPONENSIS
3270 5425 3571 5485 EPISCOPI,

2138 5485 2389 5533 CONTRA
2441 5486 2737 5535 FAUSTUM
2788 5486 3196 5536 MANICHEUM
3228 5487 3397 5537 LIBRI
3439 5489 3569 5538 TRI-

2137 5548 2329 5597 GINTA
2359 5548 2536 5598 TRES.
3519 5554 3725 5600 207-208

2073 5610 2370 5659 Aouoxmo.
3520 5615 3725 5664 517—518

2075 5673 2124 5722 Β.
2152 5672 2405 5721 AUREIJI
2432 5672 2793 5729 AUGUSTINI,
2821 5673 3241 5724 HIPPONENSIS
3268 5674 3569 5732 EPISCOPI,

2136 5736 2218 5784 DE
2233 5735 2412 5785 ACTIS
2424 5734 2555 5785 CUM
2567 5736 2789 5785 FELICE
2818 5738 2861 5785 Μ
2872 5738 2951 5785 AN
2963 5736 3167 5788 ιΟΗιΕΟ
3178 5737 3347 5789 LIBRI
3362 5738 3723 5791 DUO.519-520

2073 5799 2221 5850 Lassa
2250 5811 2445 5849 PRIIUS.
2479 5825 2537 5835 —
2565 5801 2694 5850 Acta
2723 5799 2910 5864 primm
2940 5799 3063 5851 diei.
3584 5800 3720 5854 Ibid.
