4048 6474
247 313 397 371 1225

239 447 385 495 LIBER
416 451 681 488 SECUNDUS.
711 466 767 474 —
798 438 925 487 Acta
956 440 1205 490 secundae
1237 441 1360 491 diei.
1674 448 1883 495 535-536

239 508 289 558 S.
319 502 574 553 AURELII
601 501 956 559 AUGUSTINI,
986 502 1400 553 HIPPONENSIS
1422 505 1721 563 EPISCOPI,

300 567 381 615 DE
410 565 679 614 NATURA
722 565 867 614 BONI
904 565 1165 615 CONTRA
1210 568 1598 617 ΜΑΝΙΟΗᾸΞΟΒ
1640 571 1723 617 LI-

297 628 416 679 BER
449 626 635 676 UNUS.
1667 633 1878 681 551-552

234 695 392 743 CAPUT
411 702 616 738 PRIMUI.
641 689 780 737 Deus
800 702 1069 739 summum
1090 691 1288 740 bonum
1309 695 1359 740 et
1374 692 1721 742 incommuta-

292 754 396 804 bile
412 766 483 817 ;_a
514 766 620 815 quo
638 755 829 801 caetera
858 755 1037 801 omnia
1053 755 1195 803 bona
1217 755 1509 817 spiritualia
1532 760 1581 805 et
1604 770 1719 805 cor-

294 814 559 879 poraliaQ
638 875 683 879 Α,
850 877 859 879 _
950 878 959 879 ί
1249 814 1293 879 ⁷7
1669 819 1876 869 551-552

230 875 601 942 ΙΙῘΟιξοωοαο
634 875 689 925 id
721 877 888 939 possit
918 878 982 927 ab
1021 878 1364 942 corrigendos
1403 880 1722 930 Manichaeos

291 940 550 993 sufﬁcere.
1168 940 1185 942 “
1743 942 1873 993 Ibid.

228 1008 315 1059 III.
346 1002 551 1067 Modus,
583 1001 789 1067 species
819 1006 871 1052 et
898 1003 1030 1052 ordo
1061 1003 1333 1067 generalia
1360 1003 1502 1054 bona
1531 1006 1583 1053 in
1635 1020 1717 1055 re-

289 1071 387 1118 bus
415 1078 443 1113 a
473 1065 579 1112 Deo
612 1064 776 1112 factis.
1066 1064 1085 1067 ⁷
1783 1069 1872 1118 553

231 1132 313 1181 IV.
345 1127 536 1176 Malum
572 1131 651 1175 est
670 1127 939 1190 corruptio
961 1127 1123 1187 modi,
1148 1128 1341 1190 speciei
1363 1132 1455 1178 aut
1483 1128 1701 1177 ordinis.
1740 1129 1873 1180 Ibid.

229 1194 286 1245 V.
316 1191 515 1254 Natura
535 1189 924 1254 escellentioris
942 1191 1143 1239 ordinis
1164 1189 1319 1239 etiam
1347 1196 1595 1254 corrupta
1612 1206 1718 1241 me-

290 1254 386 1317 lior
413 1251 683 1301 interdum
713 1253 965 1302 inferiore
997 1253 1157 1302 etiam
1184 1251 1525 1317 incorruptaf
1746 1254 1875 1305 Ibid.

229 1318 311 1367 VI.
341 1316 593 1364 Naturam
626 1327 745 1377 quas
784 1317 1051 1379 corrumpi
1084 1330 1193 1379 non
1233 1321 1424 1379 potest,
1457 1330 1721 1366 summum

288 1380 525 1441 bonum;
559 1390 679 1441 quin
710 1382 901 1440 potest,
934 1378 1149 1441 aliquod
1178 1378 1378 1428 b0num
1411 1393 1544 1428 esse.
1743 1378 1875 1429 Ibid.

224 1443 330 1493 VII.
360 1440 1031 1504 Rationaliumspirituum
1052 1442 1320 1504 corruptio
1345 1442 1447 1491 alia
1476 1441 1718 1491 volunta-

316 1504 358 1533 ἷο
413 1502 511 1533 ἨΠ
541 1502 765 1533 ηωηηιῖα
1210 1502 1227 1504 ⁷
1789 1508 1841 1533 κει

284 1504 380 1562 ria,
412 1501 515 1551 alia
541 1501 789 1565 poenalis;
1210 1501 1227 1504 ”
1788 1506 1877 1555 554

224 1564 461 1638 VIII.‘E_x
482 1578 670 1638 .rerpm
698 1565 1013 1638 inferiorum
1045 1566 1384 1629 corruptione
1413 1580 1473 1615 ac
1502 1566 1721 1615 interitu
1848 1627 1861 1638 _

288 1627 629 1691 pulchritudo
677 1628 930 1677 universi.
1208 1627 1220 1629 ⁷
1743 1627 1878 1678 Ibid.

226 1691 492 1800 IXifcitana
512 1690 755 1753 peccanti
775 1694 1002 1749 naturae,
1022 1694 1080 1739 ut
1098 1694 1239 1741 recte
1261 1691 1553 1750 ordinetur,
1573 1704 1724 1739 cons-
1743 1752 1862 1800 Ib”

311 1768 324 1800 1
354 1767 383 1800 u
414 1766 461 1800 a.
1804 1769 1818 1800 ι

287 1754 461 1802 tituta.
1743 1753 1876 1801 Ibid.

226 1816 284 1864 X.
316 1817 530 1864 Naturm
562 1814 925 1877 coruptibiles,
958 1816 1083 1878 quia
1112 1829 1175 1864 ex
1208 1816 1376 1864 nihilo
1407 1814 1575 1864 factae.
1742 1814 1877 1864 Ibid.

225 1878 309 1927 XI.
340 1878 529 1926 Noceri
559 1890 658 1925 nec
679 1878 785 1926 Deo
813 1877 1004 1939 potest,
1028 1891 1126 1927 nec
1145 1878 1235 1927 alii
1256 1883 1462 1927 naturas
1483 1879 1584 1927 nisi
1606 1877 1722 1940 ipso

286 1940 648 1995 permittente.
1790 1942 1879 1987 555

227 2002 332 2052 XII.
363 2003 557 2052 Omnia
584 2002 727 2050 bona
756 2002 971 2050 nonnisi
1008 2016 1039 2051 a
1070 2003 1195 2052 Deo.
1743 2000 1877 2049 Ibid.

227 2065 356 2176 XIII)I.
392 2066 541 2113 Bona
571 2063 779 2127 singula
822 2078 915 2113 seu
948 2079 1125 2128 parva,
1173 2080 1265 2114 seu
1303 2079 1513 2128 magna,
1549 2078 1664 2114 esse
1695 2077 1864 2173 alba

336 2142 419 2176 eo.
1806 2141 1820 2173 ι

336 2142 419 2177 60.
1746 2141 1880 2176 ιοια.

223 2189 352 2253 XIV.
384 2191 558 2253 Parva
572 2188 715 2253 bona
735 2190 791 2236 in
814 2188 1075 2252 majorum
1099 2190 1498 2253 comparatione
1520 2192 1725 2239 contra-

286 2252 378 2300 riis
413 2250 725 2299 nominibus
756 2249 1111 2313 appellantur.
1227 2249 1239 2253 ⁷
1746 2249 1879 2299 Ibid.

224 2315 327 2365 XV.
361 2316 420 2363 In
452 2314 621 2361 simias
638 2328 859 2376 corpore
880 2314 1289 2377 pulchritudinis
1310 2315 1511 2363 bonum
1532 2314 1724 2372 inesse,

285 2376 409 2426 licet
440 2378 636 2424 minus.
732 2373 749 2376 ’
880 2373 896 2377 ⁷
1745 2373 1880 2423 Ibid.

223 2439 351 2489 XVI.
384 2439 719 2488 Privationes
749 2438 803 2486 in
827 2439 985 2486 rebus
1006 2439 1260 2488 decenter
1279 2453 1309 2488 a
1332 2440 1438 2488 Deo
1464 2438 1724 2487 ordinatis
1791 2440 1881 2487 556

224 2502 377 2551 XVII.
408 2502 612 2550 Natura
640 2502 694 2548 in
728 2506 991 2562 quantum
1019 2506 1211 2550 natura
1240 2506 1334 2561 est,
1376 2502 1523 2549 nulla
1552 2500 1705 2549 mala.
1742 2498 1880 2548 Ibid.

224 2564 403 2615 XVIII.
438 2564 629 2626 Hylen,
663 2576 783 2624 quae
814 2577 989 2612 rerum
1031 2564 1274 2613 informis
1304 2564 1552 2613 materies
1592 2563 1725 2612 anti—

329 2627 409 2675 uis
440 2622 736 2684 dicebatur,
770 2639 878 2673 non
911 2640 1023 2675 esse
1056 2627 1271 2676 malum.
1744 2622 1879 2672 Ibid.

225 2689 355 2738 XIX.
387 2689 515 2737 Esse
544 2702 684 2745 vere,
718 2689 991 2751 proprium
1022 2689 1136 2737 Dei.
1783 2690 1880 2751 557

226 2752 331 2801 XX.
365 2750 529 2799 Dolor
558 2748 771 2798 nonnisi
802 2748 854 2798 in
888 2752 1091 2800 naturis
1120 2752 1299 2800 bonis.
1746 2748 1865 2797 Ibid

226 2813 357 2862 XXI.
388 2812 598 2861 Modica
627 2826 658 2861 θ.
687 2812 844 2861 modo
875 2813 1033 2861 dicta.
1746 2810 1880 2860 Ibid.

227 2877 379 2925 XXII.
412 2875 602 2925 Modus
624 2888 691 2923 an
713 2875 893 2937 aliqua
920 2878 1124 2924 ratione
1156 2876 1263 2923 Deo
1292 2876 1393 2938 ipsi
1424 2874 1726 2924 conveniat.
1793 2875 1881 2923 558

226 2938 404 2989 XXIII.
438 2938 590 2987 Unde
619 2937 888 2986 interdum
919 2937 1125 2987 dicatur
1152 2937 1327 2987 malus
1352 2938 1561 2997 modus,
1590 2938 1729 2986 mala

291 3001 521 3062 species,
553 2999 721 3048 malus
751 3001 899 3049 ordo.
1542 2996 1549 2997 ⁷
1748 2996 1883 3048 Ibid.

224 3063 404 3135 XXIV.
435 3062 771 3135 Testimoniis
802 3063 1093 3135 Scripturas
1132 3064 1384 3135 probatur
1414 3064 1579 3135 Deum
1610 3074 1727 3110 esse

288 3125 807 3237 incpmmutabilem.
837 3125 1026 3175 Filium
1056 3126 1151 3173 Dei
1183 3140 1295 3175 esse
1327 3127 1585 3189 genitum,
1618 3137 1728 3173 non

313 3202 375 3237 ac
404 3201 515 3236 um.

313 3193 494 3237 actum
504 3223 515 3235 .

225 3250 379 3301 XXV.
413 3248 549 3299 Illud
575 3250 883 3313 Evangelii,
932 3249 1053 3299 Sine
1082 3250 1189 3311 ipso
1230 3252 1425 3313 factum
1457 3252 1530 3299 es!
1578 3248 1727 3309 nihil,

291 3313 429 3362 male
460 3312 790 3361 intellectum
821 3327 851 3360 a
881 3313 1176 3360 nonnullis.
1230 3312 1235 3313 ⁷
1796 3312 1885 3359 559

226 3375 408 3426 XXVI.
441 3375 722 3423 Creaturas
751 3389 815 3423 ex
846 3374 1010 3422 nihilo
1034 3374 1200 3423 factas
1231 3388 1364 3423 esse.
1753 3371 1886 3421 Ibid.

228 3437 430 3487 XXVII.
462 3438 547 3486 Ea:
572 3438 681 3498 ipso
713 3441 765 3485 et
792 3437 867 3485 De
896 3438 1003 3499 ipso
1034 3450 1144 3486 non
1175 3437 1315 3485 idem
1346 3435 1665 3499 signiﬁcare.
1797 3436 1886 3485 560

228 3500 455 3551 XXVIII.
488 3499 705 3571 Peccata
735 3512 845 3547 non
876 3513 986 3548 esse
1008 3513 1071 3549 ex
1102 3502 1229 3557 Deo,
1263 3499 1355 3548 sed
1377 3514 1443 3548 ex
1463 3500 1733 3548 voluntate

294 3576 416 3612 esse
450 3563 803 3633 peccantium.
856 3623 866 3633 ο
1266 3624 1276 3634 ⁸
1400 3623 1410 3631 θ
1521 3624 1531 3633 1
1754 3558 1889 3633 Ibid.

229 3624 673 3696 XXIX.‘Peccatis
702 3627 909 3696 DOSIFIS.
926 3624 1090 3696 Deum
1112 3636 1230 3696 non
1263 3636 1585 3696 IIJQIJIIIEI'I.“

231 3687 384 3738 XXX.
418 3687 567 3734 Bona
595 3687 753 3735 etiam
784 3687 1003 3735 minima
1033 3691 1084 3735 et
1109 3690 1316 3735 terrena
1346 3684 1461 3734 esse
1495 3700 1525 3734 a
1552 3688 1677 3734 Deo.
1756 3684 1890 3734 Ibid.

234 3749 413 3799 XXXI.
435 3748 643 3812 Punire
676 3763 737 3798 ac
757 3748 955 3797 donare
977 3754 1196 3812 peccata
1213 3762 1461 3812 peraeque
1483 3748 1549 3798 ad
1570 3751 1737 3798 Deum

1748 3184 1884 3234 Ibid.

282 3811 596 3923 grtinere.
907 3874 917 3882 _
980 3811 985 3812 ⁷
1221 3811 1229 3812 ⁷
1320 3873 1329 3882 _
1378 3811 1381 3812 ⁷
1802 3813 1889 3882 561

378 3875 440 3922 II.
471 3874 515 3922 A
546 3874 649 3922 Deo
680 3886 794 3921 esse
826 3876 877 3921 et
904 3887 1071 3923 ipsam
1105 3872 1333 3922 nocendi
1361 3876 1696 3923 potestatem.
1760 3872 1889 3921 Ibid.

236 3872 440 3924 XXXII.
471 3874 515 3922 A
546 3874 649 3922 Deo
680 3886 794 3921 esse
826 3876 877 3921 et
904 3874 1071 3934 ipsam
1105 3872 1333 3922 nocendi
1361 3876 1696 3934 potestatem.
1760 3872 1892 3921 Ibid.

236 3937 462 3988 XXXIII.
496 3936 723 3998 Angelos
746 3936 925 3999 malos
967 3949 1077 3985 non
1107 3951 1138 3985 a
1166 3938 1292 3998 Deo,
1333 3936 1425 3986 sed
1467 3937 1737 3999 peccando

300 3999 478 4048 factos
509 3994 625 4047 esse
654 3998 838 4046 malos.
1282 3994 1289 3998 ’
1469 3994 1485 3999 “
1766 3994 1893 4045 Ibid.

1805 4123 1898 4173 562

236 4061 463 4112 XXXIV.
496 4062 771 4110 Peccatum
797 4072 907 4124 non
937 4064 1018 4109 est
1045 4060 1194 4110 malae
1224 4063 1430 4109 natura“:
1464 4060 1737 4124 appetitio,

299 4124 397 4173 sed
428 4124 668 4172 melioris
697 4122 944 4173 desertio.

232 4187 433 4238 XXXV.
466 4186 638 4234 Arbor
670 4186 870 4235 Adamo
913 4185 1099 4244 vetita,
1129 4198 1239 4233 non
1282 4186 1409 4247 quia
1446 4184 1603 4245 mala,
1647 4184 1738 4234 sed

302 4250 447 4313 quia,
464 4248 669 4313 homini
699 4251 899 4297 bonum
930 4251 990 4313 ut
1017 4247 1260 4313 subditus
1291 4244 1360 4313 sit
1386 4248 1513 4296 Deo.
1581 4309 1591 4313 _
1729 4310 1737 4313 Α
1762 4244 1897 4294 Ibid.

239 4309 467 4363 XXXVI.
501 4311 656 4378 Nulla
684 4316 924 4360 creatura
959 4310 1050 4357 Dei
1087 4310 1239 4369 mala,
1273 4310 1365 4359 sed
1404 4325 1465 4360 ea
1492 4309 1625 4358 male
1664 4310 1741 4358 uti

303 4380 387 4424 est
418 4375 642 4423 malum.
1228 4367 1233 4369 ⁷
1764 4367 1897 4418 Ibid.

236 4437 490 4488 XXXVII.
519 4436 670 4486 Malis
700 4438 1035 4497 peccantium
1069 4437 1208 4485 Deus
1235 4435 1373 4484 bene
1404 4436 1588 4483 utitur.
1630 4494 1639 4497 Α
1776 4495 1787 4497 _
1806 4432 1899 4497 563

236 4500 516 4550 XXXVIII.
541 4498 680 4561 Ignis
701 4493 933 4547 internus
954 4498 1119 4548 malos
1141 4499 1385 4547 crucians
1410 4512 1514 4561 non
1540 4494 1741 4561 malus._
1768 4493 1899 4543 Ibid.

240 4562 465 4628 XXXIX.
497 4558 743 4628 {Efer‘nus
772 4562 907 4625 ignis
928 4563 1139 4617 dicitur,
1170 4572 1279 4610 non
1301 4560 1438 4609 sicut
1466 4560 1621 4618 Deus,
1654 4558 1745 4607 sed

306 4627 443 4691 quia
478 4625 593 4691 sine
623 4624 746 4672 ﬁne.
792 4617 839 4691 ί
950 4689 955 4691 Α
1034 4689 1039 4691 ἓ
1394 4684 1404 4691 _
1441 4684 1450 4691 ι
1484 4685 1518 4691 ﬁ
1562 4683 1573 4691 _
1610 4681 1619 4691 ο
1697 4685 1705 4691 _
1765 4617 1901 4667 Ibid.

236 4683 343 4738 XL:
376 4689 491 4737 Nec
520 4689 627 4735 Deo
658 4685 841 4735 noceri
872 4689 1050 4748 potest
1077 4698 1178 4734 nec
1213 4684 1320 4745 alii,
1352 4684 1453 4733 nisi
1484 4683 1574 4732 Dei
1601 4683 1749 4745 justa

304 4750 672 4799 ordinatione.
874 4744 885 4748 ⁷
1604 4744 1613 4745 ⁷
1814 4744 1903 4795 563

240 4815 373 4865 XLI.
398 4814 615 4872 Quanta
630 4813 773 4861 bona
792 4810 1068 4859 Manichzei
1091 4815 1295 4873 ponant
1314 4810 1370 4858 in
1392 4812 1582 4858 natura
1602 4807 1747 4867 mali,

308 4881 359 4926 et
393 4866 772 4939 q'u‘antagmala
802 4874 856 4920 in
886 4866 1254 4939 natura-boni.
1323 4936 1334 4939 _
1359 4934 1371 4939 _
1478 4933 1490 4939 _
1605 4933 1615 4939 _
1736 4866 1739 4867 ⁷

240 4933 852 4989 ΧιιιίΜωῑωΙπΒω-υω
881 4936 945 4984 de
975 4937 1068 4984 Dei
1102 4940 1293 4984 natura
1323 4933 1685 4996 blasphemiae.
1740 4994 1745 4996 Α
1816 4934 1903 4980 565

237 5001 424 5053 XLIII.
458 5002 590 5049 Mala
619 5005 741 5049 ante
772 4998 888 5046 mali
931 5000 1366 5047 commixtionem
1396 4994 1561 5045 multa
1590 4994 1750 5045 tribui

308 5066 525 5113 naturae
558 5063 648 5111 Dei
682 5078 713 5111 a
744 5061 1065 5110 Manicheeis.
1816 5057 1907 5107 566

240 5126 422 5177 XLIV.
457 5124 834 5187 Turpitudines
854 5122 1190 5173 incredibiles
1221 5137 1252 5171 a
1274 5120 1570 5172 Manichazo
1602 5133 1751 5170 exco—

309 5190 497 5231 citata;
529 5188 583 5231 in
615 5188 737 5231 Deo.
1818 5184 1906 5231 567

308 5190 497 5301 g‘i/tatze
529 5186 587 5259 in
614 5188 737 5259 Deo.
1258 5248 1269 5259 .
1435 5247 1445 5257 .
1520 5246 1529 5256 η
1719 5245 1728 5255 .
1818 5186 1844 5231 5

237 5252 357 5322 XL_
381 5289 393 5301 .
428 5250 809 5322 Turpitudines
839 5247 1321 5322 qumdamnefariai
1351 5246 1416 5295 de
1433 5260 1561 5310 ipsis
1590 5245 1751 5294 Mani-
1819 5312 1841 5322 _

311 5315 485 5364 chzeis
516 5310 623 5361 non
654 5310 913 5362 immerito
940 5312 1173 5361 creditas.
1817 5310 1908 5358 569

242 5378 422 5428 XLVI.
459 5375 709 5428 Epistolas
738 5375 1092 5424 Fundamenti
1124 5372 1330 5423 nefaria
1359 5372 1618 5421 doctrina.
1775 5370 1905 5420 Ibid.

243 5440 449 5491 XLVII.
482 5435 862 5501 Turpitudines
892 5437 1173 5486 horribiles
1205 5437 1343 5501 cogit
1376 5441 1727 5501 perpetrare._
1823 5435 1909 5483 570

246 5501 488 5575 XLVIII.-
508 5498 633 5550 Orat
660 5501 989 5564 Augustinus
1012 5514 1104 5563 pro
1126 5500 1538 5548 Manichaeorum
1572 5498 1754 5558 resipi-
1825 5562 1845 5575 ν

243 5567 598 5679 εὲῧὲὶῦῗῇι
633 5625 961 5674 ΜΑΝΙΟΗᾹΞΙ
993 5624 1301 5673 EPISTOLA
1336 5623 1421 5671 AD
1461 5622 1757 5671 AUGUSTI-
1824 5560 1911 5607 Μ

309 5690 480 5739 NUM.
514 5716 572 5725 —
606 5689 880 5737 Manichaai
929 5687 1222 5735 doctrinam
1268 5684 1609 5741 commendat
1651 5690 1760 5733 tue-

313 5757 517 5813 turque
531 5767 652 5802 cum
669 5751 935 5799 CRIIJOIICID
952 5751 1071 5797 ﬁdei
1090 5750 1524 5813 reprehensione,
1542 5748 1759 5813 indigne

314 5810 505 5864 fere'ns
536 5814 681 5884 quod
712 5825 829 5884 eam
861 5813 1071 5884 scriptis
1100 5815 1376 5884 Oppugnet
1413 5810 1759 5884 Augustinus,

318 5889 490 5941 quem
526 5873 568 5927 δ’
603 5877 897 5928 Manichzeo
946 5873 1151 5925 timore“
1176 5873 1411 5938 quodam
1445 5877 1497 5921 et
1544 5873 1762 5921 honoris

604 5998 863 6056 PATROL.
910 5995 1092 6053 XLII.

1648 313 1887 373 INDEX
1940 314 2235 377 RERUM.

3482 328 3636 388 1226

2049 447 2336 516 cupiditate
2362 448 2613 516 defecisse
2647 451 2932 511 insimulat,
2965 456 3125 516 atque
3155 459 3214 504 ut
3242 457 3307 505 ad
3341 455 3482 505 illius

2048 515 2245 557 sectam
2278 511 2488 559 tandem
2523 512 2718 571 redeat,
2751 511 3073 565 exhortatur.
3425 521 3633 570 571-572

1986 570 2037 619 s.
2054 572 2325 638 suasa"
2348 570 3151 638 AUGUSTINI,IIIPPONENSIS
3180 579 3477 638 EPISCOPI,

2045 634 2301 683 CONTRA
2351 636 2759 688 SECUNDINUM
2806 640 3231 695 ΜΑΝΙΟΗΛΕΗΜ.
3291 634 3478 692 LIBER

2045 697 2315 769 UNUS._--
2337 698 2498 769 Docet
2526 701 3343 769 AugustinusquareManichasi
3367 720 3478 755 sec-

2049 762 2151 830 tam
2185 759 2474 830 reliquerit,
2497 759 2805 830 eamqueex
2836 759 3125 830 Secundini
3146 768 3316 830 ipsius
3336 769 3475 830 epis-

2046 820 2152 869 tola
2180 820 2403 881 prolatis
2434 820 2761 881 argumentis
2789 828 3000 876 refellit.
3168 820 3185 830 ⁸
3372 820 3385 830 “
3424 830 3632 881 577-578

1984 881 2717 951 S._AU_I11§LIIAUGAUSV'I‘INI,
2741 890 3158 939 HIPPONENSIS
3183 891 3478 951 EPISCOPI,

2044 945 2298 995 CONTRA
2332 948 2771 1000 ADVERSARUM
2806 953 2982 1002 LEGIS
3012 954 3090 1002 ΕΤ
3122 945 3477 1004 ΡΒΟΡΗΕὙΑᾸ

2045 1008 2181 1056 RUM
2214 1010 2381 1058 LIBRI
2418 1011 2567 1059 DUO.
3420 1019 3632 1068 603-604

1987 1070 2135 1117 Liasa
2166 1084 2358 1120 ramus.
2392 1073 2595 1123 Veteris
2632 1074 2952 1125 Testamenti
2993 1076 3110 1127 loca
3152 1076 3477 1129 calumniose

2047 1134 2370 1194 reprehensa
2400 1136 2757 1185 vindicantur.
3504 1140 3635 1191 Ibid.

1985 1195 2426 1265 Ιιιβιξιικεερυμῡυε.
2456 1224 2514 1233 -
2535 1199 2668 1265 No_vi
2690 1200 3011 1265 ’I‘estamenti
3034 1201 3165 1262 loca,
3186 1216 3305 1265 quas
3327 1203 3478 1265 Legis

2048 1258 2516 1320 etPrOpbetarum
2547 1262 2897 1312 Adversarius
2926 1265 3075 1314 velut
3107 1258 3183 1313 eis
3203 1258 3479 1315 contrafia

2048 1319 2280 1380 collegit,
2309 1322 2678 1372 discutiuntur.
3430 1328 3634 1378 637-638

1984 1381 2319 1433 CONSULTA‘I‘IO
2348 1385 2457 1434 sive
2487 1385 2905 1435 Counomroaiuu
2935 1388 3105 1437 Osos"
3135 1402 3198 1439 AD
3234 1389 3475 1440 AUGUSTI-

2045 1458 2147 1493 nnn
2176 1460 2239 1494 na
2266 1460 2464 1496 annona
2501 1449 3027 1500 Pmscmuamsunuu
3071 1464 3126 1499 ar
3164 1454 3482 1503 ORIGENIS’I‘A-

2046 1520 2165 1555 non.
3423 1516 3631 1566 665-668

1987 1567 2036 1617 s.
2062 1568 2340 1635 Ausi-31311,
2354 1570 2718 1635 AUGUSTINI,
2740 1574 3157 1624 HIPPONENSIS
3177 1576 3478 1635 EPISCOPI,

2046 1632 2132 1679 AD
2162 1632 2443 1683 OROSIUM
2482 1635 2731 1684 CONTRA
2772 1637 3359 1690 PRISCILLIANISTAS
3401 1632 3481 1689 ET

2051 1694 2471 1744 ORIGENISTAS
2502 1697 2685 1745 LIBER
2718 1699 2903 1749 UNUS.
3427 1704 3633 1752 669-670

1988 1756 2204 1806 SERMO
2235 1757 2642 1807 ARIANORUM.
3424 1764 3635 1816 677-678

1989 1819 2040 1867 s.
2056 1818 2331 1885 unseen
2352 1821 2711 1885 AUQUSTINI,
2737 1824 3154 1874 HIPPONENSIS
3174 1825 3477 1885 EPISCOPI,

2048 1881 2304 1932 CONTRA
2389 1884 2739 1935 SERMONEM
2828 1887 3211 1937 ARIANORUM
3292 1881 3479 1938 LIBER

2050 1944 2237 1993 UNUS.
3424 1951 3633 2000 683-684

1992 2007 2270 2055 ΑΒΜΟΜΤΙΟ
2314 2020 2363 2055 IN
2409 2008 2750 2058 COLLATIONEM
2801 2024 2859 2059 IT
2902 2024 3073 2060 LIBROS
3116 2026 3243 2061 DUOS
3296 2025 3484 2062 CONTRA

2050 2069 2357 2116 MAXIMINUM.
3430 2075 3640 2125 707-708

1989 2129 2037 2178 s.
2067 2131 2725 2196 AUBELIIAUQUSTINI,
2741 2132 3155 2196 HIPPONENSIS
3177 2136 3481 2196 EPISCOPI,

2051 2193 2365 2303 ἓΒΒὸΑΤΙΟ
2394 2194 2527 2243 CUM
2549 2195 2873 2244 MAXIMINO
2903 2198 3292 2248 ARIANORUM
3321 2193 3483 2303 ΕΡΙΞΕ

1992 2316 2044 2366 s.
2064 2318 2337 2383 animi.“
2354 2317 2721 2383 AUQUSTINI,
2746 2320 3160 2371 I'IIPPONENSIS
3180 2323 3481 2383 EPISCOPI,

2054 2379 2306 2427 CONTRA
2354 2380 2729 2429 MAXIMINUM
2778 2382 3159 2434 ΗᾸΞΒΕΤΙΟΗΜ
3213 2379 3483 2435 ARIANO-

2054 2443 2192 2491 RUM
2227 2442 2578 2491 EPISCOPUM
2612 2444 2779 2491 LIBRI
2813 2446 2955 2494 DUO.
3427 2449 3638 2499 743-744

1993 2505 2458 2572 Lisaaramus.‘—
2503 2505 2747 2572 Ostendit
2784 2507 3130 2572 Augustinus,
3173 2523 3233 2558 ea
3271 2523 3390 2572 quas
3430 2512 3486 2559 in

2054 2568 2336 2635 collatione
2378 2567 2490 2629 ipse
2533 2568 2679 2628 dixit,
2714 2567 3047 2619 Maximinum
3094 2585 3202 2620 non
3250 2567 3487 2635 potuisse

2051 2630 2308 2677 refellere.
3250 2630 3267 2635 ”
3500 2633 3635 2683 Ibid.

1988 2691 2152 2741 CAPUT
2180 2705 2387 2740 PRIMUM.
2420 2690 2491 2738 De
2523 2690 2735 2741 duobus
2764 2692 2881 2742 diis.
3501 2695 3635 2745 Ibid.

1990 2754 2051 2803 II.
2083 2756 2153 2803 De
2184 2753 2437 2816 humanis
2454 2755 2738 2816 contagiis.
3501 2757 3638 2808 Ibid.

1990 2817 2075 2864 III.
2110 2819 2181 2865 De
2212 2815 2463 2863 invisibili
2495 2815 2647 2864 Deo.’
3546 2824 3638 2870 745

1991 2879 2074 2928 IV.
2105 2880 2176 2927 De
2208 2876 2488 2926 immortali
2516 2880 2642 2927 Deo.
3544 2885 3636 2933 7‘6

1990 2941 2048 2989 V.
2080 2941 2227 2990 Unde
2258 2941 2435 3003 major
2458 2940 2526 2988 sit
2555 2942 2725 2990 Pater.
3508 2944 3637 2994 Ibid.

1990 3004 2072 3051 VI.
2105 3006 2175 3052 De
2206 3002 2349 3051 veris
2369 3002 2488 3049 ﬁliis
2520 3003 2850 3051 animalium.
3546 3008 3637 3057 748

1991 3066 2100 3116 VII.
2132 3068 2205 3113 De
2235 3064 2600 3124 magnitudine
2629 3065 2760 3113 Filii.
3546 3072 3641 3119 749

1990 3129 2119 3177 VIII.
2154 3129 2227 3176 De
2256 3126 2585 3188 subjectione
2616 3128 2743 3175 Filii.
3549 3134 3640 3181 750

1991 3191 2075 3239 IX.
2108 3191 2294 3239 Utrum
2326 3190 2512 3238 adoret
2541 3190 2744 3238 Patrem
2774 3188 2997 3250 Spiritus
3025 3194 3256 3240 sanctus.
3507 3192 3643 3244 Ibid.

1992 3254 2054 3302 X.
2085 3252 2362 3311 Quomodo
2392 3253 2458 3301 sit
2488 3266 2625 3301 unus
2650 3253 2788 3301 Deus
2808 3252 2959 3301 Pater
2989 3256 3042 3302 et
3070 3253 3233 3303 Filius
3253 3258 3305 3304 et
3324 3254 3484 3318 Spiri-

2056 3319 2143 3364 tus
2172 3320 2405 3363 sanctus.
3549 3318 3640 3367 751

1994 3378 2078 3425 XI.
2112 3378 2182 3424 De
2213 3376 2408 3438 templo
2438 3375 2665 3437 Spiritus
2693 3376 2879 3424 sancti.
3552 3382 3644 3429 752

1995 3440 2102 3489 XII.
2138 3441 2210 3488 De
2242 3454 2306 3488 eo
2336 3442 2479 3500 quod
2511 3438 2663 3486 Pater
2691 3442 2743 3486 et
2772 3438 2930 3486 Filius
2963 3451 3130 3488 unum
3162 3440 3286 3489 sint.
3551 3444 3645 3491 753

1995 3502 2125 3551 XIII.
2158 3503 2229 3549 De
2259 3500 2563 3549 testimonio
2594 3501 2736 3562 quod
2768 3501 2919 3549 Pater
2949 3502 3219 3563 perhibuit
3247 3502 3399 3553 Filio.
3551 3505 3644 3553 75b

1996 3565 2125 3613 XIV.
2158 3565 2229 3612 De
2261 3563 2545 3611 dilectione
2576 3563 2742 3611 Patris
2762 3567 2814 3611 et
2843 3563 2974 3613 Filii.
3506 3564 3646 3614 Ibid.

1996 3628 2105 3676 XV.
2137 3626 2209 3674 De
2239 3626 2597 3673 invisibilitate
2631 3626 2916 3675 Trinitatis.
3507 3627 3644 3676 Ibid.

1998 3689 2126 3738 XVI.
2157 3690 2228 3736 De
2258 3689 2372 3735 solo
2402 3688 2642 3749 sapiente
2673 3688 2797 3737 Deo.
3510 3690 3643 3739 Ibid.

2000 3751 2153 3800 XVII.
2188 3752 2257 3799 De
2289 3751 2484 3798 infecto
2514 3751 2639 3798 Deo.
3552 3755 3644 3802 755

2001 3814 2175 3863 XVIII.
2207 3814 2278 3861 De
2308 3804 2544 3875 inge’nito
2578 3813 2743 3875 Patre.
3004 3874 3009 3875 γ
3553 3818 3645 3864 ’756

2000 3875 2125 3925 XIX.
2162 3875 2232 3922 De
2262 3874 2563 3937 aqualitate
2594 3874 2820 3935 Spiritus
2848 3874 3014 3937 sancti
3046 3887 3165 3922 cum
3198 3875 3366 3924 Patre.
3509 3876 3644 3925 Ibid.

2001 3938 2105 3987 XX.
2139 3939 2277 3985 Licet
2306 3936 2574 3999 ingenitus
2604 3937 2768 3999 Pater,
2797 3936 3014 3999 aequalis
3045 3940 3222 3985 tamen
3253 3938 3430 3987 Filius.
3555 3941 3644 3990 758

2003 4000 2449 4073 LIBER-SECUNDUS.
2486 4026 2543 4070 —.—
2580 3998 2911 4073 Refelluntur
2941 3999 3223 4073 _sigillatim
3273 4014 3392 4073 quae
3422 4002 3490 4073 in

2065 4063 2346 4126 collatione
2385 4061 2702 4126 Maximinus
2731 4061 2863 4126 dixit
2899 4061 3087 4126 ultima
3132 4077 3229 4126 sua
3257 4061 3492 4126 disputa-

2067 4126 2229 4182 tione,
2254 4124 2405 4186 cujus
2424 4124 2798 4188 disputationis
2816 4136 2930 4188 sute
2951 4124 3251 4185 prolixitate
3269 4124 3493 4188 respon-

2068 4188 2229 4235 dendi
2262 4192 2474 4247 tempus
2501 4192 2630 4234 tunc
2660 4186 2854 4247 eripuit
2886 4188 3202 4249 Augustino.
3358 4186 3376 4188 “
3444 4189 3652 4239 757-758

2006 4252 2286 4299 Annomrio
2318 4263 2361 4297 in
2396 4262 2562 4296 uanos
2594 4262 2651 4294 os
2679 4249 2958 4296 Tan-urna.
3449 4252 3653 4301 815-816

2007 4314 2059 4363 S.
2096 4312 2351 4360 AURELII
2373 4310 2728 4368 AUGUSTINI,
2754 4310 3167 4360 HIPPONENSIS
3192 4310 3495 4368 EPISCOPI,

2071 4375 2153 4423 DE
2181 4373 2519 4421 TRINITATE
2553 4373 2720 4421 LIBRI
2754 4371 3129 4429 QUINDECIM.
3444 4376 3653 4426 819-820

2008 4438 2159 4486 Lmen
2190 4450 2387 4485 ruimus.
2408 4464 2462 4470 —
2485 4435 2787 4484 Secundum
2809 4435 3109 4497 Scripturas
3129 4449 3307 4484 sacras
3326 4440 3502 4486 osten-

2072 4500 2401 4563 diturunitas
2416 4498 2750 4563 etaequalitas
2762 4511 2982 4563 summa:
2994 4498 3282 4563 Trinitatis,
3297 4504 3348 4547 et
3361 4514 3503 4563 quie-

2074 4563 2196 4610 dam
2213 4562 2327 4609 loca
2340 4565 2523 4608 contra
2536 4561 2648 4608 Filii
2661 4560 3016 4622 aequalitatem
3030 4561 3188 4609 allata
3204 4560 3495 4611 diluuntur.
3526 4561 3657 4610 Ibid.

2011 4625 2172 4673 CAPUT
2202 4637 2406 4671 ramum.
2441 4622 2633 4671 Scribit
2669 4627 2856 4685 contra
2894 4636 2985 4671 eos
3014 4624 3105 4685 qui
3146 4624 3349 4672 ratione
3381 4626 3505 4674 abu-

2075 4692 2246 4735 tentes
2275 4686 2666 4734 calumniantur
2694 4684 2850 4733 ﬁdem
2887 4684 3175 4734 Trinitatis.
3207 4686 3367 4735 Error
3395 4687 3503 4736 dis-

2075 4752 2300 4797 tantium
2320 4749 2393 4811 de
2415 4749 2627 4811 Deosex
2648 4747 2842 4811 triplici
2862 4762 3037 4811 causa.
3056 4747 3328 4811 Scriptura
3356 4763 3509 4798 sacra

2076 4811 2292 4859 remotis
2330 4809 2645 4859 falsitatibus
2683 4810 2861 4873 evehit
2902 4809 3265 4873 gradatim’ad
3307 4811 3505 4861 divina.

2076 4874 2448 4922 Immortalitas
2476 4886 2619 4921 vera.
2651 4871 2775 4921 Fide
2798 4871 3080 4931 nutEimur,
3113 4876 3173 4922 ut
3205 4873 3410 4923 habiles
3439 4874 3505 4924 ad

2075 4936 2256 4984 divina
2285 4934 2543 4998 capienda
2572 4934 2877 4984 efﬁciamur.

2016 4999 2076 5048 II.
2111 5000 2181 5047 De
2211 4997 2464 5047 Trinitate
2507 4999 2774 5061 quomodo
2817 4998 2918 5047 hoc
2946 4997 3003 5045 in
3043 5011 3203 5061 opere
3243 4997 3508 5049 disseren-

3528 4934 3662 4986 Ibid.

2018 5062 2255 5180 Ilicilgiiid
2275 5137 2305 5171 a
2326 5123 2434 5170 suis
2454 5122 2737 5170 lectoribus
2757 5125 3010 5183 exposcat
3030 5123 3374 5185 Augustinus.
3389 5125 3510 5173 Lec-
3571 5063 3664 5113 822

2080 5191 2255 5235 torum
2276 5186 2568 5234 tardiorum
2590 5197 2798 5232 errores
2820 5185 3020 5232 auctori
3046 5198 3156 5233 non
3182 5186 3468 5236 tribuendi.
3529 5184 3665 5236 Ibid.

2020 5250 2102 5298 IV.
2134 5250 2261 5307 Quae
2294 5248 2360 5296 sit
2388 5247 2626 5295 doctrina
2656 5246 2776 5294 ﬁdei
2810 5246 3084 5296 catholica:
3115 5247 3179 5296 de
3207 5249 3485 5298 Trinitate.
3575 5250 3667 5301 824

2023 5313 2083 5363 V.
2123 5311 2467 5361 Difﬁcultates
2495 5310 2561 5358 de
2606 5309 2885 5361 Trinitate:
2922 5310 3193 5373 quomodo
3224 5314 3331 5361 tres
3374 5325 3516 5361 unus

2086 5377 2243 5423 Deus.

2020 5439 2104 5487 VI.
2141 5438 2328 5486 Filium
2360 5449 2472 5483 esse
2506 5448 2687 5483 verum
2723 5434 2889 5482 Deum
2934 5434 3174 5497 ejusdem
3220 5450 3337 5484 cum
3372 5437 3519 5485 Patre

2086 5500 2417 5548 substantiae.
2436 5498 2547 5545 Non
2572 5498 2712 5545 solus
2728 5499 2893 5553 Pater,
2910 5498 3001 5545 sed
3020 5497 3249 5547 Trinitas
3267 5498 3408 5547 dicta
3427 5499 3520 5548 im-

2087 5563 2345 5610 mortalis.
2380 5562 2495 5608 Non
2527 5573 2589 5607 ex
2613 5560 2726 5607 solo
2761 5561 2908 5607 Patre
2933 5560 3127 5617 omnia,
3161 5561 3255 5609 sed
3278 5561 3434 5609 etiam
3458 5576 3519 5610 ex

2086 5626 2237 5674 Filio.
2271 5623 2520 5686 Spiritum
2551 5627 2791 5671 sanctum
2825 5636 2939 5671 esse
2968 5636 3155 5671 verum
3188 5625 3351 5672 Deum
3385 5625 3522 5673 Patri

2090 5692 2142 5736 et
2172 5686 2297 5735 Filio
2333 5686 2613 5747 aequalem.
3586 5687 3678 5735 825

2024 5751 2131 5798 VII.
2166 5749 2324 5797 Filius
2354 5747 2619 5809 quomodo
2649 5747 2829 5810 minor
2854 5747 3003 5795 Patre
3036 5760 3096 5795 ac
3127 5748 3318 5810 seipso.
3587 5750 3677 5798 828

2028 5812 2159 5861 VIII.
2192 5808 2489 5882 Scripturas
2517 5810 2580 5882 de
2613 5808 2943 5882 subjectione
2966 5810 3077 5857 Filii
3110 5808 3379 5882 sup—Patre
3408 5825 3523 5882 per-

2092 5887 2274 5937 peram
2306 5873 2599 5923 intellectas
2629 5873 2873 5936 explicat.
2897 5873 3137 5936 Regnum
3160 5874 3299 5924 Patri
3317 5873 3428 5925 non
3449 5874 3525 5924 sic

3538 5371 3670 5425 Ibid.

3283 5996 3360 6053 39
