4048 6474
229 287 259 348 1
270 287 384 349 229

285 417 428 467 aliud
462 415 527 465 ad
557 428 613 465 se
634 413 854 477 dicitur;
886 417 977 465 sed
998 416 1099 466 dici
1125 418 1278 467 etiam
1304 419 1541 478 relative,
1566 421 1618 470 id
1639 426 1720 471 est

282 494 389 529 non
421 479 487 528 ad
520 493 592 534 se.
623 480 729 543 sed
746 480 813 543 ad
848 479 1042 541 aliquid
1078 482 1216 539 quod
1243 483 1351 543 ipse
1380 497 1486 531 non
1518 489 1612 537 est.
1647 485 1716 532 si-

282 548 370 591 cut
397 544 553 591 Pater
573 540 637 589 ad
662 541 847 590 Filium
870 540 1079 601 dicitur,
1101 544 1181 592 vel
1207 540 1457 593 Dominus
1481 546 1546 594 ad
1570 561 1715 595 crea-

280 609 452 668 tu‘ram
485 605 582 668 sibi
604 605 953 668 servientem:
979 606 1065 653 ubi
1091 607 1133 654 si
1157 608 1281 668 quid
1309 609 1538 665 relative,
1563 610 1613 657 id
1638 614 1716 657 est

281 666 345 731 ad
368 666 577 731 aliquid
608 665 745 731 quod
780 670 889 731 ipse
921 680 1030 715 non
1060 665 1348 727 estfetiam
1382 686 1441 719 ex
1476 676 1713 731 tempore

280 730 489 795 dicitur,
534 729 692 795 sicuti
722 730 1093 795 est,_Domine,
1144 734 1398 793 re/ugium
1445 729 1617 795 [actas
1664 748 1714 781 es

279 790 462 851 nobis;
490 790 623 855 nihil
648 791 694 838 ei
718 792 953 840 accidere
975 806 1079 855 quo
1103 790 1351 845 mutetur.
1377 790 1465 842 sed
1492 798 1711 845 omnino

280 854 454 915 ipsum
486 853 540 900 in
577 858 770 902 natura
809 856 888 902 vel
922 853 1153 904 essentia
1193 872 1290 905 sua
1329 858 1711 907 immutabilem

283 928 616 978 permanere.
732 977 737 978 ν
1233 943 1239 949 ι

218 978 379 1027 CAPUT
406 992 464 1024 pa
487 991 609 1025 una.
644 977 779 1035 Quid
820 992 848 1025 a
890 979 1012 1027 Deo.
1057 979 1183 1040 quid
1224 996 1253 1028 a
1292 982 1489 1031 lectore
1526 989 1712 1032 auctor

280 1044 546 1149 fxpgscat.
573 1041 629 1087 In
661 1041 769 1088 Deo
788 1040 919 1088 nihil
940 1043 1206 1089 mutabilis
1227 1048 1279 1090 et
1308 1046 1547 1105 corporei
1570 1046 1707 1107 cogi-

301 1117 368 1149 an
413 1116 519 1149 um.

280 1108 519 1150 tandum.

216 1164 276 1211 II.
312 1166 446 1212 Deus
477 1163 588 1211 sola
619 1163 1066 1213 incommutabilis
1103 1168 1350 1216 essentia.

213 1226 297 1274 III.
330 1227 647 1291 Arianorum
688 1233 1059 1291 argumentum
1090 1242 1150 1276 ex
1183 1244 1310 1278 voce
1340 1232 1504 1291 geniti
1548 1236 1601 1279 et
1632 1233 1707 1281 in-

272 1290 435 1350 geniii
466 1288 803 1351 desumptum
834 1288 1069 1337 diluitur.

212 1367 292 1417 IV.
318 1366 577 1416 Accidens
604 1369 779 1431 arguit
818 1382 1028 1431 semper
1072 1369 1304 1433 aliquam
1346 1373 1417 1421 rei
1459 1376 1703 1424 mutatio-

278 1443 415 1478 nem.
1771 1439 1861 1488 913

210 1492 270 1541 V.
304 1492 361 1539 In
393 1493 501 1540 Deo
526 1491 654 1539 nihil
680 1492 971 1540 secundum
997 1494 1239 1542 accidens
1270 1495 1477 1548 dicitur.
1513 1498 1605 1546 sed
1629 1513 1704 1547 se-

271 1556 507 1602 cundum
541 1555 892 1603 substantiam
914 1562 1005 1605 aut
1033 1560 1328 1606 secundum
1353 1560 1685 1609 relationem.
1724 1561 1858 1611 Ibid.

210 1616 291 1667 VI.
323 1616 957 1689 Occurriibareticorum
982 1619 1405 1669 cavillationibus
1431 1623 1483 1670 in
1516 1624 1702 1671 eadem

270 1692 397 1727 voce
425 1680 592 1741 geniti
620 1684 672 1727 et
700 1681 933 1741 mgeniti.
1768 1688 1858 1735 914

347 1741 569 1813 ΝΛεεςιμο
590 1743 780 1813 addita
812 1746 1119 1813 non-mutat
1155 1745 1666 1813 pradicamentum._
1769 1752 1857 1798 915

208 1803 340 1852 VIII.
371 1803 638 1866 Quidquid
680 1804 1097 1853 substantialiter
1136 1805 1198 1852 de
1244 1809 1347 1855 Deo
1389 1808 1594 1863 dicitur,
1638 1810 1701 1858 de

268 1865 492 1934 singulis
535 1867 1155 1934 p_ersonis_singulariter
1202 1873 1251 1916 et
1291 1870 1445 1917 simul
1485 1872 1548 1919 de
1588 1873 1703 1934 ipsa

268 1928 524 1990 Trinitate
545 1928 757 1977 dicitur.
781 1930 838 1976 In
866 1928 971 1977 Deo
993 1944 1097 1977 una
1117 1933 1365 1990 essentia,
1390 1928 1703 1983 tresGracis

270 1989 603 2053 hypostases,
637 1991 835 2040 Latinis
866 1996 974 2039 tres
1004 2006 1265 2052 persona.
1767 2000 1857 2047 916

205 2051 285 2116 ix.
310 2051 567 2116 :Persona
597 2057 704 2101 tres
734 2066 842 2102 non
875 2051 1087 2116 proprie
1122 2055 1294 2104 dicta.
1765 2062 1853 2109 917

204 2114 265 2164 X.
295 2114 421 2171 Qua
456 2116 564 2164 Deo
604 2116 843 2164 absolute
878 2114 1217 2165 conveniunt
1256 2120 1315 2165 ut
1356 2120 1603 2177 essentia,
1637 2120 1700 2169 de

264 2177 523 2243 u'l‘riniutate
552 2178 890 2243 singulariter
916 2179 1185 2243 dicuntur,
1220 2194 1325 2228 non
1362 2182 1647 2243 pluraliter.
1762 2184 1854 2233 918

206 2239 287 2289 XI.
321 2239 454 2297 Quid
488 2241 545 2288 in
574 2238 825 2289 Trinitate
856 2240 1074 2289 relative
1105 2241 1329 2291 dicatur.
1363 2238 1375 2243 “
1726 2246 1853 2295 Ibid.

202 2301 308 2351 XII.
342 2303 398 2349 In
431 2303 667 2350 relativis
696 2304 894 2352 mutuis
916 2304 1184 2351 interdum
1207 2305 1401 2354 desunt
1427 2306 1699 2356 vocabula.
1765 2312 1855 2358 919

203 2364 331 2413 XIII.
364 2364 688 2428 Principium
720 2366 991 2429 quomodo
1012 2367 1065 2413 in
1096 2366 1347 2416 Trinitate
1377 2369 1595 2418 relative
1626 2370 1699 2418 di-

205 2431 519 2600 leull’gter
548 2492 598 2538 et
644 2490 806 2539 Filius
848 2490 1064 2539 unicum
1109 2491 1429 2553 principium
1475 2436 1855 2606 Spiritus

268 2564 391 2600 sane
420 2567 453 2600 ι.
1784 2574 1819 2606 ²¹
1844 2596 1854 2606 ·

1784 2574 1854 2608 ιιι.

268 2553 453 2600 sancti.

206 2613 309 2724 XV;
338 2615 419 2724 Au
449 2614 670 2675 spiritus
698 2618 914 2664 sanctus
940 2620 1077 2665 esset
1104 2615 1304 2664 donum
1336 2620 1386 2666 et
1414 2622 1700 2681 antequam

307 2690 393 2724 are
424 2690 506 2724 ur.

307 2681 506 2726 aretur.
1766 2685 1853 2734 921

206 2737 333 2788 XVI.
364 2738 519 2796 Quod
550 2738 616 2787 de
646 2739 752 2787 Deo
769 2752 832 2787 ex
863 2743 1103 2801 tempore
1135 2740 1344 2801 dicitur,
1376 2742 1595 2793 relative
1624 2744 1702 2793 di-

267 2802 420 2860 citur,
454 2814 565 2849 non
597 2801 1012 2850 accidentaliter.
1767 2811 1859 2858 922

207 2862 353 2912 Llssa
373 2878 587 2931 sexies.
614 2891 670 2898 —
689 2865 890 2931 Inique
922 2865 1191 2927 proposita
1220 2865 1535 2931 quastione,
1569 2882 1700 2931 quo-

265 2927 424 2975 modo
455 2927 630 2974 dictus
660 2927 725 2974 sit
753 2927 994 2975 Christus
1022 2941 1112 2975 ore
1143 2928 1452 2989 apostolico,
1490 2927 1703 2978 Dei’vir-

266 2991 345 3035 ius
372 2992 420 3036 et
455 2989 551 3037 Dei
576 2990 846 3051 sapientia,
878 2989 1181 3051 disputatur
1205 2994 1381 3038 utrum
1417 2992 1565 3041 Pater
1594 3007 1702 3041 non

265 3051 331 3101 sit
357 3052 471 3113 ipse
495 3051 771 3113 sapientia.
796 3052 886 3099 sed
912 3057 1115 3100 tantum
1138 3053 1413 3114 sapientia:
1437 3056 1604 3113 Pater,
1635 3070 1702 3104 an

263 3113 876 3179 sapientiasapientiam
917 3113 1269 3179 genueritz’et
1312 3116 1471 3179 dilata
1502 3120 1700 3179 paulis-

264 3188 359 3236 per
388 3175 674 3233 solutione,
697 3178 950 3238 probatur
974 3178 1148 3225 unitas
1169 3182 1219 3225 et
1240 3175 1515 3237 aqualitas
1538 3181 1702 3229 Patris

262 3242 316 3287 et
335 3238 445 3303 Filii
479 3252 547 3303 ac
565 3238 791 3299 Spiritus
811 3240 1003 3303 sancti:
1029 3244 1081 3287 et
1102 3253 1209 3288 non
1234 3241 1397 3288 Deum
1420 3242 1700 3303 triplicem,

263 3299 355 3365 sed
405 3300 907 3365 Trinitatemucredi
958 3307 1219 3365 oportere.
1254 3303 1385 3349 Illud
1436 3299 1701 3365 postremo

261 3360 377 3411 loco
409 3363 706 3425 explicatur
739 3364 919 3412 Hilarii
951 3360 1177 3412 dictum:
1210 3360 1494 3414 Λῖίενηὶτὶιε
1523 3368 1577 3415 in
1611 3370 1701 3416 Pa-

264 3426 355 3483 tre,
398 3430 590 3485 species
619 3426 672 3473 in
703 3426 951 3487 Imagine.
983 3440 1101 3473 usus
1130 3428 1182 3475 in
1216 3428 1441 3476 Munere.
1643 3433 1856 3481 923-924

202 3484 362 3536 CAPUT
390 3484 591 3537 animum.
628 3488 791 3536 Filius
816 3484 1105 3537 iecundum
1134 3490 1442 3550 Apostolum
1465 3492 1633 3540 virtus
1654 3498 1705 3542 et

264 3550 530 3611 sapientia
556 3550 647 3598 Dei
670 3551 852 3611 patris.
886 3551 1017 3599 Hinc
1040 3552 1373 3600 ratiocinatio
1402 3553 1699 3604 Catholica-

264 3624 381 3660 rum
413 3618 602 3663 contra
634 3613 837 3673 priores
862 3614 1104 3662 Arianos.
1140 3614 1426 3663 Difﬁcultas
1457 3629 1521 3664 an
1556 3617 1704 3667 Pater

264 3687 371 3738 non
392 3677 585 3738 sitipse
604 3676 884 3737 sapientia,
900 3677 989 3723 sed
1009 3680 1213 3725 tantum
1233 3678 1507 3738 sapientia
1524 3680 1690 3729 Pater.
1721 3680 1853 3731 Ibid.

203 3735 267 3801 ii:
289 3736 415 3801 Qua
442 3735 511 3786 de
535 3735 684 3787 Patre
715 3743 767 3787 et
789 3739 913 3786 Filio
936 3739 1092 3786 simul
1117 3735 1385 3793 dicuntur.
1411 3753 1529 3801 qua
1560 3756 1686 3791 non.
1725 3742 1856 3794 Ibid.

199 3796 287 3847 III.
320 3800 585 3849 Unitatem
608 3801 851 3850 essentia
883 3802 1046 3849 Patris
1064 3805 1116 3849 et
1144 3802 1254 3850 Filii
1288 3796 1468 3850 haberi
1491 3818 1552 3851 ex
1588 3819 1700 3853 ver-

260 3861 361 3911 bis.
396 3864 558 3927 Unum
606 3878 797 3927 sumus.
848 3863 1011 3927 Filius
1065 3868 1115 3912 et
1158 3866 1211 3913 in
1256 3866 1522 3927 sapientia
1552 3872 1604 3916 et
1647 3869 1699 3916 in

1727 1294 1858 1344 Ibid.

260 3926 467 3987 cateris
496 3926 718 3987 aqualis
748 3926 901 3974 Patri.
1320 3926 1329 3927 7
1764 3932 1855 3979 926

199 3984 879 4059 iy.nsequitur'de_eodem
911 3992 1318 4059 argument-olm“
1554 4054 1585 4059 η
1648 4055 1657 4059 _
1765 3996 1855 4041 927

198 4047 259 4098 V.
290 4047 517 4117 Spiritus
545 4056 763 4100 sanctus
792 4051 951 4099 etiam
982 4047 1119 4099 Patri
1149 4055 1199 4099 et
1227 4052 1358 4101 Filio
1394 4054 1617 4117 aqualis
1645 4055 1696 4102 in

263 4113 535 4162 omnibus.
1460 4113 1475 4117 ’
1722 4116 1855 4167 Ibid.

201 4171 597 4283 VLlQuomodo
641 4175 785 4224 Deus
832 4174 1129 4223 substantia
1174 4174 1393 4239 simplex
1425 4182 1478 4227 et
1525 4178 1702 4227 multi-

263 4249 406 4283 nex.

321 4251 406 4286 ex.
1766 4244 1855 4291 928

200 4296 308 4361 VII.
336 4301 477 4349 Deus
507 4299 752 4359 Trinitas,
786 4298 878 4347 sed
912 4311 1020 4347 non
1052 4299 1264 4361 triplex.
1766 4307 1857 4355 929

200 4359 333 4409 VIII.
366 4363 460 4412 Dei
486 4366 695 4411 natura
729 4361 877 4410 nulla
908 4362 965 4409 ﬁt
998 4359 1250 4411 accessio.
1722 4366 1854 4415 Ibid.

202 4422 289 4487 IX:
319 4426 399 4474 An
432 4438 543 4475 una
570 4425 654 4474 vel
684 4429 791 4473 tres
821 4423 977 4473 simul
1006 4438 1249 4487 persona
1281 4426 1529 4476 dicantur
1557 4427 1703 4477 solus

200 4485 564 4599 Xoﬁilttibuta
594 4562 688 4613 per
714 4547 965 4613 Hilarium
996 4548 1219 4607 singulis
1248 4552 1508 4613 personis.
1535 4552 1702 4601 Trini-
1767 4494 1856 4542 930

265 4612 345 4659 tas
371 4614 425 4661 in
457 4612 615 4661 rebus
643 4612 792 4684 factis
825 4612 1261 4684 repraesentetur;
1360 4676 1392 4684 Α.
1640 4678 1673 4684 η
1766 4620 1853 4667 931

208 4671 355 4740 Ligna
387 4689 639 4740 seruans.
662 4700 721 4709 —-
739 4671 1040 4740 Superioris
1066 4674 1186 4740 libri
1202 4676 1450 4740 quastio,
1484 4691 1601 4740 qua
1624 4678 1701 4725 di-

266 4736 372 4808 lata
402 4738 594 4808 fuerat,
630 4736 948 4808 eiiplicatur;
990 4737 1133 4808 quod
1164 4738 1409 4808 videlicet
1443 4736 1698 4808 DeusPa-

264 4801 347 4848 ter
374 4801 465 4863 qui
510 4799 713 4863 genuit
743 4798 929 4863 Filium
976 4798 1226 4847 virtutem
1277 4804 1329 4849 et
1369 4803 1699 4863 sapientiam,

264 4874 374 4910 non
392 4861 565 4912 eolum
580 4863 648 4911 sit
668 4861 876 4909 virtutis
890 4866 942 4910 et
958 4863 1232 4923 sapientia
1254 4864 1419 4911 Pater.
1433 4861 1525 4914 sed
1546 4867 1701 4915 etiam

265 4923 380 4985 ipse
438 4925 608 4973 virtus
655 4927 705 4973 et
751 4924 1037 4985 sapientia:
1090 4925 1330 4974 similiter
1382 4930 1432 4974 et
1479 4928 1704 4988 Spiritus

264 4991 501 5035 sanctus.
551 4989 657 5036 Nec
694 4990 871 5035 tamen
916 4992 1022 5035 tres
1053 4999 1168 5035 ease
1211 4988 1435 5037 virtutes
1477 4994 1569 5038 aut
1598 4995 1704 5039 tres

266 5050 575 5114 sapientiae,
608 5049 698 5098 sed
740 5064 899 5114 uuam
931 5050 1183 5098 virtutem
1215 5053 1266 5098 et
1296 5064 1454 5099 unam
1486 5054 1699 5114 sapien—

266 5112 418 5170 tiam,
436 5113 572 5161 sicut
592 5125 759 5160 unum
778 5112 942 5160 Deum
968 5116 1019 5160 et
1038 5125 1197 5161 unam
1221 5114 1507 5163 essentiam
1531 5112 1703 5164 osten-

265 5172 433 5238 ditur.
466 5174 664 5238 Deinde
691 5175 950 5238 quaritur
969 5177 1240 5236 quomodo
1262 5176 1469 5225 dicatur
1490 5178 1541 5224 in
1574 5179 1699 5237 Deo,

265 5248 297 5283 a
324 5237 544 5293 Latinis,
578 5250 685 5285 una
714 5237 964 5289 essentia.
990 5241 1095 5285 tres
1125 5251 1396 5299 persona;
1431 5253 1459 5286 a
1488 5241 1699 5295 Gracia.

263 5310 373 5347 una
402 5299 651 5363 essentia.
684 5302 792 5363 tres
822 5300 1135 5348 substantia
1168 5300 1250 5348 vel
1280 5300 1617 5363 hypostases:
1652 5309 1704 5352 et

264 5365 553 5424 utrumque
600 5362 916 5411 elocutionis
956 5364 1270 5411 necessitate
1303 5362 1403 5411 dici
1435 5369 1699 5414 monstra-

262 5424 369 5491 tur,
389 5428 533 5473 utne
552 5424 771 5472 omnino
802 5429 1095 5491 taceremus
1115 5425 1426 5491 interrogati
1449 5428 1574 5491 quid
1599 5432 1703 5477 tres

264 5485 390 5549 sint.
426 5491 560 5549 quot
589 5491 695 5549 tres
715 5500 828 5536 esse
860 5489 1115 5536 veraciter
1140 5485 1479 5548 conﬁtemur,
1498 5490 1701 5540 Patrem

264 5548 482 5609 scilicet,
514 5552 567 5598 et
595 5548 800 5605 Filium,
834 5554 892 5612 et
914 5550 1163 5612 Spiritum
1194 5555 1454 5601 sanctum.
1647 5554 1859 5604 931.932

202 5606 365 5677 Cagnjr
395 5606 603 5677 animum.
637 5612 790 5660 Redit
834 5611 899 5661 ad
935 5606 1305 5676 quaestionem,
1338 5628 1404 5663 an
1453 5614 1705 5677 qualibet

267 5670 537 5736 Trinitatis
556 5688 783 5736 persona
806 5688 897 5735 per
914 5670 968 5723 se
993 5677 1059 5723 sit
1075 5676 1354 5735 sapientia.
1379 5670 1545 5734 Quam
1567 5677 1702 5726 difﬁ-

271 5732 390 5801 cile.
422 5732 599 5801 quave
618 5732 827 5801 ratione
852 5738 1087 5787 solvatur
1112 5732 1335 5800 q'uastio
1369 5732 1655 5801 proposita.
1724 5740 1853 5791 Ibid.

206 5793 269 5841 II.
304 5793 463 5863 Pater;
484 5804 536 5848 et
573 5800 730 5848 Filius
754 5800 927 5863 simul
966 5815 1075 5849 una
1106 5793 1387 5863 sapientia,
1430 5793 1564 5852 sicut
1594 5818 1701 5854 una

272 5861 525 5918 essentia,
554 5862 763 5915 tametsi
793 5876 903 5913 non
933 5863 1088 5914 simul
1120 5861 1285 5914 unum
1318 5865 1562 5917 Verbum.
1762 5868 1853 5919 936

1640 287 1883 351 INDEX
1929 290 2227 355 RERUM.

1659 924 1868 972 911-912

1661 1172 1864 1220 911912

3472 297 3630 361 1230

1984 427 2069 476 III.
2101 427 2381 490 Sapientia
2412 430 2628 481 nomine
2659 444 2752 480 cur
2780 431 2941 480 Filius
2968 431 3305 542 potissimum
3344 433 3469 483 insi-

2044 496 2239 539 nuetur
2273 492 2323 539 in
2375 494 2676 542 Scripturis.
2718 508 2836 542 cum
2878 498 2928 542 et
3003 498 3118 542 ater
3156 498 3210 542 et
3249 496 3469 542 Spiritus

2044 496 2239 539 nuetur
2273 492 2323 539 in
2375 494 2676 555 Scripturis.
2718 508 2836 542 cum
2878 498 2928 542 et
2968 492 3118 543 Pater
3156 498 3210 543 et
3249 496 3471 558 Spiritus

2043 559 2257 601 sanctus
2288 558 2356 603 sit
2398 557 2677 616 sapientia.
2727 558 2979 617 Spiritum
3027 557 3468 607 sanctum’simul

2043 630 2159 680 cum
2191 618 2336 664 Patre
2369 624 2417 665 ut
2451 620 2551 666 lilio
2587 634 2742 667 uuam
2776 620 3091 680 sapientiam
3125 635 3258 668 esse.
3414 625 3625 672 926-937

1977 676 2058 745 IV:
2091 678 2205 745 Qua
2224 682 2535 729 necessitate
2566 682 2728 745 Graci
2754 676 2860 729 tres
2879 682 3188 742 bypostaSes
3218 685 3465 745 dixerint;

2039 742 2224 795 Latini,
2259 746 2366 790 tres
2402 757 2667 803 personas.
2695 744 2962 806 Scriptura
2993 745 3177 793 nullibi
3204 746 3330 794 dicit
3361 742 3469 795 tres

2039 817 2298 864 personas
2327 805 2378 852 in
2416 807 2533 853 Deo.
2811 805 2818 806 7
3533 811 3622 859 939

1974 864 2031 913 V.
2067 866 2122 936 In
2158 868 2259 914 Deo
2293 866 2589 917 substantia
2611 868 2825 917 abusive
2847 867 3057 929 dicitur,
3087 870 3319 918 essentia
3349 884 3467 932 pro-
3532 934 3624 983 942

2038 942 2169 989 prie.

1972 989 2056 1039 VI.
2087 992 2189 1039 Cur
2220 991 2273 1039 in
2311 992 2566 1040 Trinitate
2608 1006 2713 1041 non
2746 992 2938 1041 dicitur
2978 1006 3083 1041 una
3121 1007 3371 1053 persona,
3414 999 3467 1043 et

2037 1056 2145 1117 tres
2184 1054 2447 1103 essentia.
2494 1057 2565 1102 De
2596 1056 2849 1103 Trinitate
2888 1055 3014 1117 quid
3054 1055 3268 1102 credere
3309 1056 3466 1104 debet

2038 1116 2126 1177 qui
2154 1130 2313 1177 supra
2342 1117 2479 1163 dicta
2497 1131 2605 1164 non
2636 1120 2795 1179 capit.
2820 1119 2986 1166 Homo
3009 1121 3059 1165 et
3078 1116 3143 1165 ad
3174 1118 3462 1180 imaginem

2036 1182 2087 1225 et
2114 1180 2289 1237 imago
2323 1179 2432 1226 Dei.
3302 1179 3305 1180 ⁷
3529 1183 3619 1232 943

1972 1239 2118 1288 Llsan
2153 1255 2386 1289 OCTAVUS.
2420 1268 2477 1276 —
2517 1240 2738 1290 Ratione
2776 1241 2985 1291 reddita
3024 1244 3304 1300 monstrat,
3352 1256 3462 1291 non

2034 1302 2205 1350 solum
2240 1305 2441 1351 Patrem
2487 1303 2614 1352 Filio
2645 1317 2754 1352 non
2785 1318 2898 1353 esse
2930 1303 3205 1365 majorem,
3238 1304 3326 1353 sed
3366 1319 3464 1354 nec

2032 1366 2217 1413 ambos
2246 1365 2402 1413 simul
2436 1366 2634 1427 aliquid
2669 1366 2839 1414 ma'us
2870 1380 2984 1414 esse
3054 1380 3173 1413 nam
3209 1367 3460 1425 Spiritum

2032 1432 2295 1476 sanctum.
2326 1442 2423 1476 nec
2445 1428 2709 1476 quoslibet
2731 1381 2865 1476 dJuos
2896 1380 3051 1476 simdl
3074 1428 3126 1475 in
3149 1429 3333 1476 eadem
3355 1431 3460 1476 Tri-

2032 1432 2295 1484 sanctum,
2326 1442 2423 1476 nec
2445 1428 2709 1489 quoslibet
2731 1428 2865 1477 duos
2896 1428 3051 1476 simul
3074 1428 3126 1475 in
3149 1429 3333 1477 eadem
3355 1431 3462 1478 Tri-

2032 1490 2197 1538 nitate
2218 1491 2389 1552 majus
2412 1504 2525 1538 esse
2543 1491 2740 1551 aliquid
2762 1504 2921 1552 quam
2947 1504 3131 1549 unum,
3151 1504 3249 1539 nec
3275 1506 3460 1541 omnes

2032 1553 2189 1616 simul
2223 1562 2336 1616 tres
2370 1554 2544 1614 majus
2593 1553 2791 1615 aliquid
2834 1567 2947 1601 esse
2997 1567 3151 1614 quam
3201 1554 3455 1616 singulos.

2034 1615 2229 1663 Deinde
2260 1615 2367 1677 agit
2398 1620 2453 1663 ut
2482 1621 2533 1662 et
2563 1628 2624 1663 ex
2653 1616 2887 1664 veritatis
2908 1616 3284 1672 intellectione,
3315 1621 3366 1665 et
3395 1632 3459 1666 ex

2030 1678 2218 1725 notitia
2248 1678 2441 1725 summi
2472 1677 2618 1734 boni,
2651 1682 2702 1725 et
2731 1692 2791 1725 ex
2822 1679 2980 1725 insito
3011 1691 3191 1726 amore
3219 1678 3455 1739 justitia,

2028 1743 2245 1802 propter
2272 1753 2434 1802 quam
2465 1739 2701 1802 diligitur
2742 1742 2950 1788 animus
2974 1740 3151 1802 justus
3182 1742 3247 1789 ab
3277 1743 3456 1791 animo

2028 1801 2184 1851 etiam
2208 1801 2445 1851 nondum
2461 1801 2624 1865 justo,
2646 1801 3110 1865 intelligaturipsa
3130 1808 3323 1851 natura
3345 1805 3454 1852 Dei:

2028 1865 2255 1928 maxime
2286 1878 2414 1928 vero
2444 1864 2693 1913 admonet
2722 1869 2780 1913 ut
2813 1866 2899 1912 Dei
2930 1866 3161 1926 cognitio
3188 1870 3457 1928 quaratur

2028 1940 2121 1988 per
2151 1926 2479 1981 charitatem.
2513 1940 2631 1988 qua
2662 1928 2713 1975 in
2745 1928 3028 1988 Scripturis
3059 1926 3451 1989 Deus'dicitur;

2027 2003 2134 2099 ana
2162 1990 2215 2061 i_n
2238 1989 2491 2037 cliaritate
2511 1990 2669 2038 etiam
2691 1990 2955 2039 Trinitatis
2980 1992 3251 2053 vestigium
3282 1992 3451 2055 quod-

2065 2066 2147 2099 am
2179 2065 2350 2099 messe
2382 2053 2651 2099 observat.
3296 2094 3310 2099 _
3399 2057 3451 2099 91

2065 2066 2147 2100 am
2179 2053 2350 2099 inesse
2382 2053 2651 2101 observat.
3296 2053 3314 2104 ζ
3399 2056 3609 2105 945-946

1964 2114 2270 2177 Pana-imum.
2304 2114 2552 2177 Epilogus
2581 2114 2826 2176 superius
2856 2114 3134 2163 dictorum.
3169 2116 3367 2177 Regula
3395 2118 3450 2166 in

2027 2176 2408 2225 difﬁcilioribus
2436 2176 2557 2225 ﬁdei
2588 2177 2974 2238 quastionibus
3002 2176 3282 2227 servanda.

1964 2238 2126 2288 CAPUT
2154 2253 2357 2288 primum.
2391 2240 2449 2287 ln
2502 2239 2607 2287 Deo
2640 2252 2746 2287 non
2796 2253 2910 2288 esse
2960 2240 3132 2301 majus
3179 2242 3307 2304 quid
3346 2248 3452 2292 tres

3476 2179 3608 2233 Ibid.

2026 2315 2183 2364 quam
2217 2315 2376 2349 unam
2410 2315 2715 2363 personam,
2744 2306 2949 2350 ratione
2981 2308 3324 2353 monstratur.
3516 2308 3603 2355 947

1964 2365 2025 2413 II.
2060 2364 2380 2435 Respuenda
2408 2365 2894 2435 omniscorporalis
2923 2366 3190 2435 cogitatio,
3226 2372 3284 2416 ut
3313 2368 3453 2417 Deus
3528 2433 3539 2435 _
3560 2433 3567 2435 _
3587 2430 3603 2435 _

2023 2426 2263 2480 capiatur
2290 2428 2559 2480 quomodo
2589 2428 2727 2475 Deus
2756 2431 2836 2473 est
2866 2426 3073 2476 veritas.
3520 2430 3612 2480 948

2023 2441 2081 2474 ca
2125 2441 2263 2474 ratur
2330 2441 2559 2475 uomouo
2589 2441 2727 2475 usus
2756 2441 2836 2473 es:
2866 2441 3073 2476 veritas.

1963 2489 2049 2538 III.
2080 2441 2355 2547 gnomoﬂo
2377 2494 2728 2551 cognoscatur
2748 2490 2913 2538 Deum
2934 2504 3047 2538 esse
3071 2504 3338 2540 summum
3360 2493 3454 2541 bo-

2027 2564 2177 2663 Eum.
2230 2552 2456 2601 Animus
2484 2552 2699 2601 nonnisi
2728 2553 3076 2602 conversione
3106 2553 3169 2601 ad
3204 2555 3370 2604 Deum
3400 2555 3457 2604 ﬁt

2064 2627 2220 2663 onus.

2064 2627 2220 2663 onus.
3522 2622 3613 2669 919

1965 2676 2047 2726 IV.
2082 2677 2217 2741 Deus
2260 2676 2408 2739 prius
2455 2674 2556 2725 ﬁde
2604 2689 2710 2725 non
2769 2679 2979 2725 errante
3034 2679 3455 2741 cognoscendus,

2027 2739 2189 2787 amari
2222 2744 2403 2801 possit.
2640 2800 2645 2801 γ
2680 2800 2707 2801 Ἠ
3112 2739 3121 2741 ἡ
3520 2746 3610 2794 951

1964 2802 2026 2851 V.
2057 2800 2333 2859 Quomodo
2363 2801 2592 2850 Trinitas
2622 2800 2873 2862 diligatur
2902 2801 3188 2863 incognita.
3522 2810 3613 2858 952

1965 2864 2047 2913 VI.
2081 2864 2360 2929 Quomodo
2408 2863 2649 2912 nondum
2691 2864 2871 2926 justus
2919 2862 3125 2925 justum
3172 2872 3458 2929 cognoscat

2029 2940 2186 2987 quem
2219 2926 2407 2987 diligit.
3240 2926 3261 2929 v
3519 2935 3611 2983 953

1965 2989 2071 3055 VII.
2093 2990 2162 3037 De
2181 3002 2305 3036 vera
2319 2988 2894 3055 dilectione,perquam
2913 2987 3456 3055 ad_Trinitatiscogni-

2027 3053 2225 3100 tionem
2260 3051 2581 3114 pervenitur.
2614 3050 2939 3114 Quarendus
2971 3052 3126 3112 Deus,
3177 3066 3283 3101 non
3315 3050 3456 3103 exte-

2028 3114 2156 3169 rius,
2181 3113 2483 3177 appetendo
2514 3113 2647 3177 mira
2668 3113 2839 3160 facere
2861 3114 3234 3177 cumAngelis;
3258 3118 3349 3164 seil
3377 3118 3456 3165 in-

2027 3176 2209 3249 terius,
2250 3176 2505 3249 imitando
2523 3176 2801 3249 bonorum
2818 3176 3454 3249 .angelorummietatem.
3522 3185 3612 3233 956

1967 3239 2097 3289 VIII.
2130 3238 2278 3305 Quod
2316 3240 2405 3300 qui
2436 3238 2652 3305 fratrem
2684 3238 2873 3300 diligit,
2902 3239 3067 3287 Deum
3098 3238 3298 3305 diligat,
3331 3244 3457 3305 quia

2029 3306 2171 3349 amat
2218 3302 2384 3359 ipsam
2436 3300 2765 3349 dilectionem
2820 3314 2939 3363 qua
2995 3316 3058 3350 ex
3107 3300 3220 3351 Ded
3258 3300 3362 3364 est,
3406 3310 3459 3354 et

2030 3364 2170 3412 Deus
2201 3367 2297 3411 est.
3523 3372 3615 3418 957

1966 3427 2141 3491 IXLIn
2173 3425 2505 3491 dilectionem
2541 3424 3202 3491 justorum‘accendimur
3237 3441 3301 3475 ex
3342 3429 3459 3491 ipsa

2028 3488 2311 3537 dilectione
2342 3487 2790 3536 incommutabilis
2822 3486 3004 3550 forma
3034 3487 3272 3550 justitia.
3367 3486 3378 3491 ⁷
3522 3495 3613 3542 959

1964 3551 2024 3600 Χ.
2054 3551 2177 3615 Tria
2202 3550 2445 3612 quadam
2477 3551 2530 3597 in
2564 3550 2836 3607 charitate,
2869 3549 3014 3598 velut
3038 3549 3321 3615 vestigium
3352 3553 3458 3602 Tri-

2030 3613 2227 3661 uitatis.
3186 3613 3197 3615 ἡ
3522 3620 3613 3667 960

1965 3677 2113 3739 Llsaa
2145 3689 2323 3723 nouns.
2357 3702 2414 3709 —
2442 3674 2749 3739 Trinitatem
2791 3674 2841 3721 in
2877 3672 3240 3739 hominehqui
3283 3676 3458 3739 imago

2030 3738 2119 3786 Dei
2145 3742 2241 3795 est,
2265 3736 2551 3799 quamdam
2576 3738 2772 3784 inesse:
2797 3741 3028 3785 mentem
3052 3736 3262 3796 scilieet,
3296 3745 3347 3787 et
3368 3736 3458 3789 nb-

2026 3802 2193 3849 titiam
2227 3814 2331 3863 qua
2362 3814 2416 3847 se
2448 3800 2612 3853 novit,
2643 3803 2694 3846 et
2714 3811 2949 3863 amorem
2972 3813 3085 3863 quo
3107 3813 3161 3847 se
3192 3801 3458 3851 notitiam-

2026 3877 2129 3926 que
2161 3861 2308 3910 suam
2342 3863 2534 3925 diligit;
2564 3866 2722 3926 atque
2766 3862 2880 3909 hac
2917 3861 3018 3910 tria
3065 3864 3292 3924 aqualia
3321 3865 3460 3914 inter

2028 3924 2102 3985 se,
2135 3929 2188 3973 et
2218 3926 2373 3973 unius
2404 3924 2763 3973 ostenduntur
2792 3938 2906 3972 esse
2938 3926 3201 3973 essentia.
3402 3930 3613 3979 959-960

1963 3988 2128 4037 CAPUT
2148 4002 2356 4036 νηυιυιι.
2391 3990 2459 4037 De
2478 3988 2730 4050 Trinitate
2751 3987 3019 4047 quomodo
3041 3988 3439 4050 inquirendum.
3480 3991 3610 4041 Ibid.

1965 4052 2025 4100 II.
2058 4050 2460 4100 Consideranda
2489 4051 2587 4098 tria
2616 4049 2705 4097 illa
2734 4062 2853 4111 qua
2883 4050 3227 4111 reperiuntur
3256 4052 3311 4099 in
3341 4055 3460 4102 chao

2027 4115 2196 4161 ritate.
3525 4119 3611 4166 961

1964 4177 2049 4225 III.
2080 4174 2353 4224 Trinitatis
2383 4174 2560 4232 imago
2591 4174 2644 4221 in
2663 4176 2840 4221 mente
2862 4172 3094 4221 hominis
3115 4177 3383 4225 noscentis
3403 4190 3458 4225 se

2028 4239 2081 4286 et
2109 4238 2354 4285 amantis.
2385 4237 2533 4285 Mens
2563 4249 2616 4284 se
2648 4235 2815 4299 ipsam
2848 4250 2942 4296 per
2971 4249 3027 4284 se
3060 4237 3226 4299 ipsam
3259 4241 3426 4287 novit.
3523 4242 3615 4289 962

1965 4301 2049 4350 IV.
2079 4301 2199 4349 Tria
2230 4312 2395 4347 unum
2428 4303 2479 4346 et
2508 4297 2753 4360 aequalia,
2787 4310 2936 4346 mens
2964 4297 3099 4360 ipsa}
3137 4303 3188 4348 et
3209 4314 3375 4359 amor,
3409 4306 3461 4351 et

2029 4363 2220 4411 notitia
2249 4360 2384 4423 ejus.
2416 4361 2536 4409 Tria
2567 4360 2753 4408 eadem
2785 4360 3205 4410 substantialiter
3232 4376 3365 4418 esse,
3400 4378 3460 4412 ac

2028 4426 2243 4474 relative
2274 4423 2394 4471 dici.
2417 4424 2538 4472 Tria
2568 4424 2749 4471 eadem
2772 4436 2887 4486 esse
2920 4423 3310 4486 inseparabilis.
3340 4427 3462 4475 Tria

2030 4488 2215 4537 eadem
2258 4499 2366 4557 n_on
2398 4487 2627 4557 partium
2668 4485 3054 4557 instar‘juncta
3082 4493 3135 4557 et
3172 4489 3461 4557 commixta

2030 4564 2143 4599 esse
2175 4564 2187 4608 ;
2219 4548 2311 4596 sed
2343 4562 2459 4596 esse
2492 4549 2648 4596 unius
2679 4548 2941 4605 essentia,
2974 4562 3034 4597 ac
3063 4549 3301 4599 relativa.
3525 4556 3615 4604 963

1966 4614 2026 4663 V.
2059 4611 2132 4661 Ea
2160 4612 2261 4659 tria
2291 4624 2405 4659 esse
2436 4610 2644 4671 singula
2663 4610 2715 4658 in
2747 4624 2801 4659 se
2830 4611 2977 4673 ipsis,
3010 4614 3060 4660 et
3090 4612 3318 4662 invicem
3348 4617 3460 4664 tota

2028 4680 2082 4725 in
2114 4674 2254 4723 totis.
3524 4682 3614 4728 965

1966 4738 2048 4786 Vl.
2087 4736 2199 4786 Alia
2231 4734 2417 4799 notitia
2437 4734 2520 4799 rei
2555 4734 2605 4781 in
2638 4734 2752 4795 ipsa
2785 4747 2857 4793 re,
2892 4734 2994 4783 alia
3024 4737 3077 4784 in
3118 4737 3234 4799 ipsa
3262 4742 3462 4788 aterna

2030 4799 2270 4864 veritate.
2301 4796 2450 4864 Quod
2483 4811 2549 4864 ex
2576 4801 2789 4846 aterna
2830 4798 3070 4864 veritatis
3099 4796 3293 4863 regulis
3318 4801 3456 4864 judi-

2031 4862 2169 4910 cium
2201 4860 2267 4908 de
2295 4862 2454 4908 rebus
2484 4860 2642 4908 etiam
2673 4862 2945 4922 corporeis
2979 4860 3086 4910 ﬁat.

1968 4926 2074 4975 VII.
2110 4924 2334 4971 Verbum
2368 4924 2513 4970 intus
2535 4937 2596 4971 ex
2624 4924 2781 4971 rebus
2799 4924 2850 4971 in
2873 4928 3072 4972 aterna
3093 4924 3313 4975 veritate
3334 4940 3458 4975 con—

2030 4986 2225 5047 spectis
2255 4984 2582 5046 concipimus
2613 5000 2674 5033 ea
2700 4986 2985 5047 gignimus.
3016 4986 3247 5037 Verbum
3280 5002 3459 5038 amore

2030 5048 2327 5110 concipitur
2356 5049 2464 5096 sive
2496 5053 2767 5103 creatura,
2801 5050 2909 5096 sive
2938 5050 3216 5100 Creatoris.
3523 5054 3613 5103 967

2038 5113 2099 5160 II.
2129 5110 2401 5162 Cupiditas
2433 5114 2485 5158 et
2514 5110 2743 5159 cliaritas
2773 5126 2879 5162 quo
2906 5110 3178 5161 diil‘erunt.
3482 5114 3613 5162 Ibid.

3542 5117 3614 5165 id.

3480 4864 3612 4915 Ibid.

1966 5113 2099 5162 VIII.
2129 5110 2401 5171 Cupiditas
2433 5114 2485 5174 et
2514 5110 2743 5159 Charitas
2773 5126 2879 5174 quo
2906 5110 3178 5161 diﬂerunt.

1965 5175 2051 5224 IX.
2086 5175 2140 5221 In
2184 5186 2363 5221 amore
2414 5173 3037 5234 spiritualium'verbum
3088 5179 3273 5225 natum
3322 5176 3460 5225 idem

2030 5236 2170 5299 quod
2202 5238 2547 5299 conceptum:
2581 5250 2731 5285 secus
2760 5236 2812 5283 in
2844 5250 3023 5285 amore
3055 5239 3364 5287 carnalium.
3529 5243 3618 5291 968

1965 5301 2026 5349 X.
2050 5298 2141 5349 ’An
2173 5298 2285 5347 sola
2316 5298 2506 5347 notitia
2535 5304 2712 5347 amata
2741 5299 2807 5347 sit
2829 5300 3047 5348 verbum
3080 5302 3291 5351 mentis.
3487 5303 3619 5353 Ibid.

1966 5363 2049 5412 XI.
2084 5362 2277 5411 Mentis
2299 5376 2359 5426 se
2391 5362 2558 5426 ipsam
2605 5363 2873 5426 noscentis
2904 5362 3189 5426 imaginem
3222 5378 3464 5426 seaver-

2032 5426 2156 5474 bum
2189 5424 2427 5487 genitum
2461 5423 2559 5487 ipsi
2594 5423 2797 5487 aquale
2830 5438 2965 5472 esse.
3015 5423 3036 5426 '
3332 5423 3337 5426 ⁷
3533 5433 3623 5482 969

1966 5487 2073 5538 XII.
2107 5484 2367 5536 Cursicut
2398 5484 2586 5550 notitia
2613 5484 2809 5535 mentis
2839 5491 2918 5535 est
2948 5489 3145 5550 proles,
3176 5501 3285 5537 non
3308 5492 3467 5540 etiam

2030 5555 2203 5599 tamor
2217 5555 2397 5612 partus
2410 5546 2647 5611 ejusdem
2665 5546 3471 5613 sit.Solutidquastionisirini-

2029 5613 2151 5663 tatis
2174 5614 2367 5675 imago,
2396 5623 2544 5675 mens
2567 5624 2688 5675 cum
2709 5626 2805 5659 sua
2823 5613 2987 5674 ipsius
3007 5615 3464 5669 uotitiactamore.
3531 5620 3622 5671 970

1968 5676 2113 5726 Lissa
2138 5672 2364 5724 oscines.
2389 5700 2439 5708 -—
2459 5672 2764 5722 'l'rinilalem
2784 5672 2938 5723 aliam
2960 5678 3013 5724 in
3033 5676 3267 5726 homiis
3288 5686 3467 5730 mente

2028 5741 2199 5787 inesse
2242 5736 2557 5789 ostenditur.
2612 5751 2837 5799 eamque
2880 5737 3037 5799 longe
3080 5740 3467 5793 evidentiorcm

2028 5813 2283 5864 apparere
2306 5800 2358 5847 in
2378 5798 2650 5864 memoria,
2665 5798 3017 5861 intelligentia
3037 5807 3088 5851 et
3100 5802 3389 5857 voluntate.
3414 5810 3622 5857 971-972

1964 5862 2127 5915 Caeni
2161 5876 2365 5912 ramum.
2408 5862 2657 5913 Amorem
2708 5865 2971 5916 studentis
3028 5865 3212 5928 animi,
3266 5869 3318 5920 id
3366 5875 3462 5927 est,
