4048 6466
403 322 554 384 1231

464 457 610 522 scire
630 457 911 519 cupientis,
944 469 1052 506 non
1083 470 1198 507 esse
1223 472 1454 509 amorem
1486 458 1601 522 ejus
1630 460 1702 508 rei
1734 472 1890 522 quam

467 520 658 568 nescit.
705 518 712 519 7
1513 518 1527 522 7
1751 518 1766 522 7
1913 518 2046 568 Ibid.

405 583 465 630 Il.
501 584 665 630 Nemo
698 593 915 643 prorsus
943 586 1086 630 amat
1115 582 1402 639 incognita.
1961 585 2049 630 974

404 646 486 708 Ill.
521 643 670 708 Quod
691 657 842 708 mens
867 650 1007 693 amet
1029 659 1082 692 se
1108 646 1276 706 ipsum
1303 660 1407 693 non
1431 646 1754 708 incognitam
1778 646 1892 692 sibi.
1961 647 2051 692 975

404 707 487 755 IV.
519 707 795 764 Quomodo
845 720 994 755 mens
1040 720 1147 756 non
1188 721 1250 755 ex
1299 713 1465 770 parte,
1515 707 1607 756 sed
1655 714 1814 756 totam
1842 722 1896 754 se

468 776 773 830 COgnoscat.
1300 769 1314 770 7
1963 769 2053 817 9ἳὸ

407 831 467 880 ν.
498 831 702 879 Anima:
734 843 828 879 cur
860 833 1187 894 praeceptum
1221 838 1278 880 ut
1313 847 1367 881 se
1407 837 1707 894 cognoscat.
1749 831 1897 881 Unde

468 905 672 940 errores
707 892 901 940 mentis
932 893 996 940 de
1030 907 1125 941 sua
1156 894 1321 954 ipsius
1352 892 1666 943 substantia.

409 955 494 1018 Vl.
527 954 705 1018 Fallax
737 955 929 1018 mentis
964 954 1027 1002 de
1059 971 1113 1003 se
1145 956 1259 1018 ipsa
1288 957 1620 1005 existimatio.

409 1017 517 1065 VII.
547 1017 977 1078 Philosophorum
1000 1017 1277 1079 opiniOnes
1299 1021 1363 1067 de
1378 1022 1567 1067 animm
1585 1017 1899 1065 substantia.

473 1079 631 1127 Error
645 1080 979 1140 opinantium
995 1080 1224 1128 animam
1239 1095 1352 1128 esse
1364 1095 1687 1141 corpoream,
1698 1094 1802 1128 non
1819 1095 1902 1128 ve-

474 1141 552 1190 nit
581 1155 741 1203 exeo
771 1141 912 1203 quod
965 1143 1142 1189 anima
1173 1157 1352 1191 eorum
1385 1144 1584 1192 notitia:
1625 1143 1778 1199 desit,
1808 1143 1901 1190 sed

475 1203 615 1267 quod
631 1201 861 1250 alienum
877 1203 1166 1267 quidquam
1181 1205 1264 1266 adj
1276 1221 1302 1251 υ
1313 1211 1491 1267 rigant.
1505 1207 1744 1253 Invenire
1756 1204 1899 1266 quid.
1926 1201 2057 1251 Ibid.

411 1266 542 1315 VIII.
572 1267 847 1323 Quomodo
865 1279 919 1312 se
949 1266 1115 1326 ipsam
1145 1272 1322 1315 anima
1345 1266 1595 1328 inquirat.
1620 1268 1775 1315 Error
1796 1267 1906 1315 ani-

475 1341 575 1376 mae
607 1328 671 1375 de
705 1341 758 1375 se
791 1327 906 1388 ipsa
937 1330 1096 1376 unde.
1422 1327 1429 1328 7
1971 1328 2059 1376 979

415 1389 496 1439 IX.
531 1391 680 1438 Mens
710 1403 772 1437 eo
804 1391 918 1450 ipso
950 1403 1004 1438 se
1037 1392 1328 1451 cognoscit,
1359 1406 1464 1454 quo
1495 1391 1740 1454 intelligit
1769 1405 1903 1453 pras-

1965 894 2054 941 9η

1963 957 2053 1002 978

477 1457 692 1514 ceptum
728 1464 783 1498 se
813 1454 1190 1509 cognoscendi.
1376 1452 1389 1454 7
1671 1452 1688 1454 7
1773 1452 1780 1453 7
1971 1452 2061 1499 980

413 1513 476 1564 X.
507 1517 654 1562 Mens
683 1515 855 1562 omnis
901 1515 1000 1578 tria
1053 1514 1115 1562 de
1148 1529 1203 1563 se
1243 1517 1359 1578 ipsa
1407 1520 1550 1566 certo
1581 1516 1692 1575 scit,
1725 1515 1909 1564 intelli-

482 1589 621 1637 gere.
655 1589 788 1633 esse,
823 1578 878 1622 et
911 1577 1104 1624 vivere.
1264 1575 1278 1578 7
1931 1575 2063 1624 Ibid.

415 1639 501 1689 XI.
532 1639 589 1686 In
623 1638 897 1695 memoria,
930 1639 1294 1700 intelligentia,
1326 1643 1378 1689 et
1405 1639 1698 1698 voluntate,
1731 1639 1910 1688 obser-

486 1707 642 1748 vatur
672 1701 945 1756 ingeninm
980 1701 1222 1748 doctrina
1252 1708 1304 1750 et
1333 1717 1478 1751 usus.
1975 1703 2067 1749 982

419 1764 526 1812 XII.
565 1763 712 1827 Mens
741 1766 916 1827 imago
945 1764 1212 1827 Trinitatis
1241 1765 1294 1812 in
1333 1767 1414 1813 sui
1442 1765 1608 1827 ipsius
1638 1765 1909 1822 memoria,

484 1825 844 1885 intelligentia
867 1830 921 1872 et
948 1825 1240 1875 voluntate.
1465 1825 1474 1827 7
1979 1825 2067 1873 981

423 1888 572 1936 Liasa
592 1901 883 1936 uanacmns.
905 1914 960 1921 —
980 1889 1250 1950 Trinitatis
1271 1889 1447 1949 imago
1469 1887 1712 1950 quaedam
1737 1901 1913 1936 mons-

486 1955 654 2013 tratur
685 1952 842 1998 etiam
867 1950 919 1997 in
943 1951 1201 1998 exteriore
1225 1949 1439 1999 homine
1464 1949 1670 2013 {primo
1701 1951 1916 2012 quidem

486 2013 541 2060 in
575 2012 654 2059 his
683 2026 800 2073 quae
842 2019 1139 2074 cernuntur
1181 2014 1532 2071 extrinsecus;
1585 2027 1647 2060 ex
1695 2027 1913 2074 corpore

487 2074 684 2121 scilicet
714 2073 856 2137 quod
887 2074 1112 2132 videtur,
1145 2079 1195 2123 et
1226 2075 1391 2122 forma
1422 2089 1540 2137 quae
1573 2076 1693 2123 inde
1724 2073 1916 2122 in7acie

493 2137 758 2200 cernentis
786 2136 1120 2200 imprimitur,
1145 2142 1195 2185 ct
1219 2136 1500 2200 utrumque
1519 2138 1818 2198 c0pulantis
1836 2139 1914 2184 in-

494 2198 731 2246 tentione
775 2198 1083 2262 voluntatis:
1119 2205 1324 2248 tametsi
1356 2198 1468 2248 haL-c
1500 2201 1600 2248 tria
1630 2213 1806 2262 neque
1838 2200 1914 2246 in-

494 2265 574 2308 ter
614 2273 670 2307 se
716 2260 940 2322 aequalia
985 2262 1108 2316 sint,
1159 2276 1331 2323 neque
1383 2263 1540 2310 unius
1589 2260 1914 2310 substantias.

497 2323 698 2370 Deinde
729 2323 780 2370 in
813 2323 928 2387 ipso
967 2324 1258 2387 animoab
1306 2325 1386 2371 his
1423 2339 1541 2387 quas
1591 2327 1920 2373 extrinsecus

497 2398 653 2433 sensa
672 2390 812 2442 sunt,
834 2386 982 2433 velut
999 2385 1301 2433 introducta
1319 2385 1633 2435 observatur
1654 2389 1816 2434 altera
1833 2387 1921 2432 tri-

499 2448 655 2507 nitas,
676 2461 766 2494 seu
800 2448 897 2510 tria
921 2448 1160 2510 quaedam
1187 2449 1344 2495 unius
1366 2450 1704 2508 substantiae;
1737 2449 1921 2508 imagi-

499 2510 645 2572 natio
676 2509 1048 2572 corporisque.
1070 2511 1120 2557 in
1147 2513 1398 2558 memoria
1419 2516 1512 2566 est,
1545 2513 1738 2558 etinde
1760 2512 1923 2558 infor-

498 2571 677 2630 matio,
709 2584 827 2619 cum
859 2571 925 2620 ad
954 2571 1071 2620 eam
1102 2575 1426 2622 convertitur
1454 2574 1594 2621 acies
1623 2573 1921 2629 cogitantis,

497 2640 547 2682 et
565 2639 846 2697 utrumque
864 2635 1194 2697 conjungtns
1223 2637 1444 2683 intentio
1465 2637 1778 2684 voluntatis:
1803 2648 1921 2696 quae

500 2696 1194 2760 nimirumalteratrinitas
1244 2697 1307 2744 ad
1361 2700 1675 2746 exteriorem
1707 2710 1919 2760 quoque

493 2758 764 2822 hominem
796 2760 1063 2820 pertinere
1108 2761 1300 2808 dicitur
1343 2761 1483 2822 quod
1515 2761 1579 2808 de
1611 2758 1921 2822 corporibus

494 2821 634 2868 illata
664 2821 749 2879 sit,
780 2835 897 2882 qua:
932 2823 1235 2870 sentiuntur
1263 2821 1608 2871 extrinsecus.
1707 2821 1720 2822 7
1871 2822 2075 2872 983-981

433 2883 594 2933 Carur
623 2897 827 2946 ramex.
861 2884 1146 2946 Vestigium
1189 2885 1454 2933 Trinitatis
1499 2887 1651 2934 etiam
1693 2885 1746 2932 in
1781 2888 1921 2931 exte-

493 2946 630 2994 riore
661 2945 895 2994 homine.
1013 2944 1030 2946 7
1946 2944 2076 2993 Ibid.

434 3008 494 3056 II.
526 3008 751 3056 Trinitas
780 3007 1099 3071 quaedamin
1124 3009 1346 3056 visione.
1366 3009 1483 3058 Tria
1505 3022 1623 3071 quae
1647 3010 1696 3056 in
1723 3009 1921 3056 visione

496 3074 636 3128 sunt,
669 3075 859 3117 natura
889 3084 986 3118 sua
1007 3070 1234 3118 difierre.
1263 3070 1538 3128 Quomodo
1561 3087 1622 3120 ex
1648 3086 1700 3120 re
1734 3071 1921 3119 visibiti

492 3133 742 3195 gignatur
775 3132 923 3195 visio,
957 3147 1047 3180 seu
1085 3135 1255 3192 imago
1295 3135 1408 3195 ejus
1440 3135 1513 3182 rei
1546 3149 1664 3195 quae
1696 3135 1918 3181 videtur.

497 3193 749 3255 Exemplo
770 3194 963 3242 clarius
984 3209 1067 3242 res
1085 3193 1500 3245 demonstratur.
1526 3193 1802 3254 Quomodo
1825 3197 1924 3244 tria

496 3257 584 3304 illa
613 3257 665 3303 in
701 3270 865 3304 unum
893 3261 1104 3305 coeunt.

434 3319 520 3369 Ill.
551 3319 727 3366 Trium
761 3320 936 3367 unitas
978 3320 1030 3367 in
1072 3320 1390 3378 cogitatione
1420 3319 1478 3369 fit
1516 3321 1798 3369 memoriae.
1841 3319 1920 3366 in-

495 3385 663 3430 ternae
683 3381 914 3438 visionis,
937 3387 986 3429 et
1007 3381 1290 3431 voluntatis
1309 3387 1586 3446 utramque
1609 3383 1921 3445 copulantis.
1988 3385 2076 3430 988

495 3444 516 3491 '.
548 3444 826 3494 Quomodo
859 3444 913 3492 lit
944 3444 1058 3492 hinc
1084 3447 1272 3492 unitas.
1987 3446 2078 3494 989

1987 3259 2076 3306 985

433 3443 516 3492 IV.
548 3444 826 3500 Quomodo
859 3444 913 3492 lit
944 3444 1058 3492 hinc
1084 3447 1272 3492 unitas.

432 3506 493 3556 V.
514 3506 739 3554 Trinitas
761 3505 990 3554 hominis
1011 3507 1298 3564 exterioris,
1326 3521 1418 3556 seu
1435 3507 1654 3554 visionis
1672 3511 1920 3563 externis,

497 3582 605 3632 non
636 3571 716 3616 est
745 3568 920 3629 imago
951 3569 1062 3617 Dei.
1094 3570 1179 3617 Dei
1213 3569 1500 3617 similitudo
1531 3570 1688 3618 etiam
1721 3570 1922 3632 inpec-

497 3631 627 3679 catis
655 3632 941 3694 appetitur.
973 3632 1031 3679 In
1061 3637 1283 3680 externa
1313 3633 1513 3680 visione
1545 3637 1624 3681 est
1652 3631 1812 3694 quasi
1832 3645 1924 3694 pa-

495 3707 618 3756 rens
649 3692 835 3756 forma
861 3694 1116 3755 corporis,
1148 3695 1325 3756 proles
1356 3695 1504 3750 visio,
1546 3709 1608 3743 ea
1638 3692 1762 3742 v7ero
1802 3692 1925 3742 con-

490 3755 726 3828 ju'ngens
755 3755 1005 3828 voluntas
1026 3755 1261 3828 insinuat
1291 3757 1547 3828 Spiritum
1573 3763 1834 3828 sanctum.
1863 3818 1894 3828 μ
1989 3759 2078 3805 990

431 3816 518 3866 VI.
549 3817 871 3888 nequisset
916 3817 1036 3888 finis
1083 3816 1373 3868 voluntatis
1417 3820 1471 3867 in
1501 3821 1705 3868 visione
1753 3818 1925 3883 qualis

495 3880 697 3927 censeri
732 3879 976 3928 debeant.
1770 3879 1786 3883 7
1989 3882 2080 3930 992

431 3941 536 4006 VII.
568 3941 792 3990 Trinitas
839 3941 940 3990 alia
982 3941 1034 3989 in
1066 3942 1324 3990 memoria
1359 3942 1703 4006 recogitantis
1732 3942 1796 3992 de
1845 3943 1922 3989 vi-

494 4003 664 4052 sione.
1492 4003 1511 4006 7
1872 4007 2078 4054 992-993

432 4065 563 4114 Vlll.
597 4065 748 4113 Varia
776 4063 1044 4126 cogitandi
1074 4064 1225 4112 ratio.
1988 4070 2077 4115 994

435 4128 515 4176 1X.
550 4127 762 4188 Species
791 4141 822 4174 a
850 4129 1022 4189 specie
1051 4126 1280 4189 vicissim
1306 4127 1556 4189 gignitur.
1989 4132 2079 4178 996

433 4189 494 4239 X.
525 4190 692 4254 Etiam
723 4203 834 4238 non
867 4188 989 4238 visis
1036 4188 1183 4237 addit
1218 4188 1526 4252 imaginatio
1575 4204 1693 4254 quae
1724 4191 1777 4241 in
1808 4191 1925 4240 aliis

501 4251 749 4300 vidimus.
1333 4251 1346 4252 7
1591 4251 1605 4254 7
1989 4256 2078 4302 997

433 4313 516 4363 XI.
552 4317 830 4369 Numerus,
866 4314 1093 4375 pondus,
1124 4328 1391 4363 mensura.
1991 4320 2079 4366 998

436 4378 580 4426 Linea
609 4390 947 4440 nuonscmrs.7
967 4405 1021 4412 ——
1047 4379 1324 4426 Praemissa
1355 4377 1695 4426 distinctione
1717 4379 1926 4440 sapien-

498 4441 584 4488 tiae
615 4454 642 4486 a
668 4440 906 4495 scientia,
938 4439 990 4502 in
1015 4453 1079 4502 ea
1098 4454 1215 4502 quae
1240 4441 1452 4502 proprie
1474 4441 1696 4488 scientia
1718 4439 1922 4489 nuncu-

497 4504 677 4564 patur,
723 4515 910 4564 quasve
957 4501 1176 4551 inferior
1223 4501 1317 4559 est,
1368 4504 1513 4564 prius
1555 4503 1800 4564 quaedam
1847 4503 1928 4552 sui

498 4563 948 4628 generistrinitas
993 4565 1330 4628 ostenditur;
1371 4563 1498 4628 qua}
1530 4563 1647 4614 licet
1677 4569 1740 4614 ad
1793 4567 1924 4614 inte-

498 4628 690 4690 riorem
715 4626 995 4690 hominem
1022 4627 1129 4689 jam
1164 4626 1442 4690 pertineat,
1476 4629 1715 4677 nondum
1747 4632 1925 4677 tamen

499 4687 675 4746 imago
710 4688 800 4736 Dei
831 4689 914 4737 vel
947 4687 1263 4751 appellanda
1293 4690 1376 4738 vel
1405 4691 1657 4750 putanda.
1875 4693 2080 4741 997-998

436 4750 599 4815 Carr}
629 4765 834 4798 PRIIUI.
874 4750 1039 4799 Homo
1070 4754 1300 4801 exterior
1327 4757 1379 4800 et
1407 4754 1628 4800 interior
1658 4753 1846 4815 qualis.
1949 4754 2080 4802 Ibid.

439 4813 502 4861 Il.
533 4813 768 4862 Eternas
814 4815 1046 4862 rationes
1085 4815 1139 4862 in
1187 4815 1552 4876 corporalibus
1598 4813 1756 4864 homo
1788 4816 1929 4864 solus

503 4876 852 4938 animantium
884 4877 1121 4938 percipit.
1196 4937 1204 4938 7
1992 4882 2081 4930 999

441 4937 525 4986 III.
553 4937 704 5001 Ratio
733 4937 976 5001 superior
997 4953 1115 5000 qua:
1143 4937 1207 4986 ad
1231 4939 1748 5001 contemplationem,
1773 4943 1822 4988 et
1854 4941 1930 4990 in-

505 5000 666 5048 terior
684 5000 881 5062 quaead
908 5002 1169 5050 actionem
1204 5000 1527 5063 pertinet,7in
1549 5007 1725 5050 mente
1758 5016 1880 5050 una.
1952 5003 2080 5052 Ibid.

446 5062 525 5112 ιν.
558 5063 784 5112 Trinitas
813 5067 865 5111 ct
905 5063 1078 5126 imago
1109 5062 1281 5112 Deiin
1317 5077 1378 5111 ea
1420 5065 1532 5112 sola
1562 5069 1705 5126 parte
1735 5068 1930 5114 mentis

507 5139 627 5192 quae
657 5125 884 5192 pertinet
912 5125 1882 5192 ad_conternplzdionemmternorum.
1967 5133 2082 5179 1000

447 5186 503 5235 ν.
537 5188 725 5255 Opinio
755 5187 960 5255 fingens
988 5188 1269 5244 imaginem
1302 5189 1568 5255 Trinitatis
1598 5190 1648 5238 in
1683 5190 1930 5255 conjugio

509 5249 813 5314 masculiet
840 5250 1049 5314 femina:
1080 5265 1138 5298 ac
1169 5265 1349 5299 eorum
1380 5252 1546 5314 prole.
1784 5249 1798 5254 7
1850 5249 1874 5255 7
1949 5253 2083 5302 Ibid.

445 5311 526 5376 V71.
559 5313 664 5376 C7ur
692 5311 792 5376 illa
807 5312 1008 5376 opinio7
1021 5317 1340 5376 respuenda.

446 5373 551 5437 VII.
586 5375 751 5422 Homo
780 5374 954 5437 imago
986 5373 1405 5437 Dei,7quomodo.
1437 5376 1628 5424 Annon
1661 5380 1712 5426 et
1742 5377 1932 5426 mulier

507 5436 616 5484 Dei.
653 5437 853 5485 Dictum
901 5436 1159 5497 Apostoli,
1191 5439 1333 5499 quod
1377 5439 1458 5486 vir
1504 5439 1678 5496 imago
1725 5441 1812 5488 Dei
1846 5443 1928 5495 sit,

508 5499 700 5565 mulier
737 5504 918 5565 autem
945 5500 1110 5565 gloria
1155 5502 1266 5558 viri,
1308 5502 1575 5563 quomodo
1614 5502 1832 5565 figurate
1872 5517 1931 5552 ac

1969 5320 2079 5366 1001

504 5561 723 5622 mystice
754 5561 1175 5622 intelligendum.
1324 5561 1336 5563 7
1655 5561 1674 5565 77
1966 5568 2084 5615 1003

444 5623 572 5670 VIII.
608 5623 848 5671 Deflexus
876 5624 941 5671 ab
972 5623 1203 5684 imagine
1239 5624 1344 5672 Dei.
1967 5633 2084 5676 1005

556 5687 900 5749 Sequiturde
931 5687 1118 5734 eodem
1151 5692 1483 5749 argumento.
1956 5691 2080 5737 Ibid.

441 5747 503 5795 Χ.
534 5748 737 5794 Gradus
767 5748 829 5795 ad
862 5749 1182 5809 turpissima.
1225 5747 1236 5749 7
1969 5756 2084 5802 1006

441 5809 524 5873 ξι.
557 5812 734 5870 imago
766 5811 980 5873 pecudis
1009 5812 1062 5859 in
1093 5812 1327 5860 lic-mine.
1952 5815 2082 5865 Ibid.

446 5871 550 5920 XII.
584 5873 639 5921 ln
669 5871 921 5922 interiore
959 5873 1175 5923 homine
1213 5873 1479 5936 quoddam
1511 5880 1770 5926 secretum
1799 5890 1924 5926 con-

1799 324 2042 386 INDEX
2091 322 2390 384 BERUM.

3660 317 3822 378 1232

3695 454 3817 502 10οἸ

3701 576 3826 628 1008

2216 457 2446 519 jugium.
2475 453 2863 519 Cogitationum
2895 452 3277 519 delectationes
3306 451 3524 519 illicitae.

2157 517 2300 569 XIII.
2325 519 2514 580 (ipiuio
2547 533 2728 566 eorum
2752 518 2841 578 qui
2869 518 2977 564 viro
3002 521 3256 572 mentem,
3284 517 3508 564 muliere
3540 528 3664 564 sen-

2223 597 2339 629 sum
2372 582 2606 641 corporis
2641 580 2924 632 significari
2955 584 3256 627 senserunt.

2159 644 2288 694 XIV.
2317 639 2788 702 Intersapieniiam
2815 649 2864 688 et
2887 644 3155 689 scientiam
3185 641 3312 702 quid
3336 641 3512 690 distet.
3539 639 3663 688 Cul-

2225 712 2310 753 tus
2341 707 2449 763 Dei,
2482 720 2629 752 amor
2655 706 2788 766 ejus.
2813 708 3088 762 Quomodo
3114 717 3206 765 per
3229 703 3548 766 sapientiam
3573 705 3667 751 tiat

2226 770 2456 828 cognitio
2488 769 2859 816 intellectualis
2891 781 3064 814 rerum
3098 772 3439 828 internarum.

2163 831 2263 879 XV.
2298 827 2493 878 Contra
2524 829 2968 878 reminisceutiam
2998 829 3226 877 Platonis
3247 833 3299 877 et
3327 827 3662 890 Pythagorae.

2230 893 2436 941 Samius
2482 895 2824 954 Pythagoras.
2872 891 2940 939 De
2979 891 3275 939 dill‘ereutia
3315 891 3591 953 sapientia:
3634 904 3667 938 a

2227 956 2467 1009 srientia,
2491 966 2542 1002 et
2563 956 2627 1003 de
2653 955 2940 1016 quaerenda
2960 954 3195 1002 trinitate
3216 955 3266 1000 in
3291 954 3509 1001 scicntia
3533 959 3666 1001 tem-

2230 1018 2506 1079 poralium.

2170 1076 2313 1128 Linea
2345 1093 2541 1128 TBRTII‘S
2574 1091 2795 1125 rmcrnus.
2828 1104 2885 1111 -
2925 1076 3268 1138 Prosequitur
3309 1076 3373 1124 de
3421 1076 3664 1133 scientia,

2231 1145 2282 1190 in
2301 1157 2404 1202 qua
2426 1141 2685 1197 videlicet,
2709 1139 2864 1187 etiam
2889 1143 2996 1202 uta
3016 1142 3278 1202 sapientia
3299 1139 3664 1202 distinguitur,

2227 1201 2515 1253 trinitatem
2558 1204 2843 1264 quamdam
2863 1263 2870 1264 7
2894 1201 3167 1264 inquirere
3188 1201 3343 1264 libro
3390 1201 3666 1262 superiore

2230 1267 2406 1327 coepit,
2438 1279 2545 1328 qua
2565 1263 2836 1328 occasione
2861 1263 2946 1310 hic
2976 1263 3132 1328 ﬁdem
3157 1263 3498 1328 christianum
3519 1277 3666 1328 corn-

2232 1325 2507 1382 mendans,
2541 1327 2763 1388 explicat
2793 1327 3062 1387 quomodo
3084 1325 3415 1373 credentium
3447 1326 3513 1373 sit
3535 1325 3668 1388 fides

2232 1405 2342 1439 una
2359 1396 2410 1439 et
2429 1386 2743 1438 communis.
2757 1386 2886 1436 Tum
2906 1388 3291 1436 beatitudinem
3307 1401 3491 1435 omnes
3510 1386 3668 1444 velle,

2234 1467 2334 1501 nec
2369 1459 2546 1500 tamen
2579 1451 2815 1499 omnium
2840 1464 2954 1498 esse
2975 1450 3129 1498 ﬁdem
3161 1464 3265 1512 qua
3287 1451 3351 1498 ad
3383 1450 3668 1498 beatitudi-

2235 1529 2357 1564 nem
2381 1514 2705 1578 pervenitur.
2729 1514 2873 1560 Hanc
2890 1517 3065 1561 autem
3085 1512 3240 1578 fidam
3259 1514 3310 1560 iu
3325 1512 3532 1578 Christo
3551 1526 3668 1560 esse

2236 1575 2506 1625 definitam
2531 1577 2621 1637 qui
2643 1576 2695 1623 in
2725 1589 2883 1623 carne
2917 1575 3206 1623 resurrexit
3235 1590 3266 1622 a
3294 1575 3536 1631 mortuis,
3570 1588 3670 1622 nec

2238 1641 2338 1688 nisi
2371 1654 2465 1701 per
2496 1639 2642 1686 illum
2697 1637 2905 1685 liberari
2935 1651 3256 1699 quemquam
3287 1651 3314 1684 a
3346 1637 3669 1701 diabo|i_do-

2235 1698 2439 1751 minatu
2474 1715 2567 1763 per
2619 1698 2987 1749 remissionem
3034 1698 3407 1763 peécatorum;
3455 1705 3509 1763 et
3551 1698 3669 1763 fuse

2237 1761 2760 1813 ostenditdiabolum
2785 1775 2890 1810 non
2917 1763 3169 1821 potentia,
3194 1761 3506 1824 sedjustitia
3528 1761 3670 1810 vinci

2238 1842 2268 1875 a
2285 1827 2489 1875 Christo
2509 1826 2770 1872 .lebuisse.
2788 1824 3020 1872 Tandem
3043 1824 3202 1886 hujus
3219 1823 3378 1872 verba
3399 1823 3522 1872 fidei
3543 1824 3669 1871 dum

2238 1890 2504 1937 memoriae
2528 1889 2866 1942 mandantur,
2889 1888 3061 1934 inesse
3099 1887 3386 1948 quamdam
3409 1887 3462 1934 in
3487 1886 3671 1934 animo

2240 1953 2551 2004 trinitatem,
2583 1952 2708 2012 quia
2746 1953 2797 2012 et
2844 1951 2894 2012 in
2929 1949 3185 2012 memoria
3214 1953 3339 1997 sunt
3379 1950 3668 1996 verborum

2240 2015 2376 2069 soni,
2409 2013 2562 2061 etiam
2596 2010 2812 2074 quando
2844 2010 3011 2074 homo
3044 2011 3166 2058 inde.
3198 2024 3305 2074 non
3354 2011 3587 2074 cogitat:
3622 2013 3676 2074 et

2241 2077 2364 2124 inde.
2399 2071 2659 2123 formatur
2673 2075 2810 2121 acies
2832 2073 3217 2121 recordationis
3235 2073 3350 2135 ejus
3366 2073 3586 2134 quando
3607 2071 3672 2120 de

2243 2138 2324 2186 his
2345 2140 2562 2197 conitat;
2588 2144 2639 2184 et
2660 2137 2871 2184 demum
2896 2135 3140 2184 voluntas
3161 2135 3491 2185 recordantis
3512 2140 3672 2198 atque

2243 2201 2519 2257 cogitantis
2547 2204 2829 2260 utrumque
2860 2197 3155 2260 conjungit.
3271 2259 3306 2260 77
3356 2259 3359 2260 7
3565 2197 3838 2246 1013-1014

2180 2263 2345 2332 Carnr
2375 2277 2582 2332 Paruum.
2603 2263 2884 2322 Sapientia:
2906 2259 3400 2332 et77scieiitize_officia
3419 2273 3485 2308 ex
3503 2260 3674 2332 Scrip-

2244 2325 2375 2373 turis
2406 2326 2705 2372 discernere
2736 2324 3059 2382 aggreditur.
3094 2324 3160 2370 Ex
3198 2323 3422 2370 Joannis
3453 2323 3674 2371 exordio

2246 2388 2347 2435 alia
2377 2388 2510 2435 dicta
2545 2387 2607 2433 ad
2641 2386 2976 2447 sapientiam,
3009 2385 3115 2433 alia
3146 2385 3208 2433 ad
3242 2385 3520 2432 scientiam
3553 2398 3672 2446 pcr-

2246 2451 2434 2498 tinere.
2457 2448 2709 2506 Quaedam
2740 2448 2808 2495 ibi
2835 2447 2952 2494 fidei
2983 2451 3188 2496 tantum
3212 2447 3412 2496 auxilio
3443 2448 3677 2501 cognita.

2245 2513 2520 2568 Quomodo
2552 2513 2707 2559 tidem
2756 2523 2874 2571 quas
2907 2510 2962 2557 in
2993 2512 3148 2558 nobis
3187 2514 3266 2558 est
3306 2510 3566 2556 videmus.
3619 2510 3676 2557 In

2246 2575 2429 2622 eadem
2476 2574 2698 2621 .loannis
2746 2573 3068 2628 narratione,
3119 2573 3219 2620 alia
3265 2576 3391 2620 sunt
3439 2572 3677 2634 corporis

2247 2651 2423 2690 sensu,
2457 2636 2560 2684 alia
2585 2640 2790 2682 tantum
2824 2636 2985 2682 animi
3015 2634 3220 2682 ratione
3249 2635 3482 2694 cognita.

2183 2699 2246 2748 II.
2278 2700 2430 2747 Fides
2460 2713 2542 2746 res
2572 2697 2764 2750 cordis,
2797 2710 2905 2744 non
2936 2699 3188 2758 corporis,
3221 2697 3494 2759 quomodo
3539 2708 3678 2744 com-

2246 2763 2422 2810 munis
2443 2765 2493 2810 et
2525 2773 2629 2809 una
2650 2759 2888 2808 omnium
2913 2761 3260 2807 credentium.
3289 2759 3441 2806 Fides
3462 2759 3677 2806 creden-

3701 767 3827 814 1009

3703 1017 3826 1064 1011

3694 2630 3833 2679 Ibid.

2245 2825 2375 2872 tium
2408 2838 2533 2880 una,
2567 2836 2672 2869 non
2697 2836 2849 2870 secus
2871 2836 2931 2870 ac
2954 2822 3241 2870 volentium
3276 2821 3524 2870 voluntas
3549 2833 3675 2868 una.
3715 2819 3837 2867 1016

2184 2887 2267 2934 Ill.
2302 2886 2607 2934 Voluptates
2645 2887 2888 2946 quaedam
2935 2885 3132 2933 eaedem
3168 2883 3406 2932 omnium
3451 2883 3680 2946 singulis

2247 2954 2406 2996 notae.
2441 2949 2639 2996 Ennius
2671 2951 2839 3005 poeta.

2183 3011 2263 3060 IV.
2293 3010 2633 3058 Beatitudinis
2653 3009 2910 3057 habenda:
2932 3007 3181 3057 voluntas
3202 3021 3311 3056 una
3327 3007 3565 3056 omnium
3583 3007 3678 3054 sed

2246 3073 2310 3121 de
2341 3072 2813 3136 ipsabeatitudine
2835 3071 3064 3119 varietas
3094 3084 3288 3134 magna
3318 3071 3676 3119 voluntatum.
3716 3070 3834 3136 1010

2184 3136 2242 3183 ν.
2279 3137 2346 3183 De
2365 3134 2565 3182 eadem
2596 3149 2670 3182 re.
3716 3134 3836 3180 1019

2183 3197 2268 3246 Vl.
2301 3197 2404 3245 Cur
2431 3212 2550 3244 cum
2581 3194 2959 3244 omnes‘velint
2983 3194 3389 3252 beatitudinem,
3436 3193 3488 3242 id
3521 3193 3680 3256 eliga-

2247 3264 2333 3307 tur
2360 3264 2554 3322 potius,
2589 3273 2693 3321 quo
2725 3258 2791 3305 ab
2823 3272 2883 3305 ea
2918 3259 3200 3322 receditur.
3235 3320 3243 3322 7
3285 3318 3296 3322 _
3468 3317 3481 3322 _
3716 3257 3833 3305 1020

2185 3322 2290 3371 Vll.
2310 3317 2461 3370 Fides
2483 3317 2799 3374 necessaria,
2821 3324 2879 3368 ut
2898 3320 3182 3382 aliquando
3205 3320 3270 3366 sit
3285 3317 3680 3382 homo77beatus,

2248 3386 2385 3446 quod
2411 3385 2623 3432 nonnisi
2646 3385 2699 3430 in
2726 3384 2902 3446 futura
2920 3383 3022 3446 vita
3044 3385 3419 3446 consequetur.
3447 3381 3681 3446 Philoso-

2247 3440 2362 3494 r7um
2384 3449 2731 3508 superborum
2756 3445 2975 3508 ridenda
2993 3451 3041 3508 et
3059 3440 3358 3492 miseranda
3377 3443 3676 3491 beatitudo.
3703 3440 3835 3508 Ibid.

2185 3510 2312 3558 Vlll.
2343 3506 2616 3557 Beatitudo
2649 3509 2762 3555 sine
2787 3506 3174 3556 immortalitate
3205 3520 3312 3554 non
3345 3509 3523 3567 potest
3544 3518 3680 3553 esse.
3720 3507 3836 3554 1022

2186 3572 2269 3620 IX.
2298 3573 2410 3620 Non
2430 3571 2676 3619 humanis
2697 3569 3268 3627 argumentationibus,
3287 3570 3377 3616 sed
3395 3568 3516 3615 ﬁdei
3534 3567 3683 3616 auxi—

2247 3635 2316 3682 lio
2347 3633 2571 3682 dicimus
2591 3633 2971 3681 beatitudinem
2999 3631 3231 3679 futuram
3255 3644 3369 3678 esse
3399 3644 3522 3678 vere
3545 3643 3681 3678 sem-

2249 3697 2528 3757 piternam.
2561 3697 2630 3743 Ex
2665 3695 2755 3743 filii
2790 3695 2880 3742 Dei
2921 3695 3286 3742 incarnatione
3326 3693 3595 3741 credibilis
3624 3691 3682 3740 ﬁt

2250 3759 2616 3808 immortalitas
2646 3757 3009 3806 beatitudinis.

2185 3821 2243 3870 X.
2280 3823 2646 3870 lncarnatione
2683 3820 2837 3868 Verbi
2869 3817 3271 3867 convenientior
3300 3830 3408 3866 non
3441 3817 3540 3865 fuit
3570 3829 3683 3864 mo-

2249 3883 2348 3932 dus
2379 3884 2512 3932 alius
2543 3882 2804 3931 liberandi
2838 3881 3070 3929 hominis
3099 3894 3128 3928 a
3158 3879 3496 3928 mortalitatis
3528 3879 3682 3927 mise-

2249 3946 2342 3994 ria.
2377 3947 2558 3995 Merita
2587 3959 2706 4007 quia
2737 3945 2986 4007 dicuntur
3013 3946 3214 4007 nostra,
3244 3942 3385 3990 dona
3411 3945 3538 4007 sunt
3568 3941 3680 3988 Dei.
3719 3942 3835 3990 1021

2185 4008 2267 4058 Xl.
2302 4005 2616 4062 Difficultas,
2642 4007 2911 4068 quomodo
2940 4006 3213 4069 iustificati
3255 4019 3441 4052 sumus
3472 4005 3524 4053 in
3558 4017 3683 4052 san-

2250 4072 2411 4137 guine
2446 4071 2554 4119 Filii
2579 4071 2695 4137 Dei.
2815 4131 2823 4137 _
2859 4129 2872 4137 _
3135 4133 3143 4137 _
3289 4131 3298 4137 _

2185 4127 2290 4182 XII.
2325 4134 2517 4182 Omnes
2548 4136 2762 4192 propter
2799 4129 2924 4180 Adin
2970 4133 3240 4192 peccatum
3286 4127 3466 4176 traditi
3503 4128 3559 4176 in
3590 4140 3684 4190 po-

2251 4199 2492 4244 testatem
2533 4192 2748 4242 diaboli.
3719 4192 3839 4239 1026

2187 4259 2316 4308 Xlll.
2352 4259 2479 4320 Non
2496 4257 2732 4320 potentia
2753 4255 2842 4303 sed
2861 4255 3068 4318 justitia
3089 4253 3362 4304 eruendus
3391 4251 3553 4302 homo
3582 4252 3686 4301 fuit

2250 4313 2902 4385 adialiolipotestate._7_7
3175 4379 3204 4385 Α.
3259 4379 3273 4385 _
3407 4379 3417 4385 _
3625 4376 3660 4385 η

2187 4383 2312 4431 XIV.
2336 4383 2521 4431 Christi
2541 4379 2686 4430 iners
2708 4380 2944 4428 indebita
2968 4379 3212 4428 liberavit
3227 4379 3484 4428 obnoxios
3503 4379 3678 4426 morti.
3719 4379 3837 4426 1021

2189 4445 2290 4494 XV.
2324 4446 2394 4494 De
2428 4446 2612 4492 eodem
2645 4448 2977 4506 argumento.
3062 4504 3090 4506 __
3209 4503 3219 4506 _
3369 4502 3381 4506 _
3510 4502 3520 4506 _
3586 4501 3599 4506 _
3720 4441 3839 4489 1028

2187 4507 2314 4555 XVI.
2349 4508 2602 4565 Reliquim
2623 4501 2806 4556 mortis
2836 4509 2887 4554 ct
2917 4504 3095 4552 szrculi
3123 4503 3258 4552 mala
3289 4502 3487 4551 cedunt.
3509 4502 3564 4550 in
3586 4501 3683 4550 bo-

2253 4583 2380 4618 num
2431 4571 2626 4618 electis.
2676 4570 2842 4626 Quam
2894 4567 3275 4615 convenienter
3321 4565 3490 4613 electa
3538 4577 3686 4612 mors

2251 4631 2459 4697 Christi,
2491 4637 2545 4680 ut
2570 4632 2984 4697 justiticaremur
3016 4630 3068 4676 in
3094 4629 3353 4689 sanguine
3383 4628 3569 4690 ipsius.
3602 4628 3686 4676 Ira

2253 4695 2344 4744 Dei
2373 4709 2490 4744 qua:
2521 4699 2604 4742 ait.

2257 4710 2344 4744 Uei
2373 4710 2490 4758 qua:
2521 4710 2604 4742 sn.

2189 4757 2338 4806 XVII.
2369 4758 2482 4807 Alia
2511 4755 2892 4805 incarnationis
2921 4753 3217 4802 commoda.

2188 4820 2363 4869 XVIII.
2393 4821 2493 4868 Cur
2521 4819 2679 4867 Filius
2711 4819 2799 4866 Dei
2832 4817 3101 4865 hominem
3125 4815 3360 4878 suscepit
3387 4814 3452 4864 de
3485 4826 3684 4877 genere

2253 4882 2394 4939 Adae,
2428 4885 2481 4930 et
2509 4896 2569 4929 ex
2601 4882 2820 4936 virgine.

2189 4943 2315 4992 XIX.
2349 4944 2480 5001 Quid
2515 4944 2578 4991 ad
2609 4943 2898 4998 scientiam,
2922 4939 3048 5003 quid
3082 4939 3147 4988 ad
3178 4939 3495 5002 sapientiam
3526 4939 3684 5000 perti-

2255 5012 2378 5055 neat
2407 5007 2458 5054 in
2491 5007 2662 5054 Verbo
2693 5007 2986 5052 incarnalo.

2191 5069 2294 5118 XX.
2325 5069 2457 5126 Quid
2487 5074 2659 5117 actum
2691 5068 2743 5116 in
2775 5067 2875 5115 hoc
2921 5066 3074 5114 libro.
3105 5064 3379 5127 Quomodo
3423 5063 3683 5127 gradatim

2253 5125 2565 5193 perventum
2598 5135 2675 5179 est
2704 5129 2768 5178 ad
2815 5129 3102 5193 trinitatem
3150 5125 3449 5193 quamdam
3478 5139 3596 5190 qua:
3626 5125 3682 5174 in

2255 5190 2476 5242 scientia
2505 5193 2674 5242 activa
2705 5196 2756 5241 et
2783 5205 2909 5240 vera
2938 5190 3039 5238 ﬂde
3072 5190 3351 5250 reperitur.

2193 5257 2340 5306 Linea
2374 5270 2594 5312 thnrs
2616 5268 2840 5303 DECIMUS.
2859 5280 2915 5288 —
2940 5254 3010 5301 De
3027 5253 3286 5315 sapientia
3307 5251 3542 5315 hominis
3561 5263 3685 5298 vera

2255 5320 2394 5367 dicit.
2431 5320 2720 5366 ostendens
2762 5317 3046 5379 imaginem
3089 5312 3202 5379 Dei,
3233 5315 3372 5377 quod
3420 5319 3500 5361 est
3528 5312 3686 5379 homo

2255 5382 2548 5429 secundum
2582 5385 2832 5434 mentem,
2874 5375 2981 5426 non
3023 5375 3324 5439 propriein
3357 5375 3686 5439 transeunti-

2255 5444 2373 5498 bus,
2404 5443 2567 5492 veluti
2589 5445 2640 5491 in
2666 5442 2939 5497 memoria,
2971 5437 3239 5487 intellectu
3264 5444 3316 5487 et
3343 5452 3542 5492 amore,
3573 5437 3686 5485 sive

2255 5506 2423 5565 ipsius
2445 5505 2745 5567 temporalis
2769 5504 2905 5561 fidei,
2929 5503 3038 5567 sive
3061 5502 3219 5550 etiam
3245 5502 3440 5567 mentis
3469 5501 3609 5567 circa
3629 5513 3686 5547 se

2256 5563 2422 5630 ipsam
2475 5563 2751 5625 versantis,
2799 5568 2888 5614 sed
2931 5565 2986 5614 in
3032 5565 3477 5630 permanantibus
3525 5563 3687 5610 rebus

2255 5627 2563 5679 collocatam
2590 5645 2600 5691 ;
2628 5644 2688 5678 ac
2717 5644 2832 5677 eam
2872 5633 3000 5676 tunc
3030 5627 3574 5691 perlici,_cum_men_s
3604 5637 3683 5672 re-

2256 5699 2484 5741 novatur
2515 5695 2564 5740 iu
2591 5688 2883 5750 agnitione.
2930 5691 3015 5737 Dei
3055 5689 3351 5736 secundum
3396 5688 3683 5743 imaginem

2255 5756 2369 5814 ejus
2399 5758 2487 5816 qui
2519 5757 2716 5802 creavit
2737 5753 3092 5816 boniineinad
3119 5752 3406 5816 imaginem
3437 5763 3610 5804 suam,
3633 5753 3687 5796 et

2254 5813 2327 5866 sic
2345 5813 2566 5881 percipit
2582 5817 2919 5881 Sapientiam,
2939 5815 3028 5866 ubi
3044 5813 3422 5877 contemplatio
3438 5817 3520 5862 est
3535 5817 3685 5881 inter:

2255 5875 2466 5930 norum.
2493 5875 2507 5881 7
2653 5875 2665 5881 7
2910 5875 2914 5876 ⁷
3265 5875 3278 5877 7
3571 5875 3839 5924 1035-1036

3713 2947 3832 2993 1017

3719 3755 3836 3802 1023

3720 4067 3839 4114 1025

3721 4689 3840 4738 1029

3722 4752 3833 4799 1031

3722 4875 3840 4924 1032

3720 5002 3839 5048 1033

3722 5188 3839 5237 1031
